4020 6146
387 305 543 405 mi

1526 343 1825 404 IOMILIA
1864 341 2151 403 ΙΙΙ.--Ι)Ε
2187 325 2586 401 CONVIVIU-

3528 349 3672 413 1442

400 454 601 526 ’Κυρίῳ
644 453 849 516 ἐσθίει,
901 452 995 506 καὶ
1033 450 1362 522 εὐχαριστεῖ
1399 453 1480 524 τῷ
1508 453 1662 523 Θεῷο
1718 452 1811 507 καὶ
1843 453 1871 505 6
1901 451 1976 521 μὴ

2079 458 2173 504 aut
2224 449 2374 504 cadit
2413 449 2485 500 νυ.
2522 463 2544 496 ι
2590 434 2794 497 Iterum
2830 463 2844 500 :
2882 465 2902 501 ι
2936 450 3037 517 Qui
3074 451 3388 518 manducat,
3434 455 3669 513 Domino

412 545 634 609 ἐσθίων,
684 543 874 614 Κυρίῳ
916 544 1017 597 οὐκ
1059 538 1255 595 ἐσθίει.
1284 561 1303 592 ›
1345 574 1410 583 -
1449 562 1468 595 ι
1497 541 1590 614 Μὴ
1620 543 1807 596 ἐνεκεν
1835 538 1979 612 βρώ-

414 651 583 704 ματος
638 633 813 686 κώλυε
867 631 927 685 τὸ
971 632 1132 701 ἔργον
1183 632 1277 685 τοῦ
1325 632 1482 686 Θεοῦ.
1511 651 1530 685 ι
1592 634 1702 686 Καὶ
1746 632 1978 700 ἐπάγει·

417 745 437 778 ‹
486 725 668 779 Πάντα
719 723 819 794 μὲν
873 725 1129 796 καθαρὰ,
1187 725 1323 779 ἀλλὰ
1371 725 1544 779 κακὸν
1589 723 1665 795 τῷ
1709 723 1982 794 ἀνθρώπῳ

409 816 485 886 τῷ
532 815 628 885 διὰ.
664 815 1091 886 προσκόμματος
1138 816 1394 869 ἐσθίοντι.
1424 833 1442 867 ι
1475 815 1605 879 Καὶ,
1632 806 1665 866 ἰ
1696 816 1982 884 Μακάριος

408 908 437 960 6
470 907 546 979 μὴ
579 906 780 977 κρίνων
808 907 999 960 ἐαυτὸν
1035 908 1092 959 ἐν
1117 900 1161 974 ᾧ
1192 905 1495 975 δοκιμάζει.
1539 905 1597 959 '0
1625 904 1682 957 δέ
1710 903 1983 974 διακρινό-

302 988 328 997 ’
415 1014 574 1068 μενος
602 997 696 1050 ἐὰν
721 998 895 1068 φάγῃ,
927 998 1351 1068 κατακέκριται,
1379 997 1460 1049 ὅτι
1485 996 1584 1049 οὐκ
1606 998 1668 1049 ἐκ
1690 995 1974 1057 πίστεως.»

410 1117 476 1129 -
504 1106 523 1140 t
555 1087 761 1160 Βρῶμα
786 1089 843 1141 δὲ
872 1089 1021 1159 ἡμᾶς
1051 1089 1353 1159 παρίστησι
1379 1088 1396 1127 i
1432 1085 1510 1157 τῷ
1537 1084 1674 1155 Θεῷ.
1712 1084 1848 1138 Οὔτε
1873 1084 1981 1155 γὰρ

412 1180 506 1234 ἐὰν
554 1180 851 1249 φάγωμεν.
908 1183 1351 1249 περισσεύομεν,
1422 1177 1551 1231 οὐτε
1606 1177 1701 1231 ἐὰν
1756 1178 1830 1249 μὴ
1881 1177 1983 1246 φά-

411 1287 619 1340 γωμεν,
645 1268 1022 1341 ὑστερούμεθα
1043 1271 1057 1320 t
1077 1290 1122 1323 .i
1163 1271 1274 1324 Kal.
1302 1272 1332 1324 6
1357 1272 1767 1340 Παροιμιαστής
1789 1286 1802 1302 ·
1845 1288 1865 1321 ι
1888 1270 2002 1341 Μὴ-

410 1363 700 1434 ἀπατηθῇς
747 1365 1058 1435 χορτασίᾳιί
1089 1364 1321 1427 κοιλίας.
1377 1364 1539 1434 Ψυχὴ
1572 1365 1681 1435 γὰρ
1740 1366 1797 1418 ἐν
1843 1363 1981 1433 πλη-

413 1459 585 1526 σμονῇ
616 1452 753 1508 οὖσα
775 1455 989 1527 κηρίοις
1021 1456 1283 1527 ἐμπαίζει
1306 1454 1326 1494 1
1348 1472 1359 1487 ·
1396 1455 1544 1527 ψυχῇ
1575 1456 1631 1509 δὲ
1661 1456 1847 1515 ἐνδεεῖ.
1884 1456 1981 1508 καὶ

405 1547 476 1600 τὰ
522 1548 698 1618 πικρὰ
753 1548 961 1616 γλυκέα
1035 1549 1306 1618 φαίνεται.
1344 1567 1363 1599 ι
1425 1549 1484 1600 Ὁ
1528 1548 1586 1601 δὲ
1638 1548 1976 1615 Ἀπόστολος,

409 1638 722 1710 καθαρίζων
752 1642 821 1694 τὰ
854 1640 1139 1711 βρώματα,
1168 1640 1366 1710 φησίν·
1410 1657 1428 1690 ι
1461 1642 1527 1693 ’Ἀ
1559 1642 1586 1693 6
1612 1640 1742 1702 Θεὸς
1768 1639 1979 1693 ἔκτισεν

408 1732 488 1794 είς
528 1731 831 1802 μετάληψιν
889 1733 1026 1802 μετὰ
1064 1732 1421 1804 εὐχαριστίας
1448 1716 1561 1795 τοῖς
1585 1733 1830 1795 πιστοῖς,
1880 1734 2009 1791 καὶτ

2082 541 2399 605 manducat,
2429 548 2489 596 et
2516 534 2724 609 gratias
2761 541 2874 612 agit
2897 543 3010 601 Deo
3052 543 3116 595 ⁹¹.
3155 562 3173 595 ›
3206 544 3461 600 Rursus:
3497 566 3515 598 ι
3539 549 3664 603 Noli

2080 640 2311 700 propter
2356 630 2546 685 cibum
2604 627 2841 697 perdere
2880 645 3019 699 opus
3066 632 3162 684 Dei
3212 634 3279 685 ".
3312 652 3331 683 ι
3391 634 3661 691 lnducit:

2092 739 2110 772 ι
2141 720 2336 776 Omnia
2385 721 2612 790 quidem
2647 720 2872 784 munda,
2919 720 3015 773 sed
3068 721 3270 773 malum
3302 731 3407 783 est,
3437 734 3666 795 propter

2083 810 2480 865 offendiculum
2533 809 2871 863 manducare
2909 810 2975 861 ⁸³.
3016 827 3034 859 ›
3079 809 3144 862 Ει
3189 827 3201 862 :
3259 830 3275 859 ι
3313 810 3514 868 Beatus
3565 818 3660 885 qui

2084 916 2195 955 non
2241 901 2456 971 iudicat
2488 901 2753 969 seipsum,
2801 901 2856 953 in
2893 915 2959 954 eo
2996 901 3139 969 quod
3174 902 3391 969 probat.
3426 904 3530 969 Qui
3561 922 3662 960 au-

2084 998 2195 1044 tem
2239 990 2528 1063 discernit,
2561 990 2605 1043 si
2631 990 2905 1053 comedat,
2953 989 3364 1043 damnationem
3400 992 3659 1061 incurrit,

2083 1082 2214 1151 quia
2265 1097 2376 1136 non
2407 1097 2474 1136 ex
2510 1081 2614 1135 fide
2648 1081 2716 1134 ".
2754 1100 2862 1132 ι--
2889 1100 2906 1132 ι
2952 1081 3343 1136 Verumtamen
3378 1099 3504 1138 esca
3558 1102 3662 1142 nos

2081 1171 2437 1226 commendat
2487 1171 2631 1235 Deo;
2682 1185 2864 1239 neque
2900 1170 2945 1223 si
2991 1170 3368 1234 comedamus,
3409 1173 3663 1228 abunda-

2081 1258 2289 1321 bimus,
2343 1274 2525 1328 neque
2559 1260 2604 1312 si
2640 1274 2753 1313 non
2804 1259 3231 1324 comederimus,
3268 1263 3452 1316 minus
3489 1264 3654 1321 habe-

2081 1349 2279 1404 bimus
2297 1351 2368 1404 ".
2397 1370 2415 1401 ι
2453 1350 2876 1423 Parcemiastes:
2914 1369 2933 1401 ι
2961 1351 3116 1425 Νεηιο
3137 1351 3380 1422 decipiat
3402 1355 3662 1410 saturitas

2078 1436 2318 1491 ventris.
2366 1436 2565 1491 Anima
2596 1439 2745 1492 enim
2776 1445 2963 1493 satura
2994 1439 3180 1494 illudit
3230 1441 3406 1508 favis;
3463 1446 3661 1501 animae

2082 1538 2268 1583 autem
2288 1530 2581 1595 esurienti,
2608 1530 2776 1584 etiam
2801 1546 3008 1594 amara,
3035 1532 3220 1587 dulcia
3245 1534 3506 1589 videntur
3536 1537 3601 1591 “.
3635 1555 3654 1588 ι

2081 1617 2378 1688 Apostolus
2432 1611 2725 1673 insinuans
2761 1620 2974 1673 nullum
3008 1635 3120 1675 non
3158 1622 3270 1675 cibi
3319 1638 3495 1692 genus
3537 1640 3660 1681 esse

2081 1709 2373 1774 mundum,
2405 1709 2483 1763 ait
2514 1725 2530 1762 :
2581 1729 2601 1761 ι
2635 1709 2783 1776 Quos
2815 1711 2962 1765 Deus
2995 1713 3208 1766 creavit
3246 1713 3314 1767 ad
3350 1715 3662 1784 percipien-

407 1784 818 1890 ἐπεγνωκόσὶλιι-
846 1784 944 1890 τήν
991 1784 1251 1893 ἀλήθειαν
1272 1864 1288 1889 ,
1600 1784 1969 1893 actioni-1.8565

2079 1799 2209 1854 dum
2241 1800 2370 1855 cum
2421 1801 2723 1871 gratiarum
2778 1802 2998 1857 actione
3035 1802 3296 1858 ﬁdelibus
3332 1814 3390 1859 et
3439 1807 3508 1861 iis
3562 1807 3655 1875 qui

406 1911 573 1965 καλὸν
591 1952 606 1976 ,
654 1912 750 1965 καὶ
777 1912 928 1965 οὐδὲν
954 1912 1260 1991 ἀπόϐλητον
1292 1913 1431 1983 μετὰ
1457 1914 1810 1985 εὐχαριστίας
1833 1915 1971 1985 λαμ-

356 2033 360 2036 ⁶
406 2001 727 2074 ϐανόμενον.
774 2002 1093 2071 Ἀγιάζεται
1139 2004 1251 2074 γὰρ
1305 2003 1393 2057 διὰ
1437 2004 1598 2072 λόγου
1650 2005 1743 2058 καὶ
1770 2005 1970 2075 ,ἐντεύ-

405 2079 562 2160 ξεως.
590 2113 610 2146 ι
652 2094 785 2157 Καὶ,
830 2112 847 2145 ι
871 2094 1063 2148 Πάντα
1089 2093 1305 2164 καθαρὰ
1330 2096 1443 2157 τοῖς
1472 2095 1754 2167 καθαροῖς.
1781 2115 1799 2147 ι
1837 2098 1968 2161 Καὶ,

408 2202 427 2235 ι
463 2184 559 2247 Et;
597 2183 658 2236 τδ
702 2186 896 2251 φαγεῖν
932 2183 1202 2254 ἀλλήλους
1229 2184 1543 2254 ἐκδέχεσθε.
1572 2203 1591 2237 ι
1629 2188 1767 2257 Φησὶ
1792 2186 1849 2239 δὲ
1878 2188 1972 2240 καὶ

400 2273 428 2324 6
449 2272 644 2341 νόμοςο
680 2291 699 2323 ι
724 2271 922 2340 Φαγὼν
946 2274 1043 2326 καὶ
1071 2272 1430 2343 ἐμπλησθεὶς,
1456 2273 1748 2345 εὐλόγησαν
1769 2277 1973 2347 Κύριον

394 2362 492 2415 ’τὸν
517 2362 651 2416 Θεόν
686 2378 803 2416 σου.
837 2380 857 2413 ι
914 2364 1027 2416 Καὶ
1075 2365 1103 2416 ό
1140 2364 1306 2418 Δαὸὶδ
1355 2366 1696 2436 εὐχαριστῶν
1746 2367 1932 2435 ἐλεγεν
1954 2382 1968 2396 ⁸

396 2472 426 2505 4
460 2454 713 2516 Ἔδωκας
757 2455 1102 2525 εὐφροσύνην
1157 2459 1237 2519 εἰς
1280 2457 1381 2527 τὴν
1423 2458 1652 2529 καρδίαν
1693 2440 1830 2529 μου,
1866 2459 1974 2513 ἀπὸ

396 2542 619 2611 καρποῦ
678 2543 828 2596 σίτου
885 2545 983 2597 καὶ
1023 2545 1168 2598 οίνου
1203 2546 1297 2598 καὶ
1327 2545 1534 2600 ἐλαίου.
1568 2566 1587 2598 ι
1631 2547 1744 2600 Καὶ
1770 2547 1969 2601 πάλιν

392 2649 426 2682 ιι
458 2632 582 2685 Ὅτι
613 2632 874 2702 ἐχόρτασε
907 2633 1087 2704 ψυχὴν
1115 2633 1277 2703 κενὴν
1296 2675 1311 2699 ,
1364 2636 1461 2689 καὶ
1489 2635 1668 2707 ψυχὴν
1698 2637 1972 2691 πεινῶσαν

388 2721 700 2790 ἐνέπλησεν
720 2722 964 2790 ἀγαθῶν.
980 2741 998 2774 ι
1022 2723 1080 2776 ὐ
1096 2724 1151 2776 δέ
1173 2723 1376 2787 ἀγαθὸς
1396 2725 1617 2793 Κύριος,
1641 2724 1808 2778 θέλων
1829 2727 1975 2797 ἡμᾶς

407 2815 837 2883 μετριοφρονεῖν,
859 2814 1026 2883 φησίν
1045 2831 1060 2845 ·
1088 2833 1107 2866 ι
1133 2815 1302 2868 Ὅταν
1331 2815 1596 2887 καθίσῃςιι
1623 2819 1700 2881 είς
1727 2816 1970 2887 ἄριστον,

392 2903 482 2972 -μὴ
511 2904 846 2975 κατακλιθῇς
878 2906 958 2968 είς
985 2906 1386 2976 πρωτοκλισίαν
1408 2945 1424 2973 ,
1491 2909 1565 2977 μή
1600 2925 1728 2961 ποτε
1757 2911 1970 2978 ἐντιμό-

401 2990 560 3063 τερός
592 3009 687 3045 σου
786 2995 1118 3064 κεκλημένος
1157 2996 1249 3048 ὐπ’
1279 2996 1450 3050 αὐτοῦ
1476 3013 1491 3028 θ
1530 2997 1625 3051 καὶ
1657 2998 1824 3051 ἐλθὼν
1856 3001 1884 3052 6
1912 2997 1973 3051 σὲ

2076 1898 2423 1959 agnoverunt
2470 1890 2789 1957 veritatem,
2839 1891 2969 1960 quia
3022 1894 3204 1948 omnis
3254 1903 3512 1949 creatura
3559 1896 3657 1951 Dei

2078 1980 2222 2034 bona
2271 1988 2377 2044 est,
2432 1990 2488 2035 et
2540 1982 2683 2036 nihil
2731 1983 3128 2052 abjiciendum,
3179 1984 3327 2054 quod
3376 2001 3502 2040 cum
3533 2002 3661 2057 gra-

2080 2070 2285 2125 tiarum
2336 2072 2554 2127 actione
2608 2073 2897 2127 sumitur:
2942 2074 3321 2130 sanctificatur
3353 2076 3499 2130 enim
3556 2092 3660 2147 per

2077 2162 2310 2216 verbum
2332 2163 2430 2216 Dei
2458 2172 2513 2217 et
2538 2164 2846 2218 orationem
2872 2166 2940 2218 ’⁷.
2984 2183 3001 2216 ι
3041 2165 3111 2220 Ει
3142 2183 3155 2219 :
3185 2184 3202 2217 ι
3222 2164 3419 2221 Omnia
3451 2168 3655 2223 munda

2078 2254 2303 2310 mundis
2333 2257 2400 2312 ⁸⁸.
2435 2275 2455 2307 ι
2493 2257 2563 2311 Et
2594 2272 2625 2311 :r
2652 2276 2671 2308 ι
2703 2257 2784 2311 Ad
2825 2257 3267 2312 manducandum
3294 2257 3530 2313 invicem
3558 2275 3658 2313 ex-

2078 2353 2329 2415 spectate
2379 2348 2446 2401 ”.
2490 2365 2510 2405 ι
2561 2346 2674 2413 Lex
2709 2349 2981 2417 insuper:
3030 2367 3048 2399 ι
3082 2348 3220 2402 Dum
3262 2350 3569 2406 comederis
3599 2359 3658 2407 et

2072 2447 2350 2493 saturatus
2369 2438 2561 2503 fueris,
2577 2439 2893 2494 benedicito
2908 2438 3199 2494 Dominum
3218 2441 3386 2495 Deum
3408 2451 3561 2496 tuum
3578 2443 3649 2498 ³.»

2071 2530 2268 2592 David,
2292 2531 2745 2601 Deoneutiquam
2808 2532 3093 2601 ingratus:
3124 2552 3142 2582 ι
3176 2534 3408 2596 Dedisti,
3445 2535 3650 2603 inquit,

2072 2622 2318 2677 laetitiam
2343 2623 2400 2677 in
2431 2624 2596 2678 corde
2623 2638 2764 2685 meo.
2798 2639 2827 2677 a
2857 2624 3041 2678 fructu
3067 2624 3334 2679 frumenti
3358 2634 3415 2679 et
3434 2624 3542 2679 olei
3564 2628 3607 2682 ³.
3626 2643 3647 2679 ι

2074 2715 2279 2770 lterum
2319 2734 2333 2770 :
2376 2735 2395 2767 ι
2430 2717 2569 2783 Quia
2628 2718 3115 2773 satiavitanimam
3140 2719 3383 2785 inanem,
3433 2729 3491 2775 et
3522 2721 3651 2776 ani-

2078 2822 2223 2862 mam
2255 2808 2592 2882 esurientem
2615 2810 2882 2863 saturavit
2907 2810 3068 2865 bonis
3091 2812 3130 2863 ³.
3155 2830 3174 2862 ›
3210 2810 3455 2880 Cupiens
3484 2827 3655 2880 porro

2075 2898 2364 2966 Dominus,
2391 2901 2628 2955 modesti
2657 2910 2716 2954 ut
2747 2902 2920 2957 simus
2959 2917 3022 2957 ac
3049 2902 3191 2973 frugi
3223 2902 3496 2965 homines,
3532 2904 3610 2956 ait
3636 2921 3651 2957 :

2084 3009 2104 3042 ι
2144 2991 2374 3057 Quando
2410 2993 2677 3047 invitatus
2722 2979 2896 3048 fueris
2940 2994 3008 3047 ad
3077 2994 3394 3063 prandium,
3440 3008 3511 3048 ne
3560 3009 3655 3049 eas

400 3084 500 3135 καὶ
550 3084 759 3137 ἐκεῖνον
806 3084 1043 3148 καλέσας
1068 3127 1083 3151 ,
1133 3086 1252 3157 ἐρεῖ
1286 3103 1366 3139 σοι
1390 3102 1406 3117 σ
1453 3089 1552 3150 Δὸς
1584 3087 1759 3159 τούτῳ
1789 3089 1969 3156 τόπον,

2079 3080 2420 3136 discubitum
2454 3083 2508 3137 in
2547 3083 2724 3152 primo
2748 3085 3025 3151 accubitu,
3064 3100 3133 3139 ne
3155 3085 3297 3140 forte
3330 3087 3654 3141 honoratior

402 3174 497 3228 καὶ
544 3175 666 3229 τότε
720 3175 860 3247 ἄρξῃ
918 3177 1037 3247 μετ’
1081 3176 1355 3247 αἰσχύνης.
1398 3179 1489 3231 τὸν
1543 3178 1771 3249 ἔσχατον
1816 3183 1979 3235 τόπον

396 3266 677 3336 μετέχειν.
743 3267 885 3320 Ἀλλ’
928 3269 1057 3321 ὅταν
1105 3268 1475 3340 κατακλιθῇς,
1529 3271 1815 3341 πορευθεὶς
1849 3272 1979 3327 ἀνά-

2082 3180 2134 3225 te
2186 3174 2373 3226 veniat
2420 3173 2683 3227 invitatus
2737 3174 2806 3227 ab
2842 3174 2956 3235 illo,
2995 3186 3053 3230 et
3114 3177 3343 3230 veniens
3377 3177 3475 3244 qui
3508 3184 3558 3230 te
3597 3184 3654 3229 et

2080 3263 2237 3318 illum
2290 3264 2566 3327 invitavit,
2621 3264 2769 3318 dicat
2825 3264 2972 3318 tibi:
3030 3265 3107 3319 Da
3149 3266 3280 3321 huic
3326 3267 3533 3332 locum,
3594 3274 3651 3321 et

405 3372 539 3409 πεσε
593 3359 672 3421 είς
717 3359 810 3411 τὸν
864 3358 1093 3429 ἔσχατον
1132 3361 1332 3424 τόπον,
1389 3360 1454 3413 ἶν’
1482 3361 1611 3414 ὅταν
1674 3361 1802 3435 ἔλθῃ
1831 3365 1977 3416 όκε-

2079 3361 2213 3409 tunc
2265 3355 2498 3424 incipies
2530 3369 2656 3409 cum
2700 3355 2911 3424 pudore
2958 3357 3322 3411 novissimum
3354 3358 3532 3411 locum
3565 3365 3650 3411 te-

402 3446 622 3516 κληκὼς
649 3465 730 3514 σε,
769 3451 897 3522 εῐπῃ
933 3467 1015 3503 σοι
1038 3467 1055 3482 θ
1078 3450 1238 3516 Φίλε,
1275 3452 1653 3522 προσανάϐηθι
1683 3452 1974 3523 ἀνώτερον.

2083 3460 2234 3501 nere.
2265 3447 2371 3501 Sed
2424 3461 2549 3501 cum
2597 3447 2860 3501 invitatus
2913 3447 3108 3511 fueris,
3166 3446 3327 3512 vade,
3364 3447 3648 3501 discumbo

399 3539 538 3591 Τότε
592 3539 747 3593 ἐσται
794 3557 877 3593 σοι
917 3540 1043 3603 δόξα
1088 3539 1322 3592 ἐνώπιον
1356 3543 1576 3595 πάντων
1605 3541 1714 3594 τῶν
1745 3558 1975 3596 συναναο

2080 3535 2137 3589 in
2163 3536 2468 3590 novissimo
2504 3537 2647 3599 loco,
2673 3544 2734 3589 ut
2754 3551 2877 3589 cum
2907 3536 3124 3590 venerit
3149 3538 3244 3605 qui
3283 3545 3333 3589 te
3365 3537 3636 3596 invitavit.

400 3626 669 3695 κειμένων
719 3644 803 3680 σοι
827 3666 843 3688 ,
898 3629 981 3680 ὅτι
1011 3629 1119 3689 πᾶς
1150 3630 1178 3680 ό
1208 3628 1359 3696 ὑψῶν
1388 3628 1605 3693 ἑαυτὸν,
1635 3630 1976 3700 ταπεινωθή-

2079 3627 2229 3682 dicat
2267 3626 2413 3680 tibi:
2448 3626 2658 3689 Amice,
2706 3627 2940 3682 ascende
2991 3629 3266 3697 superius.
3326 3629 3482 3685 Tunc
3538 3630 3646 3686 erit

392 3734 556 3770 νσεται
577 3756 595 3783 ,
647 3720 743 3770 καὶ
777 3719 805 3769 6
832 3718 1110 3770 ταπεινῶν
1142 3717 1357 3781 ἐαυτὸν,
1397 3717 1764 3786 ὑψωθήσεται.
1795 3738 1814 3770 ι
1865 3720 1976 3773 Καὶ

2079 3718 2181 3772 tibi
2237 3718 2416 3788 gloria.
2458 3731 2645 3772 coram
2679 3717 2937 3771 omnibus
2989 3718 3088 3773 tibi
3140 3719 3642 3784 accumbentibus;

398 3807 572 3862 ταῦτα
603 3807 705 3878 μὲν
736 3810 819 3871 είς
844 3809 1062 3861 σύνεσιν
1088 3808 1183 3860 καὶ
1208 3807 1482 3875 ὠφέλειαν
1509 3809 1689 3863 ἱκανά.
1716 3808 1898 3863 Καλὸν
1916 3809 1973 3861 δὲ

2079 3809 2203 3879 quia
2252 3808 2433 3863 omnis
2490 3809 2584 3876 qui
2643 3801 2702 3862 se
2747 3808 2969 3871 exaltat,
3008 3804 3416 3875 humiliabitur,
3451 3819 3509 3864 et
3547 3813 3641 3880 qui

399 3900 495 3953 καὶ
523 3900 930 3970 ἐπιμνησθῆναι
962 3899 1179 3957 καὶτοῦ
1213 3900 1355 3954 Ἰὼϐ.
1407 3899 1548 3969 Φησὶ
1579 3900 1690 3971 γάρ
1711 3916 1725 3930 '
1779 3917 1798 3951 ι
1829 3899 1893 3953 Et
1917 3899 1972 3952 δὲ

2079 3914 2136 3953 se
2191 3897 2469 3963 bumiliat,
2516 3898 2846 3953 exaltabitur
2871 3899 2913 3953 ι.
2950 3916 2968 3950 ι
3008 3899 3077 3953 Ει
3102 3898 3220 3954 haec
3251 3900 3474 3969 quidem
3504 3917 3643 3969 qua-

399 3991 495 4045 καὶ
524 3991 617 4044 τὸν
643 3991 843 4063 ψωμόν
876 3992 1037 4061 μόνος
1067 3992 1293 4060 ἔφαγον,
1327 3993 1422 4045 καὶ
1452 3993 1575 4062 οὐχὶ
1599 3992 1821 4064 ὀρφανῷ
1846 4008 1973 4062 μετ-

2079 3999 2239 4045 tenus
2266 3989 2351 4044 'ad
2387 3989 2806 4061 intelligentiam
2840 4004 2906 4045 ac
2951 3992 3235 4061 spirituale
3292 3994 3641 4049 commodum

398 4082 606 4149 έδωκα,
660 4084 743 4136 ὅτι
774 4085 840 4137 ἐκ
866 4083 1122 4153 νεότητός
1153 4101 1256 4153 μου
1285 4082 1578 4155 ἐξέτρεφον
1607 4083 1683 4147 ὡς
1708 4086 1911 4154 πατήρ.
1946 4102 1966 4137 ι

2079 4081 2298 4146 attinet,
2336 4080 2471 4135 satis
2515 4081 2645 4136 sint.
2675 4081 2797 4136 Non
2845 4081 3257 4137 dissentaneum
3306 4083 3476 4139 fuerit
3522 4100 3641 4139 me-

385 4173 510 4226 Καὶ
545 4172 707 4226 πάλιν
749 4174 779 4225 6
809 4172 1015 4242 Κύριος
1039 4189 1053 4202 ·
1109 4192 1130 4224 1
1164 4175 1336 4227 Ὅταν
1386 4176 1511 4243 ποιῇ
1544 4172 1767 4244 ἄριστον
1799 4174 1833 4245 ἢ
1863 4174 1971 4227 δεῖ·

2079 4171 2305 4229 minisse
2333 4174 2622 4229 sententia:
2662 4173 2812 4229 illius
2836 4174 2981 4229 Job:
3023 4192 3043 4226 ι
3071 4174 3226 4241 Quod
3263 4176 3308 4229 si
3333 4175 3639 4231 buccellam

397 4278 548 4327 πνον,
580 4263 657 4333 μὴ
683 4262 851 4332 φώνει
875 4263 1005 4326 τοὺς
1033 4261 1221 4342 φίλους
1246 4279 1364 4326 σου,
1393 4262 1530 4331 μηδὲ
1551 4264 1678 4327 τοὺς
1700 4263 1968 4333 ἀδελφούς

2079 4280 2251 4319 meam
2288 4265 2438 4320 solus
2489 4264 2725 4330 comedi,
2760 4272 2816 4320 et
2852 4281 2971 4320 non
3011 4266 3283 4335 pupillum
3314 4267 3640 4336 participem

397 4368 514 4414 σου,
549 4352 684 4421 μηδὲ
711 4354 836 4416 τοὺς
866 4355 1151 4420 συγγενεῖς
1181 4367 1297 4415 σου,
1349 4351 1485 4423 μηδέ
1531 4353 1785 4419 γείτονας
1833 4352 1970 4423 πλη-

2079 4355 2198 4421 ieci,
2249 4356 2507 4425 quoniam
2539 4356 2608 4411 ab
2640 4356 3011 4413 adolescentia
3061 4372 3183 4412 mea
3212 4359 3233 4389 ⁵
3267 4357 3506 4411 enutrivi
3571 4366 3632 4412 ut

395 4441 546 4496 σίονο
576 4460 694 4509 σου,
729 4446 939 4515 μήποτε
970 4445 1064 4497 καὶ
1091 4443 1244 4497 αὐτοί
1287 4460 1349 4496 σε
1405 4443 1827 4508 ἀντικαλέσωσι,
1869 4446 1965 4499 καὶ

2079 4447 2282 4517 pater‘.
2308 4465 2327 4495 ι
2352 4447 2579 4510 lterum,
2610 4448 2906 4503 Dominus:
2938 4468 2956 4499 ι
2976 4448 3112 4504 Cum
3137 4448 3331 4502 feceris
3345 4447 3638 4517 prandium

392 4534 621 4602 γένηταί
667 4551 751 4587 σοι
784 4535 1155 4603 ἀνταπόδομα.
1217 4533 1360 4587 Ἀλλ’
1386 4535 1515 4589 ὅταν
1571 4538 1732 4605 ποιῇς
1779 4535 1962 4606 δοχὴν,

2079 4547 2165 4591 aut
2211 4551 2450 4600 coenam,
2501 4553 2569 4593 ne
2624 4540 2907 4594 vocaveris
2956 4539 3165 4609 1032
3215 4526 3429 4593 amicos
3491 4548 3637 4604 tuos,

388 4624 550 4678 κάλει
587 4627 857 4694 πτωχοὺς,
913 4626 1253 4697 ἀναπήρους,
1291 4624 1520 4696 χωλοὺς,
1550 4625 1817 4693 τυφλοὺς,
1867 4628 1965 4680 καὶ

2079 4641 2259 4695 neque
2288 4626 2487 4682 fratres
2518 4635 2661 4693 tuos,
2688 4643 2868 4698 neque
2895 4638 3176 4699 cognatos,
3209 4643 3388 4698 neque
3424 4629 3640 4683 vicinos

397 4718 665 4784 μακάριος
714 4715 842 4787 ἔσῃ,
898 4717 981 4769 ὅτι
1030 4717 1133 4769 οὐκ
1178 4716 1395 4786 ἔχουσιν
1436 4716 1828 4781 ἀνταποδοῦναί
1858 4732 1961 4771 σοι’

2079 4718 2300 4783 divites,
2341 4734 2412 4773 ne
2449 4718 2591 4774 forte
2624 4728 2681 4774 et
2732 4721 2836 4790 ipsi
2868 4721 3165 4774 reinvitent
3197 4728 3251 4774 te
3304 4728 3360 4774 et
3397 4719 3489 4773 fiat
3540 4720 3639 4775 tibi

395 4806 893 4875 ἀνταποδοθήσεται
928 4806 986 4859 δέ
1020 4823 1124 4871 σοι,
1160 4808 1216 4859 ἐν
1267 4809 1334 4876 τῇ
1383 4807 1680 4860 ἀναστάσει
1728 4807 1839 4861 τῶν
1889 4808 1969 4863 δι-

2082 4808 2417 4876 retributio;
2471 4810 2565 4865 sed
2611 4810 2830 4879 quando
2884 4811 3084 4866 feceris
3116 4809 3472 4872 convivium,
3506 4824 3641 4864 voca

396 4894 588 4961 καίων,
633 4898 783 4967 παρᾶ
838 4897 932 4952 τοῦ
982 4897 1139 4951 Θεοῦ.
1167 4916 1186 4950 ι
1228 4897 1387 4968 Αὐτῷ
1436 4900 1470 4969 ἠ
1517 4898 1643 4962 δόξα
1703 4902 1785 4961 εἰς
1841 4900 1968 4960 τοὺς

2079 4914 2364 4969 pauperes,
2402 4899 2640 4968 debiles,
2671 4902 2919 4963 claudos,
2958 4917 3169 4968 caecos;
3200 4910 3258 4957 et
3281 4902 3478 4956 beatus
3505 4901 3637 4966 eris,

394 4987 616 5048 αἰῶνας.
663 4987 854 5057 Ἀμήν.

2079 4992 2199 5061 μιὶα
2238 5006 2350 5045 non
2400 4991 2609 5048 habent
2650 4993 2963 5049 retribuere
3000 4994 3130 5058 tibi;
3170 4993 3514 5048 retribuetur
3544 5007 3643 5046 au-

400 5090 505 5133 tem
536 5078 638 5133 tibi
663 5078 720 5133 in
746 5080 1155 5136 resurrectione
1173 5081 1451 5150 justorum
1498 5087 1544 5136 τ.
1584 5100 1604 5133 ι
1647 5081 1756 5151 Ipsi
1786 5081 1960 5152 gloria
1999 5083 2069 5157 in
2099 5083 2323 5138 saacula.
2356 5083 2549 5139 Amen.

466 5218 512 5249 σο
544 5218 936 5295 Bc:n1.x_tv._5.
1015 5226 1063 5257 οι
1094 5225 1227 5284 ibid.
1259 5227 1312 5281 6.
1388 5226 1591 5287 "ibid,
1636 5224 1727 5295 is.
1778 5218 1849 5259 ίοι
1879 5225 1977 5279 ibid

2079 5226 2166 5282 20.
2252 5226 2300 5259 ”
2323 5229 2453 5284 ibid.
2483 5230 2575 5295 Ἦ,
2631 5230 2720 5285 23.
2798 5230 2843 5262 ⁸⁸
2879 5231 2895 5282 l
2929 5228 3053 5281 Cor.
3083 5226 3277 5295 vm,_8.
3355 5224 3402 5257 ’°
3458 5224 3634 5295 [τον.

397 5302 563 5365 cxvn,
607 5290 677 5365 7.Δ
718 5292 778 5365 _"’
812 5291 996 5348 l'l‘im.
1030 5311 1103 5365 tv,
1146 5296 1242 5351 3-5
1315 5297 1362 5329 ’⁸
1393 5295 1502 5352 Tit.
1532 5293 1682 5361 1J5.
1759 5298 1845 5351 "l
1882 5295 1977 5349 Cor

2083 5313 2119 5361 ι,
2149 5298 2236 5352 35.
2321 5300 2336 5331 ¹
2364 5299 2520 5356 Deut.
2560 5290 2672 5358 vin.
2702 5299 2789 5353 10.
2884 5301 2904 5330 ¹
2933 5297 3073 5350 Psal.
3106 5311 3181 5365 tv,
3219 5293 3270 5353 7,
3306 5294 3357 5348 Β.
3453 5293 3472 5323 ³
3496 5293 3635 5365 Psul.

399 5357 589 5439 _x\_':,_9.
666 5360 685 5390 ⁸
717 5360 987 5439 L}t_c._xtv,
1021 5364 1178 5439 _8-_1‘..
1255 5368 1277 5399 ⁵
1309 5357 1605 5439 ἐξέτρσφον
1623 5366 1701 5431 ὡς
1738 5366 1939 5436 πατὴρ,

2103 5357 2212 5434 quo
2244 5365 2404 5439 Vulg.
2437 5357 2729 5439 grandivt't,
2755 5367 3009 5430 adolevit,
3074 5364 3159 5419 vel
3208 5366 3370 5417 crevit
3417 5357 3641 5418 uterum.

396 5428 417 5455 '
441 5425 544 5479 Job
575 5442 719 5495 sui,
754 5431 943 5495 17,18.
974 5425 982 5429 ’
1020 5436 1038 5465 ⁷
1068 5435 1202 5493 Luc.
1236 5425 1555 5502 κινξίὲξη.
1680 5425 1725 5475 ’ν

1683 5522 1922 5579 VARI}.
1954 5521 2248 5578 LECTION
2257 5522 2354 5577 ES.

991 5610 1005 5662 i
1038 5612 1395 5733 ὐσῖεροῦμεν.
1473 5613 1495 5652 ι
1524 5615 1806 5686 χορτάσαι.
1893 5613 2209 5685 Ιέμπαίξει,
2249 5612 2453 5668 rectius
2484 5622 2668 5666 nostra
2700 5608 2892 5673 editio,
2929 5605 3173 5661 mlcabit.

1032 5691 1053 5712 °
1078 5700 1118 5733 π
1142 5683 1388 5733 ιουσὶους.
2250 5726 2254 5731 .
2286 5690 2289 5693 ’

1032 5691 1053 5712 ⁶
1078 5683 1388 5744 πλουσίους.
1526 5683 1530 5684 ⁷
1591 5683 1600 5686 ⁷
1967 5683 1976 5685 ’
2250 5726 2254 5731 .
2286 5690 2289 5693 ’

472 5617 489 5656 i
526 5615 892 5684 παραστήσει.
991 5610 1005 5662 i
1038 5612 1395 5684 ὑστεροῦμεν.
1473 5613 1495 5652 ι
1524 5615 1806 5684 χορτάσαι.
1893 5613 2209 5684 Ιέμπαίξει,
2249 5612 2453 5668 rectius
2484 5622 2668 5666 nostra
2700 5608 2892 5673 editio,
2929 5605 3173 5661 mlcabit.
3319 5610 3360 5640 ω
3388 5599 3646 5671 ἐπιγινώ-

394 5701 525 5739 σκου
534 5702 603 5738 σι.
682 5692 708 5720 ¹¹
730 5684 954 5752 κληθῇς.
