4020 6146
395 331 534 396 1443

977 443 1262 501 llOMlLlA
1313 443 1403 500 IV.

661 553 736 612 De
782 558 1046 612 edacitate
1097 559 1205 611 sive
1233 557 1429 611 ventris
1465 556 1714 627 ingluvie.

464 690 612 747 Nulli
670 704 781 742 non
833 688 1123 742 hominum
1179 688 1428 757 apprime
1491 691 1868 745 necessarium
1905 691 1977 746 sit

393 783 505 836 vim
552 781 761 834 inferre
797 779 1010 833 ventris
1052 778 1337 842 edacitati,
1383 795 1617 850 eamque
1653 784 1802 852 jusla
1840 793 1976 838 tem-

395 873 550 944 perie
598 871 929 926 moderari:
972 870 1028 923 in
1086 871 1281 939 primis
1330 879 1517 928 tamen
1567 888 1662 928 eos
1716 874 1972 941 addecet,

392 965 598 1036 quibus
654 977 803 1018 cura:
847 971 935 1016 est
979 963 1069 1032 pia
1115 962 1388 1018 servitute
1414 965 1599 1019 colere
1633 966 1828 1020 Deum.
1860 967 1974 1022 Ho-

392 1067 615 1111 nestum
673 1070 806 1110 sane
855 1054 929 1109 sit
961 1055 1252 1124 prandium
1289 1071 1454 1110 omne
1505 1055 1643 1110 illud
1672 1056 1821 1125 quod
1853 1073 1973 1112 mo-

393 1149 587 1204 derata
654 1147 980 1218 transigitur
1023 1148 1356 1216 quantitate.
1423 1149 1559 1203 Nam
1613 1149 1751 1203 citra
1807 1150 1974 1205 ullam

395 1241 724 1308 temperiem
759 1255 824 1294 ac
851 1239 1125 1296 i-rretente
1155 1240 1518 1295 suﬂ‘arcinare
1545 1249 1799 1296 ventrem
1838 1240 1976 1296 edu-

393 1331 528 1394 liis,
577 1344 844 1400 perquam
900 1328 1081 1388 simile
1137 1339 1226 1384 est
1280 1330 1407 1384 navi
1458 1344 1627 1384 onere
1675 1330 1973 1388 immodico

393 1423 728 1492 degravatae,
758 1436 871 1490 quo
913 1421 1068 1476 velut
1095 1436 1360 1490 oppressa
1407 1423 1563 1476 nullo
1612 1422 1838 1493 negotio
1864 1439 1972 1477 un-

394 1516 547 1576 dosis
568 1514 831 1570 ﬂuctibus
863 1514 1211 1584 immergitur
1245 1523 1302 1569 et
1333 1515 1623 1581 pessumit.
1651 1516 1720 1570 Et
1747 1515 1973 1585 quidem

393 1622 600 1676 corpus
649 1606 913 1660 alimonia
943 1615 1088 1675 eget,
1129 1621 1239 1660 non
1299 1607 1429 1660 item
1478 1607 1822 1677 cupediariis
1853 1607 1974 1662 lau-

397 1699 576 1768 tisque
607 1697 834 1752 ferculis
866 1697 1088 1765 quibus.
1111 1713 1170 1751 se
1204 1697 1272 1751 ad
1305 1698 1646 1767 voluptatem
1696 1699 1894 1754 invitet
1918 1706 1974 1754 et

1668 328 2034 390 ANTIOCHI
2069 328 2415 394 MONACHI

2004 456 2051 506 Δ

3519 333 3655 396 1444

2702 443 2922 504 ΛΟΓΟΣ
2953 444 3025 495 Δ’.
3047 470 3049 472 -

2534 558 2671 626 Περὶ
2700 557 3192 628 γαστριμαργίας.

2146 693 2290 746 Πᾶσι
2319 693 2416 762 μὲν
2445 692 2741 757 ἀναγκαῖόν
2767 692 2885 744 ἐστι
2910 689 2972 742 τὸ
2999 687 3287 756 βιάζεσθαι
3311 691 3407 743 καὶ
3429 691 3656 760 κρατεῖν

2075 782 2334 854 γαστρός.
2393 783 2647 837 Μάλιστα
2674 783 2730 834 δὲ
2763 784 2878 846 τοῖς
2912 780 3034 852 Θεῷ
3062 781 3340 834 δουλεύειν
3385 781 3652 836 ἐθέλουσι.

2076 876 2256 929 Καλὸν
2284 876 2394 946 γάρ
2423 877 2540 928 ἐστι
2573 876 2683 928 πᾶν
2714 875 2916 946 μέτρον
2947 876 3198 945 ἄριστον.
3229 874 3302 927 Τὸ
3325 874 3382 928 δέ
3408 875 3655 944 ἀσχέτως

2075 967 2312 1032 ἐσθίειν,
2368 969 2512 1020 ἔοικε
2559 965 2650 1036 νηῒ
2694 965 3215 1037 ὑπερφορτουμένη.
3257 965 3330 1018 Τὸ
3355 964 3464 1036 γὰρ
3493 965 3653 1035 σῶμα

2076 1061 2282 1130 τροφῆς
2334 1059 2536 1122 δεῖται,
2585 1059 2648 1110 οὐ
2712 1057 2958 1128 τρυφῆς·
3015 1056 3345 1124 όλιγοδείας,
3405 1059 3464 1109 οὐ
3519 1056 3655 1126 πλη-

2078 1152 2284 1220 σμονῆς
2306 1168 2320 1181 ·
2349 1151 2682 1221 αὐταρκείας
2705 1188 2720 1212 ,
2771 1148 2832 1202 οὐ
2881 1147 3258 1210 πολυτελείας.
3313 1149 3381 1200 Αἱ
3420 1148 3516 1216 μὲν
3545 1148 3656 1218 γὰρ

2044 1245 2170 1298 ,καὶ
2218 1243 2282 1296 τὺ
2332 1242 2495 1312 σῶμα
2543 1242 2640 1295 καὶ
2689 1241 2787 1312 τὴν
2832 1239 3012 1310 ψυχὴν
3057 1238 3395 1308 ὠφελοῦσιν,
3442 1239 3653 1308 ὑγείαν,

2077 1336 2172 1390 καὶ⁵
2217 1333 2444 1405 ῥώμην,
2499 1333 2593 1386 καὶ
2640 1330 2860 1396 εὐεξίαν
2907 1331 3231 1385 τίκτουσαι·
3281 1332 3339 1383 αἱ
3374 1330 3448 1393 δέ,
3488 1331 3658 1398 ἄμφω

2077 1426 2560 1491 καταϐλάπτουσι,
2624 1425 2686 1477 οὐ
2758 1422 2920 1494 μόνον
2982 1422 3082 1494 τὴν
3133 1421 3348 1491 ὑγίειαν
3412 1421 3658 1490 διαφθεί-

2081 1535 2294 1588 ρουσαι,
2319 1517 2459 1570 ἀλλά
2483 1517 2578 1570 καὶ
2607 1516 2894 1585 νοσήματα
2921 1513 3320 1584 ἀργαλεώτατα
3342 1512 3652 1566 ὠδίνουσαι.

2090 1610 2390 1675 Ἀπόδειξις
2420 1608 2476 1660 δέ
2506 1607 2682 1676 σαφὴς
2711 1606 2770 1659 τὸ
2796 1607 2924 1668 τοὺς
2949 1604 3047 1675 τὴν
3070 1604 3376 1673 όλιγόδειαν
3426 1603 3657 1656 καταδε-

2077 1704 2341 1773 χομένους
2367 1700 2612 1773 ἀσκητάς
2645 1699 2848 1771 μᾶλλον
2874 1697 2986 1752 τῶν
3013 1696 3359 1768 ἁϐροδίαιτον
3383 1695 3655 1764 ἑλομένων

395 1792 579 1848 satiet.
629 1789 894 1844 Ciborum
941 1788 1232 1860 frugalitas
1287 1790 1365 1843 illi
1423 1793 1810 1860 opportunior,
1861 1807 1972 1846 non

2086 1795 2214 1865 βίον,
2253 1793 2345 1845 καὶ
2395 1793 2818 1858 συνετωτέρους,
2870 1789 2968 1842 καὶ
3015 1784 3516 1856 σωφρονεστέρους,
3562 1784 3657 1837 καὶ

396 1883 675 1938 inamoena
732 1882 980 1936 satietas.
1029 1881 1228 1934 Edulio
1271 1895 1430 1950 opus,
1492 1881 1642 1950 quod
1697 1883 1831 1936 satis
1879 1883 1969 1949 sit,

395 1987 508 2025 non
553 1974 683 2025 item
715 1970 847 2023 luxu
878 1968 1190 2038 profusiore
1224 1968 1318 2038 qui
1364 1977 1518 2022 artus
1544 1968 1817 2023 collutilet
1848 1983 1974 2022 cor-

395 2063 570 2134 poris.
617 2062 714 2116 llla
765 2060 1040 2130 siquidem
1072 2060 1212 2114 mire
1258 2061 1416 2131 juvat
1463 2068 1520 2115 et
1547 2076 1750 2131 corpus
1776 2071 1833 2117 et
1859 2061 1975 2116 ani-

397 2170 564 2220 mam,
591 2155 796 2224 quippe
830 2169 952 2223 quae
1001 2154 1323 2222 sospitatem
1356 2153 1503 2222 parit
1533 2155 1776 2223 corpori,
1807 2154 1978 2208 robur

397 2244 710 2304 conﬁrmat,
741 2253 799 2297 et
839 2241 1226 2297 habitudinem
1254 2242 1410 2297 addit
1443 2243 1673 2313 pulchre
1701 2252 1977 2313 tempera-

391 2345 544 2400 .tam;
587 2342 834 2390 extrema
881 2349 1016 2388 vero
1071 2341 1373 2403 utrumque
1421 2335 1652 2401 laedunt,
1702 2350 1809 2389 nec
1841 2335 1976 2389 sim-

398 2425 640 2495 pliciter.
692 2425 885 2493 Neque
927 2423 1080 2477 enim
1120 2423 1342 2484 sanitati
1396 2425 1577 2478 solum
1633 2422 1800 2482 noxia
1852 2428 1982 2476 sunt

398 2516 643 2586 genuina
690 2515 928 2584 quadam
957 2531 1060 2570 sua
1092 2515 1158 2568 ad
1192 2515 1570 2584 corruptelam
1604 2513 1978 2582 proclivitate,

399 2610 495 2665 sed
541 2618 599 2663 et
647 2607 872 2663 morbos
900 2607 992 2662 vix
1020 2606 1352 2661 eluctabiles
1380 2621 1444 2660 ac
1483 2605 1848 2675 permolestos
1881 2618 1980 2672 pa-

393 2701 578 2758 .riunt.
636 2699 737 2754 Rei
799 2699 961 2754 istius
993 2699 1225 2753 evidens
1281 2705 1668 2768 argumentum
1715 2695 1983 2751 exhibent

392 2791 686 2857 monachi,
739 2790 836 2858 qui
887 2805 1016 2843 cum
1062 2789 1264 2859 exiguo
1298 2789 1548 2844 contenti
1583 2788 1788 2844 abeant
1831 2787 1980 2853 cibo,

392 2890 576 2949 utque
603 2881 1031 2950 comperiuntur
1055 2891 1110 2935 et
1131 2881 1388 2936 acumine
1415 2881 1737 2934 intellectus
1766 2878 1982 2948 perspi-

401 2972 670 3037 caciores,
729 2981 786 3026 et
827 2971 1077 3041 corporis
1118 2981 1490 3040 temperatura
1546 2972 1656 3024 illis
1709 2969 1980 3038 saniores,

404 3077 547 3131 quos
589 3062 746 3132 juvat
778 3069 922 3115 totos
954 3077 1013 3114 se
1058 3061 1386 3131 immergere
1412 3062 1541 3116 vitae
1568 3061 1840 3118 mollioris
1866 3061 1984 3116 ille-

403 3153 610 3208 cebris.
656 3153 845 3220 Neque
877 3151 932 3206 id
979 3151 1112 3205 boni
1146 3152 1349 3216 solum,
1381 3153 1477 3206 sed
1516 3159 1573 3206 et
1610 3152 1742 3206 dum
1770 3153 1980 3208 ventris
2011 3141 2056 3202 C
2085 3141 2372 3238 angam;
2399 3179 2416 3194 .

405 3241 598 3295 frenas
627 3241 953 3310 ingluviem,
987 3241 1185 3295 animae
1216 3257 1314 3311 per
1342 3243 1448 3297 hoc
1480 3243 1764 3298 imminuis
1793 3243 1986 3298 turbu-

403 3331 588 3386 lentas
611 3329 952 3384 aﬁectiones.
992 3330 1127 3384 Nam
1158 3331 1255 3400 qui
1291 3346 1349 3386 se
1375 3332 1526 3387 vinci
1557 3333 1692 3387 sinit
1733 3335 1984 3389 ciborum

401 3424 762 3493 intemperie,
825 3424 1017 3492 utique
1083 3423 1372 3478 materiam
1434 3434 1729 3496 exaggerat
1778 3426 1984 3482 illi'cem

396 3523 576 3584 .atque
625 3516 962 3570 incentivam
1007 3515 1375 3584 voluptatum.
1407 3516 1480 3572 Ut
1526 3517 1676 3571 enim
1704 3517 1986 3587 copiosam

399 3608 687 3677 lignorum
736 3607 1056 3677 congeriem
1116 3607 1230 3677 igni
1281 3607 1329 3661 si
1380 3607 1660 3673 admoves,
1720 3611 1986 3679 majorem

404 3699 620 3754 excitas
674 3699 974 3763 ﬂammam,
1013 3699 1090 3753 ita
1118 3707 1174 3753 et
1202 3699 1362 3770 copia
1397 3700 1648 3756 ciborum
1699 3701 1746 3756 si
1776 3701 1987 3755 inditur

409 3790 614 3854 ventri,
649 3790 748 3844 alit
789 3791 1319 3860 concupiscentiam.
1354 3792 1776 3848 Esculentorum
1805 3794 1990 3863 splen-

409 3882 578 3936 didus
623 3896 687 3936 ac
731 3882 1010 3950 profusior
1037 3883 1201 3936 luxus
1231 3891 1424 3952 guttur
1463 3883 1691 3953 quidem
1723 3885 1984 3950 oblectat,

411 3974 510 4028 sed
545 3983 601 4028 et
638 3988 885 4028 vermem
924 3974 1371 4043 intemperantiae
1399 3976 1498 4030 alit
1526 3977 1894 4048 irrequietum
1927 3993 1990 4032 ac

411 4062 762 4132 pervigilem.
805 4062 1282 4128 Quemadmodum
1315 4066 1464 4120 enim
1501 4074 1649 4120 terra
1676 4067 1788 4121 situ
1823 4083 1989 4137 squa-

412 4153 538 4209 lens
561 4162 620 4207 et
649 4155 885 4220 inarata,
914 4163 1111 4224 suapte
1137 4165 1334 4210 natura
1357 4156 1475 4212 edit
1503 4158 1709 4227 spinas,
1740 4159 1813 4213 ita
1835 4174 1992 4214 mens

413 4247 628 4302 ventris
654 4247 838 4301 studio
870 4246 1080 4302 addicti
1127 4248 1393 4309 hominis,
1444 4249 1736 4304 indecoras
1762 4266 1991 4320 prorsus

413 4337 778 4406 cogitationes
831 4337 1214 4406 progerminat
1256 4345 1421 4406 atque
1466 4337 1756 4398 obscenas.
1801 4338 1991 4392 Mona-

2077 1884 2475 1956 ὑγιεινοτέρους
2497 1878 2666 1935 εἷναι·
2682 1881 2742 1934 οὐ
2772 1880 2932 1952 μόνον
2950 1879 3008 1932 δὲ
3028 1878 3207 1943 τοῦτο,
3223 1877 3358 1930 ἀλλά
3387 1877 3483 1930 καὶ
3507 1876 3659 1928 ἐλατ-

2075 1980 2158 2030 τοῖ
2189 1976 2256 2030 τὰ
2304 1975 2454 2044 πάθη
2490 1974 2518 2026 ό
2558 1972 2778 2043 κρατῶν
2810 1968 3068 2041 γαστρός.
3111 1969 3169 2022 '0
3208 1967 3314 2038 γάρ
3342 1966 3656 2038 ἡττώμενος

2078 2068 2364 2141 βρώμασιν
2397 2066 2550 2131 αὔξει
2581 2064 2682 2127 τὰς
2712 2063 2932 2131 ἡδονάς·
2970 2062 3160 2131 ὥσπερ
3183 2061 3291 2132 γὰρ
3325 2059 3456 2123 ξύλα
3485 2058 3657 2112 πολλά

2077 2160 2325 2230 μεγάλην
2353 2159 2562 2228 ἐγείρει
2592 2157 2790 2226 φλόγα,
2818 2153 2961 2206 οὕτω
2991 2155 3089 2207 καὶ⁹
3115 2152 3316 2222 πλῆθος
3350 2151 3657 2223 βρωμάτων

2075 2250 2282 2320 ἐγείρει
2306 2261 2332 2300 P
2371 2249 2691 2318 ἐπιθυμίαν.
2727 2246 2796 2298 Ἥ
2826 2244 2935 2298 τῶν
2967 2243 3274 2314 βρωμάτων
3332 2242 3656 2295 πολυτέλεια

2076 2343 2272 2412 λαιμὸν
2313 2341 2412 2411 μὲν
2453 2340 2686 2410 τέρπει,
2737 2337 2929 2408 τρέφει
2963 2335 3022 2388 δὲ
3066 2335 3322 2405 σκώληκα
3358 2332 3656 2395 ἀκολασίας

2079 2435 2402 2504 ἀκοίμητον.
2450 2433 2664 2500 Ὥσπερ
2717 2430 2830 2498 γὰρ
2863 2431 2895 2498 ἠ
2925 2426 3274 2498 χερσωθεῖσα
3305 2426 3377 2495 γῆ
3412 2424 3656 2487 ἀκάνθας
3734 2415 3748 2427 ’

2078 2527 2282 2592 τίκτει,
2338 2523 2482 2578 οὕτω
2527 2523 2621 2576 καὶ
2670 2524 2699 2575 ό
2735 2521 2862 2583 νοῦς
2898 2520 3326 2591 γαστριμάργου
3369 2517 3656 2588 βλαστάνει

2078 2616 2372 2687 λογισμοὺς
2403 2614 2683 2684 αἰσχρούς.
2721 2613 2972 2682 Μοναχδς
3035 2611 3452 2681 γαστρίμαργος
3505 2607 3656 2660 οὐδὲν

2079 2709 2302 2780 ἓτερον,
2367 2706 2402 2778 ἢ
2468 2707 2626 2776 μόνον
2675 2704 2886 2767 κοιλίας
2950 2703 3226 2772 ὑπόφορος
3272 2701 3512 2770 γίνεται,
3561 2699 3657 2753 καὶ

2080 2799 2178 2862 τὰς
2217 2797 2407 2869 μνείας
2441 2795 2550 2848 τῶν
2582 2796 2754 2864 ἁγίων
2785 2794 3044 2866 ἁριθμείσ
3081 2795 3110 2846 ὁ
3137 2793 3194 2846 δὲ
3228 2792 3502 2863 ἐγκρατὴς
3531 2793 3657 2854 τοὺς

2081 2891 2262 2944 αὐτῶν
2309 2888 2458 2957 βίους
2509 2889 2821 2958 μιμεῖταιει.
2863 2887 2924 2940 ’0
2959 2885 3374 2956 γαστρίμαργος
3402 2886 3486 2947 είς
3507 2883 3657 2936 οὐδὲν

2082 2987 2270 3056 ἕτερον
2321 2982 2697 3054 ἐναϐρύνεται,
2735 2981 2849 3035 ἀλλ’
2881 2981 2913 3051 ἢ
2945 2983 3028 3044 είς
3059 2979 3322 3032 πλατεῖαν
3353 2977 3449 3031 καὶ
3497 2975 3657 3047 εὐρύ-

2085 3092 2263 3148 χωρον
2313 3073 2527 3128 κοιλίαν
2551 3113 2566 3138 ,
2620 3074 2850 3142 ταμεῖον
2898 3071 2996 3140 τῆς
3027 3070 3218 3141 τιμίας
3251 3068 3417 3122 αὐτοῦ
3451 3068 3658 3136 κόπρου

2480 3165 2616 3218 ἀλλά
2648 3164 2742 3217 καὶ
2781 3162 2842 3215 τδ
2873 3161 3102 3230 Πνεῦμα
3133 3161 3193 3213 τὸ
3222 3157 3468 3213 ἐνοικοῦν
3502 3160 3559 3211 ἐν
3580 3155 3658 3226 τῷ

2084 3260 2491 3330 γαστριμάργῳ
2541 3254 2814 3326 ἀνθρώπῳ
2870 3254 3161 3307 λυπεῖταιο
3227 3252 3321 3305 καί⁵
3372 3252 3447 3322 μὴ
3499 3250 3659 3319 φέρον

2085 3352 2186 3421 τὴν
2209 3351 2478 3404 δυσωδίαν
2507 3349 2785 3418 ἀναχωρεῖ
2810 3345 2902 3399 ἀπ’
2927 3344 3117 3399 αὑτοῦ.
3139 3344 3349 3413 Ὠσπερ
3392 3345 3420 3395 ό
3455 3340 3659 3402 καπνὸς

2087 3441 2274 3498 διώκει
2306 3442 2407 3504 τὰς
2438 3440 2722 3511 μελίσσας,
2759 3437 2904 3491 οὓτω
2935 3438 2964 3490 ὁ
2989 3435 3404 3507 γαστρίμαργος
3433 3432 3535 3503 τὴν
3564 3430 3659 3502 χά-

2090 3552 2175 3606 ριν
2207 3534 2302 3588 τοῦ
2337 3533 2495 3601 ἁγίου
2527 3531 2871 3601 Πνεύματος.
2910 3531 3184 3600 Κρεῖσσον
3212 3522 3309 3580 οὖν
3336 3528 3455 3579 ἐστι
3485 3541 3660 3595 παρα-

2086 3625 2314 3696 δραμεῖν
2343 3625 2410 3677 τὰ
2435 3623 2841 3694 καρυκεύματα
2867 3623 2964 3690 τῆς
2988 3621 3247 3690 γαστρὸς,
3277 3619 3374 3672 καὶ
3400 3617 3489 3670 διὰ
3507 3615 3661 3683 λιτῆς

2085 3716 2296 3787 τροφῆς
2341 3715 2444 3785 τὴν
2488 3716 2680 3786 χρείαν
2731 3712 3043 3784 ἐκπληροῦν
3089 3710 3183 3764 τοῦ
3232 3709 3520 3780 σώματος,
3577 3707 3661 3760 ἴνα

2091 3808 2166 3880 μὴ
2212 3809 2571 3880 όμοιωθῶμεν
2621 3808 2698 3878 τῷ
2731 3808 2788 3859 ἐν
2821 3808 2888 3876 τῇ
2923 3805 3117 3875 ἐρήμῳ
3149 3802 3500 3871 κοιλιοδοι5λῳ
3522 3799 3657 3868 λαῷ.

2094 3920 2113 3954 ι
2138 3902 2390 3956 Ἐκάθισε
2417 3903 2547 3972 γὰρ,
2579 3901 2766 3971 φησὶν,
2797 3901 2825 3952 ό
2849 3899 2977 3961 λαὸς
3013 3900 3205 3967 φαγεῖν
3236 3895 3333 3950 καὶ
3358 3896 3530 3957 πιεῖν,
3566 3893 3663 3946 καὶ

2091 3991 2398 4061 ἀνέστησαν
2447 3991 2686 4055 παίζειν.
2717 4009 2735 4042 ›
2802 3991 2892 4042 Ἑν
2929 3988 3008 4059 τῷ
3037 3987 3146 4058 γὰρ
3181 3987 3438 4057 ἀμέτρως
3466 3984 3662 4046 αὐτοὺς

2091 4083 2297 4137 ἐσθίειν
2323 4083 2417 4136 καὶ
2444 4082 2641 4144 πίνειν,
2667 4081 2762 4150 τῆς
2786 4080 3008 4149 ἐντολῆς
3034 4079 3129 4132 τοῦ
3153 4078 3289 4131 Θεοῦ
3314 4075 3661 4138 ἐπελάθοντο,

2091 4174 2188 4226 καὶ
2241 4175 2321 4235 είς
2369 4171 2767 4241 είδωλομανίαν
2813 4172 3132 4238 ἐξώκειλαν.
3189 4169 3386 4233 Καλῶς
3419 4165 3512 4223 οὗν
3549 4169 3664 4230 τοῖς

2091 4263 2359 4332 διαδόχοις
2383 4261 2563 4315 αὐτῶν
2595 4264 2799 4332 γράφει
2833 4262 3184 4332 όοάπόστολος
3213 4259 3424 4322 Παῦλος
3444 4275 3459 4290 ·
3517 4276 3536 4310 ι
3563 4252 3664 4310 Ὧν

2091 4356 2118 4408 ὁ
2153 4353 2273 4414 θεὸς
2306 4355 2340 4424 ἡ
2367 4352 2546 4405 κοιλία
2571 4395 2584 4418 ,
2639 4353 2735 4408 καὶ
2776 4355 2809 4423 ἠ
2844 4354 2971 4417 δόξα
3003 4356 3061 4406 ἐν
3089 4355 3155 4422 τῇ
3185 4353 3416 4422 αἰσχύνῃ
3463 4349 3660 4413 αὐτῶν,

411 4427 556 4484 chus
589 4428 740 4497 justo
766 4426 994 4482 edacior
1015 4425 1167 4482 aliud
1191 4426 1331 4480 nihil
1350 4427 1662 4488 censendus
1680 4443 1844 4497 quam
1865 4444 1982 4497 pro-

2099 4445 2148 4495 οἱ
2181 4442 2251 4496 τὰ
2281 4443 2501 4510 ἐπίγεια
2528 4440 2871 4511 φρονοῦντες.
2903 4461 2921 4492 ι
2979 4443 3087 4494 Καὶ
3119 4441 3312 4494 πάλιν·
3362 4458 3382 4490 ι
3410 4439 3491 4491 Τὰ
3523 4437 3665 4508 βρώ-

406 4518 522 4591 ῳῑίἱ
553 4519 884 4574 tributarius
936 4519 1169 4572 ventris.
1199 4519 1267 4573 Et
1294 4519 1518 4588 quidem
1558 4519 1605 4574 is
1647 4519 1714 4574 ad
1759 4535 1986 4576 censum

406 4619 704 4664 enumerat
726 4618 970 4672 sanctos,
1003 4617 1059 4662 et
1081 4624 1275 4662 eorum
1299 4610 1676 4666 commeminit
1709 4611 1856 4666 inter
1873 4611 1988 4666 col-

410 4700 625 4770 loquia,
655 4715 718 4754 re
746 4708 931 4756 autem
958 4715 1088 4755 vera
1114 4701 1488 4771 intemperans
1523 4719 1648 4757 cum
1679 4703 1762 4765 lit,
1801 4704 1988 4758 neuti-

412 4809 586 4862 quam
635 4793 858 4849 illorum
894 4794 1059 4847 vitam
1105 4795 1398 4851 aemulatur
1440 4804 1498 4851 et
1541 4809 1742 4850 mores.
1798 4795 1987 4850 Ventri

413 4883 722 4940 saturando
773 4883 1066 4948 addictior,
1122 4885 1274 4940 nulla
1315 4886 1423 4944 alia
1458 4901 1520 4940 re
1558 4894 1664 4940 tam
1697 4885 1984 4956 gloriatur,

414 4983 516 5029 aut
561 4973 714 5029 ducit
747 4975 1113 5040 venerationi,
1168 4992 1334 5045 quam
1387 4976 1537 5046 quod
1585 4975 1859 5031 latissimo
1905 4987 1990 5034 est

418 5077 614 5123 ventre
640 5075 695 5122 et
724 5068 1063 5138 amplissime
1109 5069 1321 5136 capaci.
1351 5068 1521 5122 Plane
1568 5067 1648 5122 illi
1683 5076 1878 5122 venter
1927 5068 1990 5123 [it

417 5159 884 5228 promptuarium,
912 5167 968 5212 et
997 5157 1325 5211 honoratior
1355 5166 1662 5212 stercorum
1693 5159 1991 5227 apotheca;

421 5247 515 5301 sed
554 5256 610 5302 et
650 5249 858 5304 halitus
909 5249 1028 5319 ipse
1057 5247 1152 5316 qui
1189 5247 1245 5300 in
1271 5247 1353 5302 sic
1382 5246 1538 5301 edaci
1567 5247 1801 5314 habitat,
1829 5251 1993 5305 anxie

420 5338 781 5404 interclusus,
825 5340 965 5394 mire
1021 5339 1382 5393 turbulentus
1411 5346 1498 5393 est
1557 5354 1620 5393 ac
1676 5341 1992 5411 praetristis.

422 5429 670 5505 Dumque
697 5432 744 5487 is
792 5431 1081 5502 aegerrime
1103 5430 1233 5497 fert,
1257 5447 1421 5501 quam
1460 5448 1528 5487 ex
1559 5449 1618 5488 se
1665 5434 1837 5503 spirat
1867 5450 1994 5505 gra-

2105 4549 2252 4602 ματα
2282 4535 2348 4603 τῇ
2381 4531 2590 4602 κοιλίᾳ,
2645 4532 2741 4586 καὶ
2770 4534 2804 4603 ὴ
2836 4531 3014 4586 κοιλία
3042 4533 3154 4594 τοῖς
3183 4529 3489 4601 βρώμασιν,
3528 4528 3585 4580 '0
3607 4525 3665 4578 δὲ

2101 4625 2235 4687 Θεὸς
2263 4626 2360 4680 καὶ
2379 4625 2604 4695 ταύτην,
2629 4625 2915 4678 καὶταῦτα
2939 4625 3329 4693 καταργήσει.»
3360 4622 3467 4673 Καὶ
3487 4618 3661 4682 αὖθις·

2104 4735 2122 4768 ι
2166 4715 2230 4769 El
2281 4717 2370 4770 διὰ
2412 4717 2610 4787 βρῶμα
2654 4717 2906 4769 λυπεῖται
2951 4719 2980 4768 ὁ
3013 4714 3243 4783 ἀδελφός
3277 4730 3404 4775 σου,
3455 4711 3554 4764 οὐκ
3587 4709 3664 4762 ἐτι

2105 4808 2249 4862 κατά
2278 4809 2498 4878 ἀγάπην
2529 4811 2878 4879 περιπατείςο
2918 4808 2992 4878 μὴ
3022 4805 3156 4875 γοῦν
3184 4805 3263 4876 τῷ
3294 4802 3545 4874 βρώματί
3573 4818 3665 4854 σου

2095 4902 2305 4954 ἐκεῖνον
2365 4899 2600 4954 ἀπόλλυε
2647 4900 2788 4970 ὑπὲρ
2825 4893 2886 4954 οὗ
2930 4897 3165 4970 Χριστὸς
3191 4896 3450 4950 ἀπέθανε.
3482 4913 3500 4946 ι
3559 4893 3667 4947 Καὶ

2104 4994 2322 5062 ἐπάγει·
2345 4993 2560 5062 ιΟίγάρ
2576 4991 2806 5046 τοιοῦτοι
2827 4990 2908 5060 τῷ
2930 4989 3118 5061 Κυρίῳ
3133 4991 3164 5057 ἡ
3174 4987 3289 5058 μῶν
3313 4988 3373 5040 οὐ
3395 4986 3666 5040 δουλεύου-

2099 5099 2205 5148 σιν,
2241 5081 2376 5136 ἀλλά
2425 5084 2490 5153 τῇ
2536 5081 2746 5135 ἑαυτῶν
2796 5081 3010 5151 κοιλίᾳο
3062 5081 3157 5133 καὶ
3193 5079 3282 5132 διὰ
3309 5079 3407 5149 τῆς
3433 5093 3666 5148 χρηστο-

2098 5174 2290 5240 λογίας
2351 5172 2444 5227 καὶ
2494 5173 2745 5240 εὐλογίας
2793 5161 3105 5239 ἐξαπατῶσι
3144 5171 3244 5234 τὰς
3284 5170 3512 5241 καρδίας
3561 5167 3668 5222 τῶν

2102 5264 2382 5320 ἀκάκων.»
2414 5264 2523 5317 Καὶ
2549 5259 2733 5326 αὖθις·
2770 5283 2786 5315 ι
2819 5263 2892 5317 Τὸ
2916 5263 3025 5333 γάρ
3048 5248 3303 5334 φρόνημα
3323 5263 3422 5332 τῆς
3445 5261 3668 5330 σαρκὸς,

2099 5354 2325 5418 Θάνατος
2345 5370 2359 5386 ο
2416 5354 2476 5407 τὸ
2520 5353 2575 5407 δὲ
2624 5355 2880 5426 φρόνημα
2909 5353 3002 5406 τοῦ
3033 5353 3375 5423 πνεύματος,
3423 5349 3538 5419 ζωὴ
3572 5350 3668 5402 καὶ

2095 5445 2327 5515 εἰρήνη·
2384 5445 2478 5499 καὶ
2521 5444 2630 5515 γὰρ
2677 5445 2858 5517 χάριτι
2897 5443 3247 5524 βεϐαιοῦσθαι
3279 5443 3376 5513 τὴν
3409 5440 3662 5512 καρδίαν.

1714 5617 1946 5675 VARUS
1979 5621 2389 5680 LECTIONES.

498 5747 753 5815 Ρτρέφιι.
829 5760 854 5798 τι
884 5750 1045 5804 Deest
1075 5753 1316 5822 negatio,
1347 5757 1406 5809 οὐ
1444 5759 1714 5828 μιμεῖται.
