4020 6146
395 292 530 358 1445
1483 295 1808 370 HOMILIA
1849 295 1917 356 v.
1952 318 1982 333 —

2066 294 2149 353 DE
2185 269 2646 354 EBRIETATE-
3521 289 3653 352 1446

391 405 454 457 οὐ
485 402 788 474 βρώμασι.)
823 404 933 467 Καὶ
956 404 1144 458 πάλιν·
1182 413 1196 448 ι
1227 398 1307 456 Οὐ
1336 405 1446 476 γάρ
1472 407 1620 459 ἐστιν
1648 408 1680 476 ἡ
1705 405 1954 476 βασιλεία

2063 403 2416 466 veolentiam,
2451 418 2484 456 α
2533 392 2724 466 seipse
2769 399 2817 454 si
2873 416 2979 470 qua
3029 399 3148 456 fieri
3203 399 3397 470 possit,
3453 402 3650 468 quaerit

394 496 504 550 τῶν
546 494 789 565 οὐρανῶν
842 495 1043 565 βρῶσις
1086 492 1182 550 καὶ
1221 494 1414 563 πόσις,
1462 498 1597 552 ἀλλὰ
1627 497 1966 566 δικαιοσύνη,

2067 495 2350 562 secedere,
2399 506 2571 564 seque
2625 487 2786 563 fugit.
2820 493 2886 550 Ut
2913 493 3061 550 enim
3101 493 3286 547 fumus
3334 492 3456 546 dire
3496 494 3651 562 angit

397 584 492 638 καὶ
517 585 710 656 εἰρήνη
743 584 836 638 καὶ
866 583 1012 654 χαρὰ
1049 587 1106 637 ὲν
1144 583 1424 655 Πνεύματι
1456 587 1618 657 ἁγίῳ.
1663 608 1680 640 ι
1708 588 1820 641 Καὶ
1850 587 1971 657 οὐχὶ

2068 603 2201 656 apes
2244 595 2300 641 et
2333 585 2710 656 persequitur,
2748 584 2823 638 ita
2858 596 2913 642 et
2965 583 3296 640 exsatiandte
3345 583 3486 653 gula:
3531 591 3651 636 stu-

397 676 579 746 τρυφὴ
607 677 700 729 καὶ
724 675 998 747 σπατάλη,
1017 676 1198 742 καθὼς
1224 677 1461 749 εἴρηται,
1487 678 1618 750 βορά
1650 680 1966 750 σκωλήκων.

2069 679 2280 744 diosus,
2307 678 2538 749 gratiam
2563 692 2593 731 a
2618 691 2676 731 se
2709 675 2929 745 repellit
2952 673 3193 744 Spiritus
3218 675 3426 744 1033
3454 674 3648 728 sancti.

410 767 476 819 Ἡ
505 766 613 836 γὰρ
644 765 795 836 χλιδὴ
825 767 978 820 οὐδὲν
1004 769 1191 837 ἕτερόν
1218 772 1397 833 ἐστιν,
1439 769 1473 842 ἢ
1506 769 1660 824 ἑστία
1687 772 1934 841 ἑρπετῶν
1955 787 1968 800 ·

2071 769 2405 826 Ρτωειὶιθτὶι
2452 767 2624 839 igitur
2665 765 2939 836 ejusmodi
2980 765 3224 821 lautitias
3261 765 3645 820 condimento-

399 861 473 922 ὡς
493 860 588 914 καὶ
610 861 638 912 ό
662 857 916 922 Ἰάκωϐος
937 859 1216 924 ὀνειδίζων
1237 864 1352 922 τοῖς
1374 861 1749 926 κοιλιοδοιὶλοις
1769 863 1973 933 ἔγραφε

2072 876 2197 916 rum
2240 859 2451 914 ventris
2482 858 2789 929 ingluviem
2815 857 3175 926 prolicientes
3202 865 3650 924 praztercurrere,

401 949 574 1018 λέγων
598 965 611 980 ·
667 968 686 1000 ι
718 950 1094 1020 Ἐτρυφήσατε
1129 953 1221 1004 ἐπὶ
1250 951 1348 1020 τῆς
1376 955 1501 1023 γῆς,
1538 952 1634 1005 καὶ
1664 953 1974 1024 ἐσπαταλή-

2071 963 2128 1010 et
2181 967 2448 1023 perquam
2485 951 2638 1006 tenui
2677 950 2882 1020 pabulo
2936 948 3323 1009 necessitatem
3373 946 3653 1002 declinare

405 1057 569 1101 σατε,
625 1040 892 1111 ἐθρέψατε
943 1040 1044 1104 τὰς
1095 1041 1326 1110 καρδίας
1370 1043 1524 1113 ὑμῶν
1578 1043 1652 1105 ὡς
1698 1045 1756 1097 ὲν
1790 1045 1976 1115 ἡμέρα

2073 1045 2350 1116 corporis,
2437 1041 2735 1112 nequando
2821 1038 3094 1098 assimiles
3171 1036 3655 1108 deprehendantur

406 1134 673 1202 σφαγῆς.»
709 1133 821 1185 Καὶ
848 1134 876 1185 ό
901 1133 1105 1202 Κύριος
1145 1133 1202 1188 δὲ
1251 1137 1365 1196 τοῖς
1407 1135 1659 1200 ἀπίστοις
1701 1136 1979 1201 Ἰουδαίοις

2075 1137 2250 1196 fuisse
2281 1135 2486 1206 papulo
2531 1133 2614 1188 illi
2641 1134 2737 1202 qui
2783 1147 2884 1187 suo
2921 1131 3106 1190 ventri
3140 1138 3249 1186 tam
3283 1129 3446 1189 anxie
3480 1128 3657 1182 inser-

406 1223 572 1293 φησίν
593 1240 606 1254 ·
672 1241 692 1276 ι
731 1223 906 1294 Ἀμὴν
937 1223 1079 1291 λέγω
1109 1226 1269 1295 ὑμῖν,
1306 1225 1520 1295 ζητεῖτέ
1554 1244 1621 1297 με
1663 1228 1761 1298 οὐχ
1791 1231 1873 1282 ὅτι
1899 1228 1979 1281 εἴ..

2075 1229 2224 1283 visse
2254 1227 2478 1297 legitur.
2509 1245 2527 1276 ‹
2550 1225 2708 1280 Sedit
2735 1223 2908 1289 enim,
2935 1221 3033 1286 ait,
3059 1222 3300 1290 populus
3325 1219 3657 1274 manducare

407 1311 525 1365 δετε
561 1315 794 1382 σημεῖα,
847 1312 960 1366 ἀλλ’
999 1313 1080 1366 ὅτι
1123 1315 1356 1390 ἐφάγετε
1389 1316 1454 1368 ἐκ
1513 1316 1621 1368 τῶν
1648 1316 1858 1386 ἄρτων,
1885 1319 1981 1383 καὶ

2077 1329 2134 1374 et
2165 1318 2382 1384 bibere,
2416 1327 2471 1373 et
2509 1322 2878 1378 surrexerunt
2913 1313 3105 1367 ludere
3143 1313 3184 1366 ⁸.
3214 1331 3232 1363 ›
3264 1312 3405 1366 Dum
3423 1309 3573 1366 enim
3603 1317 3658 1364 et

409 1401 796 1474 ἐχορτάσθητε.
833 1421 851 1454 ι
889 1404 998 1458 Καὶ
1030 1404 1313 1474 ἐπιφέρειο
1365 1425 1382 1457 ι
1407 1404 1740 1477 Ἐργάξεσθε
1777 1407 1850 1477 μὴ
1882 1406 1982 1477 τὴν

2078 1410 2256 1465 edunt
2299 1418 2358 1463 et
2401 1408 2603 1462 bibunt
2636 1406 3075 1468 immoderatius,
3118 1404 3175 1458 in
3209 1403 3545 1457 oblivionem
3571 1400 3657 1454 di-

412 1492 614 1565 βρῶσιν
668 1493 766 1564 τὴν
813 1493 1236 1564 ἀπολλυμένην,
1299 1493 1435 1548 ἀλλὰ
1484 1495 1580 1566 τὴν
1629 1495 1932 1566 μέλλουσαν
1960 1506 1982 1532 ι’

2079 1501 2194 1556 vini
2233 1515 2432 1555 venere
2461 1498 2738 1564 mandati;
2774 1512 2877 1553 nec
2911 1497 3113 1561 solum,
3163 1495 3258 1550 sed
3306 1503 3363 1550 et
3392 1495 3446 1548 in
3493 1493 3659 1548 male-

411 1586 492 1649 εἰς
524 1584 671 1656 ζωὴν
702 1583 920 1639 αἰώνιον
942 1625 957 1650 ,
1013 1586 1080 1656 ἣν
1109 1586 1138 1637 ό
1169 1585 1294 1649 Υἱὸς
1325 1585 1418 1639 τοῦ
1451 1585 1738 1656 ἀνθρώπου
1770 1587 1984 1641 δίδωσιν

2083 1591 2311 1650 suadam
2361 1607 2426 1653 ac
2471 1591 2852 1648 vesanientem
2886 1589 3240 1659 impegerunt
3272 1586 3660 1642 idololatriam.

415 1676 563 1748 ὑμῖν,
591 1682 611 1730 i
655 1675 815 1748 Αὐτῷ
843 1678 875 1747 ὴ
908 1675 1059 1742 δόξα,
1089 1677 1183 1730 καὶ
1207 1676 1270 1729 τὸ
1293 1675 1494 1746 κράτος
1522 1679 1601 1740 είς
1628 1677 1752 1740 τοὺς
1781 1677 1986 1741 αἰῶνας

2089 1683 2262 1738 Recte
2314 1683 2486 1754 igitur
2516 1681 2938 1736 successoribus
2973 1680 3166 1741 talium
3202 1678 3502 1747 Apostolus
3529 1675 3664 1730 scri-

415 1769 524 1822 ιῶν
552 1767 783 1834 αἰώνων.
821 1768 1020 1840 Ἀμήν.

2084 1771 2166 1825 hit
2205 1790 2215 1822 τ
2265 1791 2282 1821 ι
2307 1771 2554 1839 Quorum
2586 1771 2732 1824 Deus
2765 1777 2963 1822 venter
2993 1777 3102 1832 est,
3140 1776 3198 1821 et
3236 1766 3408 1836 gloria
3440 1765 3493 1818 in
3529 1779 3663 1818 con-

415 1861 633 1922 fusione
665 1861 938 1932 ipsorum,
964 1861 1059 1930 qui
1085 1868 1305 1917 terrena
1337 1859 1566 1929 sapiunt
1607 1860 1650 1912 9.
1683 1877 1700 1911 ι
1772 1860 2012 1932 lterum:
2063 1880 2080 1912 ‹
2111 1863 2286 1929 Escae,
2335 1863 2548 1924 ventri;
2598 1870 2655 1918 et
2703 1870 2920 1925 venter,
2983 1861 3172 1914 escis:
3214 1859 3362 1914 Deus
3401 1867 3586 1917 autem
3612 1861 3671 1909 et

416 1957 518 2011 has
554 1964 610 2011 et
640 1954 790 2013 hunc
831 1954 1083 2009 destruet
1134 1954 1200 2008 '°.
1242 1972 1260 2006 ι
1307 1953 1521 2028 Rursus
1554 1969 1566 2005 :
1616 1972 1633 2004 ι
1667 1952 1721 2008 Si
1755 1961 1983 2024 propter
2020 1954 2205 2009 cibum
2238 1957 2630 2012 constristatur
2666 1954 2837 2012 frater
2887 1963 3034 2019 tuus,
3064 1969 3174 2008 non
3227 1954 3339 2022 jam
3368 1951 3669 2006 secundum

416 2051 742 2106 charitatem
773 2049 1046 2114 ambulas,
1090 2047 1203 2104 noli
1247 2048 1376 2104 cibo
1417 2057 1513 2104 tuo
1580 2047 1738 2102 illum
1801 2049 2056 2118 perdere,
2096 2065 2198 2121 pro
2233 2065 2344 2120 quo
2371 2049 2626 2106 Christus
2660 2059 2919 2105 mortuus
2950 2057 3036 2103 est
3067 2049 3132 2102 “.
3165 2067 3183 2101 ι
3221 2048 3439 2104 lnducit
3468 2065 3482 2099 :
3519 2067 3536 2098 ι
3565 2045 3670 2111 Qui

417 2142 564 2199 enim
607 2143 742 2198 tales
767 2151 918 2207 sunt,
951 2141 1187 2198 Domino
1222 2147 1416 2197 nostro
1453 2153 1564 2194 non
1597 2138 1867 2204 serviunt,
1901 2139 1998 2194 sed
2040 2155 2141 2195 suo
2171 2141 2374 2202 ventri.
2420 2150 2478 2195 et
2503 2156 2604 2211 per
2670 2141 3082 2210 suaviloquium
3134 2151 3192 2193 et
3223 2136 3671 2193 benedictionem

421 2239 696 2296 seducunt
732 2237 904 2292 corda
965 2235 1326 2307 innocentum
1393 2234 1464 2288 υ.
1495 2257 1514 2286 ι
1562 2235 1800 2290 Rursum
1834 2252 1845 2286 :
1887 2253 1905 2284 ι
1933 2233 2233 2289 Prudentia
2269 2233 2478 2299 carnis,
2520 2250 2710 2301 mors;
2743 2234 3040 2305 prudentia
3073 2247 3208 2286 vero
3276 2231 3528 2300 spiritus,
3561 2231 3674 2284 vita

421 2340 477 2387 et
512 2347 617 2401 pax
651 2331 694 2364 ¹³
718 2348 730 2384 :
758 2329 966 2395 bonum
989 2329 1138 2388 enim
1161 2337 1248 2384 est
1270 2327 1445 2397 gratia
1472 2327 1721 2383 stabilire
1747 2342 1878 2389 cor,
1908 2341 2018 2380 non
2057 2329 2202 2384 escis
2231 2328 2295 2382 “.
2332 2346 2352 2378 ι
2401 2327 2608 2382 lterum
2641 2343 2654 2379 :
2695 2346 2712 2378 σ
2735 2327 2855 2382 Νοη
2893 2329 3043 2386 enim
3094 2334 3179 2384 est
3245 2341 3474 2396 regnum
3504 2325 3673 2379 coelo-

425 2438 547 2476 rum
579 2437 706 2478 esca
741 2431 797 2475 et
833 2431 1021 2492 potus,-
1055 2421 1151 2476 sed
1182 2421 1396 2491 iustitia
1425 2431 1484 2476 et
1513 2437 1616 2491 pax
1653 2429 1710 2475 et
1741 2421 2003 2491 gaudium
2047 2424 2102 2476 in
2140 2420 2351 2490 Spiritu
2401 2429 2596 2480 sancto
2665 2421 2730 2475 ¹⁵.
2779 2439 2800 2473 ι
2861 2420 2968 2476 Sed
3023 2435 3127 2474 nec
3171 2419 3395 2487 quidem
3448 2420 3684 2486 genialis.

423 2513 550 2568 vitae
602 2513 863 2581 splendor
930 2523 1027 2568 aut
1071 2512 1396 2571 illecebrosa
1450 2513 1704 2582 voluptas
1787 2513 1907 2584 (ceu
1943 2516 2058 2584 jam
2095 2513 2306 2568 dictum
2334 2512 2472 2568 mihi
2502 2511 2608 2581 est)
2634 2528 2756 2582 quae
2778 2512 2834 2566 in
2869 2512 3016 2566 diem
3042 2510 3239 2565 mortis
3260 2511 3521 2579 pabulum
3549 2524 3684 2563 con-

424 2601 1389 2672 ditetthesaurizatvermibus.Ipsa
1405 2602 1553 2657 enim
1579 2602 2005 2673 indulgentioris
2039 2604 2166 2658 vita:
2230 2603 2514 2667 illecebra,
2545 2602 2694 2656 aliud
2759 2602 2898 2659 nihil
2942 2609 3024 2656 est
3063 2616 3227 2670 quam
3264 2600 3577 2654 molliculus
3623 2609 3683 2654 et

427 2697 673 2768 epularis
711 2697 869 2752 cibus
899 2697 1203 2766 reptilium,
1227 2697 1318 2751 vel
1349 2705 1487 2752 teste
1515 2698 1740 2763 Jacobo,
1767 2699 1860 2768 qui
1893 2699 2244 2768 opprobrans
2265 2698 2565 2760 scribebat.
2619 2712 2721 2752 suo
2781 2695 2961 2750 ventri
2991 2695 3153 2749 anxie
3208 2693 3374 2748 nimis
3436 2691 3683 2746 servien-

431 2785 579 2840 tibus
613 2802 628 2840 :
674 2805 691 2837 ι
717 2786 970 2842 Deliciati
1003 2787 1142 2842 estis
1167 2802 1337 2857 super
1366 2796 1571 2842 terram
1603 2798 1660 2844 et
1686 2789 2004 2853 lascivistis,
2042 2797 2100 2845 et
2146 2780 2644 2846 enutristis'corda
2681 2795 2869 2842 vestra
2902 2795 2966 2842 ut
3000 2785 3058 2839 in
3115 2785 3205 2838 die
3238 2783 3531 2839 occisionis
3559 2782 3622 2834 “.
3657 2798 3676 2831 ›

431 2875 698 2932 Dominus
731 2879 961 2949 insuper
1006 2881 1312 2944 incredulis
1351 2881 1555 2938 Iudaeis
1592 2883 1670 2938 ait
1702 2901 1716 2938 :
1784 2902 1804 2937 ι
1863 2886 2063 2948 Amen,
2102 2899 2264 2940 amen
2299 2884 2422 2939 dico
2449 2883 2608 2938 vobis
2638 2900 2652 2936 :
2687 2882 2944 2949 Quaeritis
2993 2896 3102 2944 me,
3137 2894 3246 2933 non
3289 2880 3416 2948 quia
3467 2876 3687 2930 vidistis

429 2969 604 3040 signa,
643 2969 737 3024 sed
771 2972 899 3040 quia
939 2971 1261 3027 comedistis
1296 2987 1361 3027 ex
1391 2973 1650 3042 panibus,
1675 2983 1731 3033 et
1767 2976 2000 3030 saturati
2039 2977 2174 3031 estis
2207 2977 2269 3030 ".
2302 2995 2320 3027 ι
2358 2975 2532 3030 infert
2563 2991 2577 3028 :
2617 2992 2634 3024 ι
2677 2973 2996 3043 Operamini
3030 2988 3142 3026 non
3175 2970 3362 3025 cibum
3391 2970 3485 3038 qui
3519 2968 3683 3037 perit,

432 3062 526 3116 sed
588 3047 697 3131 'qui
772 3071 1058 3131 permanet
1119 3063 1176 3117 in
1224 3063 1393 3120 vitam
1445 3074 1708 3124 teternam
1786 3083 1952 3138 quem
1992 3067 2164 3124 Filius
2220 3067 2460 3122 hominis
2491 3066 2648 3122 dabit
2677 3065 2836 3120 vobis
2867 3065 2930 3120 “.
2967 3083 2986 3116 ι
3035 3063 3142 3133 Ipsi
3181 3061 3355 3132 gloria
3385 3059 3441 3114 in
3487 3059 3686 3114 saecula

435 3155 780 3211 saeculorum.
819 3153 992 3211 Amen

1058 3267 1277 3323 ΛΟΓΟΣ
1314 3271 1387 3326 E'.
2034 3269 2078 3328 C

2034 3269 2078 3328 C
2705 3267 2983 3322 HOMILIA
3027 3266 3089 3322 V.

1035 3383 1173 3446 Περὶ
1199 3382 1410 3450 μέθης.

2715 3381 2792 3434 De
2820 3381 3087 3434 ebrietate.

508 3490 669 3558 Μέθη
708 3487 878 3542 πλείω
923 3491 1024 3560 τῆς
1071 3490 1386 3559 ἀδηφαγίας
1422 3490 1699 3561 βαρυτέρα
1750 3493 2009 3563 ὑπάρχει,

2183 3494 2439 3548 Ebrietas
2487 3493 2663 3547 multo
2705 3501 3000 3560 exsuperat
3029 3499 3225 3560 suapte
3263 3490 3528 3560 gravitate
3563 3490 3685 3545 eda«

442 3582 539 3635 καλ⁵
583 3581 728 3633 πάνυ
767 3581 1147 3650 ἀπηγόρευται
1180 3580 1333 3652 παρὰ
1375 3584 1441 3650 τῇ
1493 3581 1615 3648 θεία
1654 3582 1865 3652 Γραφῇ.
1904 3582 2014 3634 Καὶ

2113 3587 2358 3650 citatem,
2386 3594 2442 3640 et
2483 3585 2604 3653 ejus
2634 3599 2758 3646 usu,
2792 3583 2953 3636 nobis
2988 3597 3241 3651 prorsum
3278 3580 3577 3650 Scriptura:
3605 3580 3689 3634 di-

443 3672 554 3742 γὰρ
596 3671 853 3740 ἀθέμιτόν
905 3672 1023 3724 ἐστι
1058 3670 1230 3741 ταύτῃ
1281 3672 1695 3742 ἐναϐρύνεσθαι,
1742 3673 1818 3736 ὣς
1868 3689 2014 3736 τινες

2112 3673 2255 3728 vina:
2286 3674 2502 3728 sanctio
2531 3669 2834 3725 interdixit.
2860 3671 2971 3724 Nec
2999 3669 3146 3724 enim
3182 3671 3264 3722 fas
3293 3671 3548 3738 cuiquam
3578 3678 3693 3722 tur-

445 3763 840 3833 κοσμόφρονες,
881 3763 937 3815 ὲν
986 3761 1062 3831 τῷ
1107 3761 1380 3815 οἰνοῦσθαι
1409 3763 1646 3826 αὐτοὺς,
1683 3763 2012 3834 καυχῶνται.

2115 3763 2366 3834 pitudine
2397 3763 2559 3817 istius
2585 3760 2810 3830 gloriari
2835 3759 3143 3820 ebrietatis.
3167 3774 3266 3813 ceu
3291 3759 3516 3828 quidam
3545 3772 3693 3811 asso-

457 3853 523 3907 'H
560 3853 670 3924 γάρ
709 3850 1025 3920 οἰνοφλυγία
1055 3851 1207 3903 οὐδὲν
1245 3851 1432 3922 ἕτερον
1471 3854 1718 3922 παρέχει,
1756 3853 1788 3923 ἢ
1821 3853 2014 3905 ἐκστα-

2115 3854 2232 3907 lent
2260 3872 2272 3906 :
2306 3853 2401 3923 qui
2427 3853 2564 3906 nihil
2593 3862 2699 3905 tam
2739 3853 3006 3921 resipiunl
3033 3861 3196 3918 atque
3225 3849 3416 3903 tnundi
3451 3850 3695 3918 pruden-

449 3961 532 3995 σιν
565 3943 683 4003 νοὸς
717 3941 810 3994 καὶ
841 3941 1052 3994 πενίαν.
1082 3941 1189 3993 Καὶ
1213 3940 1273 3992 τὸ
1299 3941 1460 4009 σῶμα
1487 3941 1727 4008 ἐξίτηλον
1751 3944 1844 3995 καὶ
1883 3942 2017 4012 χαῦ-

2119 3947 2284 4009 tiam,
2321 3960 2440 3999 sese
2494 3945 2598 3998 hoc
2652 3943 2874 3997 nomine
2924 3942 3278 3996 venditantes
3327 3942 3692 4006 insolentius,

448 4050 537 4085 vov
573 4030 972 4102 ἀπεργάζεται.
1007 4031 1185 4084 Καλὸν
1215 4026 1309 4084 οὖν
1341 4033 1435 4084 καὶ
1465 4031 1761 4085 ἀπόδεκτόν
1785 4035 1898 4086 ἐστι
1929 4033 2018 4087 διὰ

2118 4037 2263 4108 quod
2297 4037 2527 4108 pulchre
2556 4045 2803 4090 ventrem
2837 4050 2988 4088 mero
3017 4035 3318 4089 onerarint.
3343 4035 3501 4088 Aliud
3535 4036 3695 4104 plane

449 4125 546 4194 τὴν
578 4125 867 4177 ἀσθένειαν
897 4123 990 4176 τοῦ
1030 4122 1280 4193 σώματος
1312 4123 1477 4194 ὀλίγῳ
1520 4123 1649 4195 οίνῳ
1695 4126 2015 4195 κεχρῆσθαι.

2118 4127 2444 4184 temulentia
2494 4127 2630 4180 nihil
2670 4126 2804 4179 meri
2851 4125 3043 4178 bibulo
3075 4124 3310 4185 confert,
3345 4140 3506 4192 quam
3543 4140 3700 4178 emo-

456 4216 554 4266 Ὀν
581 4215 782 4284 τρόπον
810 4213 972 4283 γὰρὴ
1006 4214 1077 4283 γῆ
1113 4213 1412 4284 συμμέτρῳ
1442 4215 1540 4284 μὲν
1570 4215 1760 4285 ὄμϐρῳ
1791 4217 2018 4286 ἀρδευο-

2121 4219 2330 4274 tionem
2351 4219 2553 4274 mentis
2569 4227 2733 4288 atque
2758 4217 3445 4286 paupertatem.Exolescit
3467 4217 3703 4285 proinde

456 4305 616 4376 μένη,
650 4305 896 4375 καθαρὸν
931 4305 992 4357 τὸ
1025 4307 1103 4368 εί..
1137 4306 1307 4375 αὐτὴν
1358 4304 1578 4374 σπέρμα
1609 4306 2021 4376 καταϐαλλόμε-

2119 4328 2219 4382 per
2243 4327 2362 4366 eam
2388 4325 2607 4380 corpus.
2630 4325 2695 4364 ac
2725 4309 2926 4362 friatile
2950 4307 3204 4362 redditur
3232 4317 3287 4362 et
3308 4323 3524 4362 enerve.
3555 4309 3703 4363 Sane

449 4413 540 4448 vov
588 4396 726 4466 μετὰ
776 4397 1098 4467 προσθήκης
1143 4398 1378 4466 ἀνίησιν,
1427 4397 1530 4449 ὑπὸ
1577 4397 1787 4451 πολλῶν
1824 4398 1881 4452 δὲ
1918 4399 2020 4469 ὃμ-

2121 4419 2298 4476 quam‘
2320 4404 2525 4458 bonum
2562 4403 2634 4462 sit
2680 4417 2783 4455 nec
2829 4399 3250 4468 improbandum
3288 4409 3516 4468 prepter
3547 4399 3701 4452 infir-

453 4487 600 4558 ϐρων
653 4486 1034 4560 μεθυσκομένη
1075 4489 1317 4553 ἀκάνθας
1362 4489 1516 4559 φέρει
1571 4489 1664 4544 καὶ
1739 4491 2022 4562 τριϐόλους

2122 4499 2371 4554 mitatem
2396 4497 2647 4566 corporis
2677 4493 2898 4548 modico
2929 4492 3008 4547 uti
3037 4492 3187 4546 vino.
3225 4489 3439 4562 1034
3462 4489 3533 4545 Ut
3553 4489 3704 4544 enim

456 4578 649 4647 μόνον·
680 4576 823 4629 οὕτω
861 4579 955 4631 καὶ
1001 4579 1035 4648 ἡ
1086 4578 1159 4648 γῆ
1201 4579 1299 4648 τῆς
1353 4580 1600 4648 καρδίας,
1653 4582 1749 4634 ἐὰν
1805 4582 2017 4652 συμμέ-

2127 4599 2274 4645 terra
2325 4588 2611 4644 moderato
2663 4585 2884 4656 perfusa
2942 4585 3154 4650 imbre,
3204 4599 3394 4638 semen
3451 4583 3599 4654 quod
3648 4583 3706 4637 in

453 4683 597 4736 τρως
641 4666 718 4737 τῷ
762 4666 890 4738 οἴνῳ
934 4667 1219 4738 χρώμεθα,
1252 4669 1471 4741 καθαρὰ
1513 4669 1579 4726 τὰ
1616 4671 1820 4740 φυσικά
1851 4672 2022 4744 αὐτῆς

2125 4681 2340 4735 viscera
2391 4695 2490 4734 sua
2537 4678 2810 4748 deiectum
2846 4691 3043 4746 purum
3087 4674 3324 4744 excepit,
3357 4675 3532 4728 multo
3578 4689 3705 4729 cum

455 4757 746 4811 ἀναδίδωσι
801 4758 1112 4829 σπέρματα.
1155 4760 1280 4814 Ἐὰν
1320 4761 1377 4814 δὲ
1406 4762 1692 4834 διάϐροχος
1723 4763 1828 4816 ὑπὸ
1855 4764 2021 4818 πολυο

2125 4768 2317 4824 fenore
2348 4768 2589 4823 emicare
2634 4767 2780 4836 cogit
2821 4773 2880 4819 et
2926 4778 3240 4834 emergere;
3290 4779 3320 4818 e
3369 4763 3611 4830 diverso,
3659 4761 3705 4820 si

456 4848 652 4912 ποσίας
685 4849 936 4920 γένηται,
967 4850 1211 4914 ἀκάνθας
1247 4852 1412 4916 δντῑος
1441 4855 1594 4923 φέρει
1619 4857 1745 4918 τοὺς
1777 4856 2024 4920 ἅπαντας

2127 4859 2437 4914 immodica:
2481 4858 2680 4928 pluvia:
2721 4857 2998 4912 madescat
3046 4856 3242 4925 illapsu
3278 4865 3336 4910 et
3370 4855 3704 4917 inebrietur,

456 4938 629 5008 αὐτῆς
653 4939 971 5010 λογισμούς.
997 4941 1071 4995 Οὐ
1109 4942 1268 5012 μόνον
1294 4943 1348 4996 δὲ
1379 4943 1556 5007 τοῦτο,
1590 4945 1724 5000 ἀλλὰ
1756 4949 1849 5002 καὶ
1880 4950 2026 5001 ποιεῖ

2128 4951 2316 5020 spinas
2348 4949 2555 5020 profert
2587 4949 2762 5002 solum
2797 4956 2851 5001 et
2880 4948 3133 5012 tribulos,
3155 4947 3236 5003 ita
3265 4954 3322 5001 et
3348 4954 3492 5000 terra
3523 4943 3712 5000 cordis

456 5026 548 5078 τὸν
605 5027 871 5096 μεθύοντα
930 5031 1082 5099 παρὰ
1131 5031 1229 5099 μὲν
1282 5031 1390 5084 τῶν
1432 5034 1688 5104 ἀφρόνων
1722 5036 2019 5104 γελᾶσθαισ

2128 5042 2328 5106 nostri,
2363 5039 2637 5109 siquidem
2682 5054 2805 5092 cum
2849 5038 3116 5108 temperie
3150 5038 3283 5091 vino
3315 5046 3554 5096 utemur,
3587 5046 3711 5100 qua

458 5116 612 5186 παρά
637 5117 694 5170 δὲ
723 5118 831 5171 τῶν
858 5121 1141 5191 φρονίμων
1171 5121 1509 5178 πενθεῖσθαι.
1539 5126 1663 5178 Νῶε
1699 5127 1829 5199 γὰρ,
1861 5129 2028 5200 φησὶν

2125 5141 2322 5204 suapte
2359 5132 2522 5202 genio
2549 5131 2760 5185 semina
2789 5147 2926 5200 pura
2956 5130 3187 5198 accepit,
3215 5127 3396 5181 reddit
3419 5123 3709 5192 multiplici

461 5209 496 5279 η
528 5207 650 5262 θεία
670 5210 891 5282 Γραφὴ,
923 5212 1063 5284 ἀνὴρ
1099 5213 1327 5281 δίκαιος,
1357 5215 1512 5270 ἔπιεν
1553 5213 1716 5282 οἶνον,
1767 5223 1862 5272 καὶ
1899 5220 2031 5291 ἐμε-

2128 5239 2254 5278 cum
2314 5223 2662 5288 accessione;
2725 5222 2769 5276 si
2838 5230 2949 5276 tota
3016 5219 3130 5274 vini
3193 5219 3428 5271 humore
3490 5229 3708 5286 perma-

464 5367 978 5462 ..'..§§.°d:._f“.!"
1027 5370 1108 5462 6:.
1143 5373 1642 5462 ..L?bil_it?P--""
1675 5375 1798 5462 .39.:
1903 5377 2001 5432 ¹⁹¹
2045 5387 2051 5423 ⁴

2118 5395 2282 5462 ’πῖ-,τιν
2537 5380 2578 5412 ¹¹
2614 5376 2922 5462 Rem-312%
2977 5375 3064 5429 ⁸⁵·
3174 5373 3414 5462 2.30").-
3450 5387 3567 5462 ἔδει.
3615 5369 3705 5462 ἐξ·

546 5437 708 5494 Rom.
750 5453 864 5502 vut,
901 5441 955 5493 6.
1065 5441 1108 5474 “
1141 5439 1310 5499 Hebr.
1352 5437 1468 5512 xxii;
1525 5446 1578 5504 9.
1628 5437 1637 5443 ’
1675 5446 1719 5478 ³⁸
1761 5446 1923 5503 Rom.
1972 5463 2080 5514 xw,
2137 5449 2224 5502 17.
2266 5437 2279 5445 ’
2329 5450 2497 5510 "Jac.
2551 5466 2608 5516 ν,
2651 5449 2706 5504 5.
2789 5447 2830 5480 "
2867 5437 3026 5506 Joan.
3063 5460 3138 5510 vt,
3177 5443 3268 5499 36.
3368 5441 3413 5474 ³⁸
3456 5440 3593 5500 ibid.
3615 5440 3709 5498 27.

1759 5604 1993 5664 νΑιιιΔι]
2034 5605 2438 5662 LECTlOM-ZS.

535 5689 556 5718 ι
589 5668 757 5748 μένου
765 5684 882 5724 σον.
