4020 6146
460 310 590 376 1447
1718 312 2020 375 ANTIOCI

2127 314 2472 376 MONACHI
3583 311 3720 377 1448

457 423 669 488 duerit,
703 439 871 494 seque
905 440 1058 479 mero
1087 426 1394 494 cepiosiore
1421 426 1712 496 proluerit,
1741 428 1874 497 jam,
1903 425 2020 480 veli:

2145 425 2338 497 θύσθη,
2365 428 2456 480 καὶ
2479 427 2658 481 ἔκειτο
2683 428 2909 498 γυμνὸς,
2940 427 3030 482 καὶ
3061 427 3260 498 ούχ.ὄτι
3292 427 3546 498 πάροινος
3591 426 3661 499 ἦν
3690 417 3717 467 6

457 514 624 577 nolis,
657 515 844 582 Spinas
863 523 919 566 et
941 514 1090 567 aliud
1122 514 1258 567 nihil
1285 525 1493 581 exeret,
1524 531 1723 585 nempe
1753 516 2020 586 improbas

2134 517 2366 583 δίκαιος,
2402 519 2515 572 ἀλλ’
2555 521 2780 590 ἄπειρος
2831 520 2930 589 τῆς
2966 520 3058 572 τοῦ
3093 521 3237 573 οἴνου
3289 521 3558 590 χρήσεως,
3622 521 3716 574 καί

457 605 842 675 cogitationes.
871 605 1058 674 Neque
1083 606 1136 659 id
1165 608 1350 672 modo,
1380 609 1473 663 sed
1495 618 1551 663 et
1572 609 1852 663 ebriacum
1879 609 2033 662 illum

454 695 621 750 efﬁcit
665 696 747 750 sui
785 696 1083 762 similibus,
1117 697 1222 752 hoc
1277 707 1361 754 est
1396 700 1600 763 stultis,
1641 699 2029 764 deridiculum,

456 788 825 856 prudentibus
864 796 1074 850 autem,
1105 804 1204 857 per
1240 791 1778 845 coinmiserationem
1821 791 2031 845 luctum

452 887 764 947 extorquet.
787 880 904 935 Noe
935 882 1104 946 enim,
1133 883 1209 935 ait
1257 882 1446 936 divina
1489 882 1799 950 Scriptura,
1827 883 1911 934 vir
1938 883 2000 951 ju

452 982 573 1026 stus
604 973 822 1027 biberat
853 973 1061 1035 vinum,
1095 989 1264 1042 seque
1297 989 1364 1028 eo
1395 975 1680 1043 proluerat
1713 973 2027 1037 immodice,

451 1074 508 1118 et
546 1066 768 1134 jacebat
810 1065 992 1118 nudus
1039 1066 1164 1136 (nec
1199 1074 1381 1120 tamen
1423 1081 1490 1120 eo
1533 1067 2028 1136 seribiturjustus,

451 1157 599 1224 quod
638 1156 766 1208 vino
810 1156 1213 1219 immaduisset,
1245 1157 1342 1209 sed
1385 1166 1616 1210 eatenus
1656 1172 1855 1224 expers
1897 1172 2030 1212 usus

452 1246 613 1315 vini),
641 1256 697 1300 et
724 1247 792 1300 ab
819 1247 1170 1315 imprudente
1205 1248 1300 1301 illo
1321 1247 1513 1310 Cham,
1545 1249 1768 1302 habitus
1789 1248 2030 1303 ludibrio

452 1347 557 1401 est,
589 1354 617 1390 a
650 1339 1018 1406 prudentibus
1048 1350 1230 1394 autem
1265 1341 1394 1393 [iliis
1428 1350 1568 1394 tecta
1603 1350 1688 1394 est
1728 1341 2028 1410 ignominia

454 1430 720 1484 nuditatis
771 1432 834 1482 ".
887 1431 1133 1485 Vitemus
1182 1432 1349 1502 igitur
1405 1432 1673 1503 (fratres)
1739 1431 2028 1487 ebrietatis

452 1522 776 1585 dasmonem,
808 1531 867 1574 ut
901 1539 968 1576 ne
996 1523 1216 1576 demum
1249 1524 1327 1577 illi
1363 1538 1462 1576 nos
1489 1522 1852 1577 exbibeamus
1879 1523 2028 1576 deri-

449 1613 684 1674 diculos,
717 1615 967 1682 quinimo
1001 1630 1102 1668 nos
1146 1617 1296 1683 ipsos
1346 1615 1771 1685 praemuniamus
1813 1605 2026 1683 sobrie—

451 1713 582 1771 tate,
617 1721 738 1773 qua:
767 1706 914 1759 hunc
949 1718 1198 1760 nostrum
1229 1707 1513 1761 hominem
1544 1707 1876 1760 incolumem
1911 1721 2028 1760 ser-

446 1805 538 1851 vet
579 1813 704 1851 cum
741 1798 1004 1866 primaria
1050 1800 1168 1868 ejus
1212 1800 1490 1868 portione,
1521 1799 1782 1854 videlicet
1815 1807 2019 1864 mente,

447 1890 590 1943 sicut
606 1901 662 1943 et
679 1891 1067 1944 Parcemiastes
1089 1907 1188 1944 suo
1210 1891 1520 1960 praescribit
1536 1890 1794 1944 mandato
1817 1908 1829 1942 :
1854 1909 1872 1940 ι
1898 1889 2023 1943 Noli

446 1989 568 2035 esse
586 1991 803 2050 potator
819 1982 929 2034 vini
949 1999 961 2044 ;
980 1983 1160 2035 omnis
1179 1983 1323 2035 enim
1342 1982 1552 2045 ebrius,
1573 1999 1784 2052 pauper
1803 1991 1887 2036 est
1907 1983 1971 2034 ὀ.
1997 2001 2016 2033 ι

447 2073 651 2128 lterum
680 2091 692 2126 :
727 2092 744 2124 ι
774 2073 874 2128 Cui
905 2091 1004 2139 vae,
1037 2083 1092 2129 et
1116 2075 1206 2128 cui
1235 2075 1534 2128 tumultus?
1553 2075 1642 2128 cui
1666 2074 1911 2145 judicia?
1933 2075 2021 2128 cui

445 2163 749 2220 insuavitas
793 2175 848 2220 et
898 2166 1091 2235 nugae?
1141 2167 1230 2220 cui
1287 2166 1650 2221 contritiones
1700 2165 2023 2235 superﬂuae?

444 2257 604 2324 Cujus
638 2257 792 2310 lividi
827 2259 1006 2311 oculi?
1035 2273 1218 2311 nonne
1250 2257 1318 2312 iis
1347 2258 1442 2326 qui
1490 2259 1854 2313 immorantur
1895 2259 2022 2312 diu-

446 2347 560 2400 tius
587 2349 964 2401 exhauriendo
1006 2349 1171 2402 vino?
1197 2349 1446 2418 nunquid
1495 2365 1604 2403 non
1645 2350 1731 2404 his
1759 2349 1854 2419 qui
1904 2366 2026 2420 per-

445 2439 720 2507 vestigant
744 2439 837 2492 ubi
873 2439 1012 2492 ﬁunt
1034 2441 1472 2508 com-potationes
1494 2441 1578 2493 2l?
1611 2459 1628 2491 ›
1661 2441 1799 2500 Tum
1827 2440 2020 2494 addit:

452 2547 472 2579 ι
507 2529 626 2582 Noli
656 2530 919 2583 inebriari
947 2530 1093 2596 vino,
1125 2531 1220 2585 sed
1255 2547 1582 2604 c0n_versare
1617 2547 1742 2585 eum
1781 2532 2022 2586 homini-

446 2619 731 2690 busjustis
757 2622 823 2674 “.
860 2641 878 2672 ›
908 2621 1063 2676 Alius
1089 2623 1216 2676 item
1245 2640 1258 2675 :
1291 2642 1310 2674 ι
1339 2624 1417 2678 Ne
1437 2633 1558 2679 esto
1579 2623 1758 2677 virilis
1786 2623 1842 2676 in
1871 2625 2020 2687 vino,

443 2711 647 2765 multos
673 2712 822 2765 enim
856 2713 1095 2781 perdidit
1123 2713 1312 2766 vinum
1337 2715 1403 2767 ’³.
1437 2733 1454 2764 ι
1482 2715 1726 2769 lterum:
1759 2733 1776 2764 ‹
1803 2713 1905 2780 Qui
1930 2715 2022 2785 ju-

440 2799 658 2853 cundus
685 2811 770 2854 est
798 2791 860 2854 in
883 2800 996 2854 vini
1027 2804 1433 2872 congressibus,
1468 2803 1524 2856 in
1555 2787 1669 2857 suis
1695 2805 2023 2857 munitioni-

445 2887 550 2942 bus
591 2891 940 2959 derelinquet
983 2891 1340 2961 ignominiam
1369 2894 1434 2946 ".
1473 2912 1496 2944 τ
1533 2893 1816 2959 Rursum:
1850 2912 1867 2943 ι
1899 2893 2022 2947 Noli

445 2996 566 3035 esse
601 2991 818 3049 potator
842 2983 978 3044 vini,
1013 2999 1121 3036 non
1150 2985 1298 3038 enim
1349 2984 1640 3038 conferunt
1685 2985 1852 3038 stulto
1882 2984 2022 3039 deli-

2135 609 2287 678 παρὰ
2334 609 2434 678 μὲν
2478 607 2572 662 τοῦ
2613 611 2845 678 ἄφρονος
2870 609 3000 678 Χὰμ
3024 607 3316 678 ἐγελάσθη,
3345 607 3495 677 παρὰ
3523 607 3581 660 δὲ
3607 607 3715 659 τῶν

2134 695 2412 764 φρονίμων
2450 697 2580 750 υἰῶν
2634 695 2974 766 ἐσκεπάσθη.
3025 697 3294 768 Φύγωμεν
3323 692 3437 761 οὖν,
3470 698 3712 766 ἀδελφοὶ,

2131 786 2223 838 τὸν
2246 789 2340 857 τῆς
2376 789 2546 858 μέθης
2577 791 2831 858 δαίμονα,
2869 791 2954 842 ἵνα
2981 789 3055 860 μὴ
3088 789 3592 858 καταγελασθῶμεν
3619 790 3711 844 ὑπ’

2132 877 2318 942 αὑτοῦ,
2350 880 2482 934 ἀλλὰ
2509 870 2710 950 μᾶλλον
2727 884 2792 952 τῇ
2817 880 2974 952 νήψει
3000 881 3226 944 ἑαυτοὺς
3258 879 3706 950 ἀσφαλισὼμεθα,

2133 968 2220 1021 ἵνα
2250 971 2478 1040 γένηται
2507 972 2692 1042 ἄρτιος
2718 973 3002 1043 ἄνθρωπος
3031 975 3129 1026 σὺν
3151 973 3230 1042 τῷ
3258 971 3574 1043 ἡγεμονικῷ
3594 989 3608 1004 ’
3631 973 3706 1035 ὡς

2131 1064 2222 1115 καὶ
2245 1065 2698 1138 ὁΠαροιμιαστὴς
2731 1067 3037 1120 ἐντέλλεται
3067 1068 3264 1135 λέγων·
3307 1086 3326 1118 ι
3353 1068 3446 1139 Μὴ
3488 1068 3597 1120 ίσθι
3622 1068 3704 1120 οἰ-

2129 1156 2388 1224 νοπότης·
2418 1158 2525 1220 πᾶς
2555 1158 2664 1228 γὰρ
2691 1157 2922 1228 μέθυσος
2971 1159 3261 1228 πτωχεύει.
3290 1177 3308 1209 ι
3363 1159 3477 1212 Kal
3521 1159 3702 1223 πάλιν,

2136 1263 2154 1296 ι
2179 1246 2296 1299 Τίνι
2323 1248 2464 1312 οὐαὶ,
2491 1249 2586 1301 καὶ
2621 1249 2728 1301 τίνι
2754 1247 2984 1319 θόρυϐος
3009 1266 3023 1314 ;
3061 1250 3168 1302 τίνι
3209 1249 3443 1322 κρίσεις,
3471 1251 3565 1302 καὶ
3599 1249 3704 1302 τίνι

2129 1337 2292 1406 ἀηδία
2325 1340 2420 1391 καὶ
2449 1339 2637 1408 λέσχαι
2671 1356 2686 1406 ;
2723 1339 2828 1392 τίνι
2869 1339 3258 1410 συντρίμματα
3308 1339 3588 1411 διακενῆς;
3620 1341 3703 1392 τί-

2128 1445 2236 1482 νων
2282 1429 2518 1482 πελιδνοὶ
2546 1431 2594 1482 οἰ
2625 1429 2912 1499 ὀφθαλμοί;
2943 1431 3004 1482 οὐ
3048 1429 3158 1482 τῶν
3188 1429 3613 1499 ἐγχρονιζόντων
3645 1431 3703 1481 ἐν

2127 1521 2311 1587 οἵνοις;
2336 1523 2397 1574 ού
2417 1521 2524 1574 τῶν
2549 1537 2900 1574 κατασκοπου
2907 1520 3086 1590 μένων
3109 1519 3212 1573 ποῦ
3231 1522 3386 1573 πότοι
3403 1520 3697 1587 γίνονται;›

2127 1616 2238 1669 Kal
2259 1616 2452 1683 ἐπάγει
2471 1631 2482 1642 ·
2513 1633 2531 1664 ‹
2559 1614 2650 1684 Μὴ
2671 1613 3009 1683 μεθύσκεσθε
3036 1613 3185 1684 οἴνῳ,
3215 1613 3330 1666 ἀλλ’
3353 1613 3593 1682 ὁμιλεῖτε
3611 1616 3703 1665 ἀνι

2129 1703 2369 1773 θρώποις
2403 1703 2650 1765 δικαίοις.
2679 1721 2698 1754 ι
2733 1702 2843 1756 Kal
2889 1701 3056 1764 ’ἄλλος
3081 1702 3264 1772 φησίν·
3307 1720 3325 1753 ι
3359 1702 3448 1756 Ἐν
3472 1702 3600 1771 οἴνῳ
3631 1702 3705 1772 μὴ

2127 1795 2378 1866 ἀνδρξζου
2403 1812 2417 1826 ο
2454 1794 2682 1858 πολλοὺς
2702 1793 2810 1865 γὰρ
2832 1793 3112 1848 ἀπώλεσεν
3137 1789 3299 1856 οἶνος.
3325 1810 3343 1844 ι
3377 1794 3487 1846 Kal
3515 1793 3700 1845 πάλιν·

2133 1867 2278 1950 «⁸ος
2307 1889 2455 1939 ἐστιν
2491 1887 2619 1956 ἡδὺς
2641 1889 2699 1939 ἐν
2727 1887 2885 1939 οῐνων
2915 1885 3239 1955 διατριϐαῖς,
3279 1886 3337 1938 ἐν
3370 1887 3481 1948 τοῖς
3509 1884 3702 1938 ἑαυτοῦ

2123 1979 2445 2050 ὀχυρώμασι
2479 1977 2800 2046 καταλείψει
2845 1979 3092 2046 ἀτιμίαν.
3121 1996 3140 2029 ι
3180 1978 3292 2030 Kal
3321 1978 3482 2031 πάλιν
3502 1995 3516 2009 ·
3566 1994 3587 2030 ι
3611 1977 3702 2046 Μὴ

2127 2071 2237 2124 ῐσθι
2285 2073 2598 2141 οἰνοπότης·
2632 2071 2694 2123 ού
2737 2070 2846 2141 γὰρ
2903 2071 3183 2139 συμφέρει
3219 2069 3414 2140 ἄφρονι
3459 2071 3697 2140 τρυφή.»

2124 2162 2234 2214 Kal
2269 2162 2453 2214 πάλιν
2493 2180 2513 2212 ι
2551 2160 2873 2213 Ἀκόλαστον
2900 2161 2994 2212 καὶ
3019 2158 3356 2229 ὑϐριστικὸν,
3394 2159 3567 2229 μέθηέ
3593 2161 3702 2223 πᾶς

2125 2253 2181 2305 δέ
2209 2253 2237 2303 6
2270 2252 2598 2323 μιγνύμενος
2642 2251 2873 2315 τούτοις,
2911 2252 3015 2304 οὐκ
3063 2251 3215 2304 ἔσται
3259 2253 3442 2319 σοφός.
3473 2269 3491 2302 ι
3531 2251 3642 2304 Kal
3674 2253 3703 2304 6

2125 2343 2418 2411 προφήτης
2455 2341 2639 2410 Ὀσηὲ,
2667 2340 2796 2409 περὶ
2824 2339 2918 2392 τοῦ
2946 2339 3180 2393 παλαιοῦ
3205 2340 3358 2394 λαοῦο
3391 2359 3408 2391 ι
3428 2336 3585 2394 Οἶνον
3611 2341 3702 2392 καὶ

2128 2432 2382 2504 μέθυσμα
2419 2431 2641 2496 ἐδέξατο
2682 2431 2880 2502 καρδία
2920 2431 3050 2484 λαοῦ
3076 2449 3200 2502 μου.
3228 2452 3248 2484 ι
3275 2433 3387 2485 Kal
3411 2431 3440 2483 6
3479 2432 3700 2495 Ἡσαΐας

2123 2525 2424 2588 ταλανίζων
2463 2525 2592 2586 τοὺς
2627 2525 2684 2576 ἐν
2708 2523 2836 2593 οίνῳ
2867 2522 3238 2594 χρονίζοντας,
3268 2523 3452 2590 ἔλεγεν
3472 2540 3484 2553 ·
3526 2542 3545 2574 ι
3567 2523 3700 2576 Ούαὶ

2123 2619 2173 2670 οἰ
2203 2619 2542 2688 ἐγειρόμενοι
2580 2616 2745 2687 πρωῒ,
2779 2619 2872 2670 καὶ
2896 2619 2945 2670 οἰ
2974 2617 3170 2688 σίκερα
3192 2617 3496 2684 διώκοντες,
3525 2618 3573 2670 οἰ
3607 2617 3701 2687 μέ-

2124 2725 2306 2772 νοντες
2336 2708 2398 2761 τὸ
2440 2708 2558 2778 ὀψέ.
2595 2709 2655 2760 '0
2697 2709 2808 2779 γὰρ
2855 2705 2996 2772 οἶνος
3041 2710 3240 2774 αὐτοὺς
3287 2709 3694 2778 συγκαύσει⁶.›

2123 2799 2233 2852 Kal
2264 2798 2446 2851 πάλιν·
2485 2818 2504 2850 ‹
2531 2799 2946 2871 Πεπλανημένοι
2969 2800 3106 2852 εἰσὶν
3136 2801 3246 2856 ἀπὸ
3271 2801 3370 2869 τῆς
3412 2799 3581 2872 μέθης
3604 2799 3698 2854 τοῦ

2123 2892 2290 2953 οἴνου,
2310 2909 2329 2941 ι
2371 2890 2447 2953 ὡς
2473 2890 2637 2953 αὐτὸς
2671 2891 2764 2943 καὶ
2809 2892 2962 2962 Ίωὴλ
2997 2891 3117 2962 βοᾷο
3145 2911 3162 2943 ι
3199 2892 3500 2962 Ἐκνήψατε
3523 2893 3573 2944 οἰ
3603 2910 3701 2962 με·

2123 2981 2343 3045 θύοντες
2374 2982 2433 3048 ἐξ
2480 2981 2625 3035 οίνου
2679 2983 2881 3048 αὐτῶν,
2919 2983 3192 3036 κλαύσατε
3245 2985 3339 3037 καὶ
3389 2984 3700 3055 θρηνήσατε

445 3071 545 3124 ciae
574 3069 671 3122 ’5.»
704 3070 806 3124 Et:
837 3091 854 3121 ι
885 3072 1190 3128 Luxuriosa
1218 3089 1305 3128 res
1335 3083 1388 3127 et
1413 3076 1814 3130 contumeliosa
1843 3076 2020 3130 ebrie-

2125 3074 2324 3137 πάντες
2354 3075 2402 3126 oi
2439 3074 2686 3136 πίνοντες
2719 3070 2861 3127 οἶνον
2903 3077 2985 3138 εἰς
3033 3075 3222 3144 μέθην.
3247 3094 3264 3127 ι
3327 3074 3552 3129 κλαίειν
3605 3076 3702 3128 καί⁵

447 3173 562 3226 tas;
594 3161 774 3215 omnis
821 3169 1007 3215 autem
1043 3165 1137 3232 qui
1173 3179 1231 3218 se
1281 3165 1555 3219 immiscet
1601 3165 1710 3229 his,
1765 3181 1876 3220 non
1919 3167 2026 3221 erit

444 3253 666 3322 sapiens
693 3255 758 3307 ³⁸⁵.
795 3273 812 3304 ι
842 3252 1011 3308 Oseas
1040 3255 1328 3324 prepheta,
1353 3256 1420 3310 de
1442 3267 1629 3311 vetere
1649 3257 1744 3311 illo
1770 3259 1974 3328 populo
2009 3276 2021 3312 :

451 3364 468 3395 ι
511 3345 710 3408 Vinum
739 3355 795 3399 et
822 3346 1152 3400 ebrietatem
1185 3349 1404 3417 excepit
1435 3364 1530 3402 cor
1555 3350 1742 3418 populi
1769 3351 1875 3404 mei
1899 3351 1966 3403 "'.
1997 3369 2016 3401 ι

443 3436 609 3490 Isaias
627 3436 778 3499 item,
801 3437 1030 3491 miseros
1057 3453 1153 3492 eos
1180 3439 1464 3493 insinuans
1479 3441 1572 3509 qui
1591 3441 1801 3496 diutius
1828 3443 2024 3497 immo-

445 3537 636 3580 rantur
653 3523 800 3592 vino,
827 3528 1047 3583 dicebat
1073 3547 1086 3583 ε
1119 3550 1137 3582 ι
1159 3531 1248 3584 Va:
1282 3533 1374 3601 qui
1399 3543 1736 3603 consurgunt
1765 3549 1944 3599 mane,
1967 3543 2024 3590 et

443 3619 675 3672 siceram
702 3628 984 3674 sectantur
1021 3632 1305 3677 manentes
1327 3639 1501 3694 usque
1523 3625 1578 3678 in
1601 3641 1805 3692 serum,
1831 3625 2022 3680 vinum

444 3711 740 3765 suecendet
773 3727 870 3766 eos
897 3713 960 3766 ’°.
996 3732 1014 3764 ›
1047 3714 1250 3767 lterum
1279 3715 1396 3769 Joel
1447 3717 1584 3770 nihil
1629 3717 1758 3771 huic
1803 3718 2020 3772 dissen-

445 3809 638 3855 taneus
667 3803 868 3857 clamat
896 3821 910 3856 :
938 3811 960 3854 ’‹
1000 3805 1290 3875 Evigilate'
1312 3807 1453 3867 ebrii
1488 3824 1518 3862 a
1547 3809 1697 3874 vino,
1726 3809 1850 3864 ﬂete
1894 3825 2022 3864 vos-

445 3893 612 3961 ipsos,
643 3904 700 3948 et
729 3895 909 3964 lugete
965 3911 1158 3950 onmes
1185 3897 1281 3966 qui
1309 3898 1498 3953 bibitis
1529 3901 1715 3954 vinum
1745 3901 1813 3956 ad
1841 3902 2019 3956 ebrie-

445 3997 612 4040 tatem
635 3987 702 4038 ”.
735 4007 752 4037 ι
777 3973 945 4041 Flere
970 3989 1116 4042 enim
1140 3999 1196 4043 et
1220 3991 1406 4060 lugere
1435 3993 1799 4046 constitutum
1823 4003 1908 4048 est
1931 3995 2018 4049 his

444 4077 539 4145 qui
586 4077 824 4132 artiﬁces
853 4090 982 4133 sunt
1013 4089 1070 4134 et
1099 4083 1339 4150 Operarii
1372 4083 1708 4139 vinolentia}.
1743 4085 1840 4139 Est
1867 4086 2016 4141 enim

443 4169 688 4222 ebrietas
732 4170 924 4223 vitium
961 4169 1082 4225 istis
1128 4173 1404 4240 peculiare
1445 4175 1538 4244 qui
1582 4176 1815 4244 pessime
1846 4176 2016 4230 vitam

443 4257 585 4312 hanc
626 4261 1026 4324 transmittunt,
1079 4271 1135 4316 et
1176 4278 1206 4316 a
1249 4264 1580 4318 rectitudine
1625 4266 1679 4319 in
1730 4267 2017 4337 pudendos

439 4367 660 4406 errores
693 4352 1052 4418 deﬂexerunt,
1105 4354 1190 4408 vel
1242 4363 1379 4410 teste
1425 4357 1549 4423 Job,
1603 4358 1698 4428 qui
1748 4361 2012 4429 quosdam

2129 3165 2348 3236 θρηνεῖν
2391 3166 2792 3236 προστέτακται
2837 3167 2954 3227 τοῖς
3014 3165 3115 3235 τῆς
3157 3165 3506 3235 οἰνοφλυγίας
3566 3167 3698 3236 ἐρα-

2128 3261 2302 3321 σταῖς.
2351 3259 2461 3310 Kal
2505 3257 2613 3326 γὰρ
2656 3257 2873 3327 ἀληθῶς
2907 3257 3013 3310 τῶν
3043 3257 3342 3327 αἰσχίστων
3396 3257 3701 3328 ἀνθρώπων

2126 3350 2272 3403 ἐστὶν
2309 3351 2343 3419 ἡ
2373 3348 2553 3419 ιμέθη,
2601 3349 2693 3401 καὶ
2748 3349 3208 3419 πεπλανημένων,
3244 3349 3319 3413 ὡς
3344 3352 3373 3403 6
3418 3351 3538 3403 ’1ὼό
3594 3352 3702 3404 ὑπό

2125 3459 2289 3494 τινων
2323 3440 2710 3508 κατεχόμενος,
2762 3439 2929 3508 φησί’
2975 3459 2992 3490 ι
3021 3439 3436 3510 Πλανηθείησαν
3479 3443 3554 3504 ὡς
3603 3458 3700 3510 με·

2124 3533 2289 3588 θύων.
2323 3553 2342 3584 ι
2382 3533 2445 3585 Oi
2475 3533 2532 3585 δέ
2573 3531 2790 3601 σεμνῶς
2817 3531 3135 3603 βουλόμενοι
3169 3533 3568 3597 πολιτεύεσθαι,
3606 3534 3696 3586 καὶ

2121 3628 2188 3696 τῇ
2223 3623 2410 3694 εὐθείᾳ
2457 3622 2562 3693 ὁδῷ
2615 3623 2871 3686 ἀπλανῶς
2930 3623 3229 3692 βαδίζουσι,
3274 3624 3563 3686 ἀκούοντες
3604 3624 3698 3678 τοῦ

2135 3715 2487 3778 Ἀποστόλου,
2537 3713 2788 3781 λέγοντος
2817 3728 2833 3745 ⁶
2877 3734 2895 3766 ι
2925 3713 3014 3783 Μὴ
3087 3713 3422 3784 μεθύσκεσθε
3463 3714 3591 3782 οἴνῳ
3641 3716 3700 3765 ἐν

2121 3801 2165 3876 ᾧ
2190 3809 2337 3860 ἐστιν
2374 3807 2600 3861 ἀσωτία.
2625 3825 2644 3858 ι
2695 3806 2808 3858 Kal
2863 3806 3028 3859 πάλιν
3050 3823 3064 3837 ο
3104 3823 3122 3855 ι
3143 3805 3388 3859 Μέθυσοι
3421 3804 3699 3874 βασιλείαν

2120 3899 2258 3953 Θεοῦ
2313 3899 2375 3952 οὐ
2424 3897 2946 3968 κληρονομήσουσιν.
2977 3914 2995 3947 ι
3045 3895 3156 3948 Kal
3202 3894 3283 3960 τὸ,
3325 3913 3344 3946 ι
3384 3895 3449 3948 Ἠ
3484 3911 3698 3948 σπατα-

2119 3991 2270 4044 λῶσα
2313 3991 2479 4060 χήρα,
2506 3986 2656 4052 ζῶσα
2700 3987 2983 4057 τέθνηκεν.
3011 4005 3029 4037 ι
3086 3986 3198 4038 Kal
3255 3984 3494 4052 ἐπάγει·
3563 3987 3700 4039 «Διὰ

2117 4085 2278 4138 τοῦτο
2307 4085 2382 4154 μὴ
2400 4081 2616 4152 γίνεσθε
2645 4081 2902 4152 ἄφρονες,
2933 4079 3066 4132 ἀλλὰ.
3095 4079 3300 4131 συνίετε
3329 4078 3380 4131 τί
3399 4077 3458 4131 τὸ
3485 4078 3698 4148 θέλημα

2117 4176 2210 4230 τοῦ
2232 4175 2388 4230 Θεοῦ.
2419 4193 2438 4225 δ
2470 4174 2656 4228 Πάντα
2685 4173 2795 4243 γὰρ
2821 4171 2888 4224 τὰ
2915 4171 3116 4242 αἰσχρὰ
3143 4171 3287 4240 πάθη
3318 4173 3380 4224 ἐκ
3401 4173 3500 4242 τῆς
3524 4171 3696 4241 μέθης

2118 4267 2473 4337 ἀναφύονται·
2535 4271 2607 4328 ὡς
2635 4266 2730 4318 καὶ
2763 4263 2930 4316 Δαϐίδ
2960 4279 3126 4332 φησιν
3145 4277 3159 4290 ·
3195 4282 3213 4314 ι
3234 4263 3349 4326 Νὺξ
3393 4261 3693 4332 φωτισμὸς,

2118 4363 2176 4415 ἐν
2204 4363 2272 4432 τῇ
2305 4362 2486 4430 τρυφῇ
2528 4375 2652 4430 μου,
2673 4375 2692 4409 ι
2729 4355 2974 4410 τουτέστι
3001 4370 3015 4383 ·
3059 4354 3173 4420 Νὺξ
3205 4349 3273 4424 ἦν
3301 4355 3430 4425 περὶ
3471 4355 3572 4424 ἐμὲ
3603 4355 3696 4407 τὸν

441 4445 747 4513 percellens
778 4446 1004 4510 acriter,
1049 4445 1182 4499 dicit
1218 4465 1230 4499 :
1275 4466 1291 4497 ι
1327 4448 1526 4503 Errent
1555 4450 1697 4504 sicut
1725 4453 1866 4507 ebrii
1890 4455 1956 4510 '°.
1985 4474 2004 4507 ι

2125 4453 2366 4518 δείλαιον,
2401 4453 2498 4504 καὶ
2527 4449 2775 4519 ἠγνόουν,
2813 4450 2913 4520 τὴν
2943 4450 3154 4521 τρυφὴν
3182 4448 3353 4502 νύκτα
3387 4447 3690 4517 ὀνομάζων.

439 4534 651 4598 Quibus
674 4545 855 4587 autem
886 4532 1037 4587 cordi
1063 4543 1146 4588 est
1170 4536 1369 4604 pudice
1391 4554 1452 4591 ac
1477 4539 1646 4607 probe
1670 4545 2008 4608 conversari,

441 4623 509 4675 ab
529 4623 818 4687 ebrietate,
847 4625 995 4676 omni
1023 4623 1203 4677 studio
1225 4625 1328 4678 sibi
1358 4635 1665 4696 temperant
1684 4640 1847 4700 atque
1873 4632 2014 4687 inof-

441 4716 594 4769 fense
633 4732 730 4784 per
781 4717 924 4770 viam
975 4725 1211 4786 pergunt
1263 4719 1639 4787 rectitudinis,
1691 4739 1790 4792 per
1826 4727 2010 4782 omnia

441 4808 696 4877 morigeri
751 4809 1065 4876 apostolica:
1119 4809 1326 4880 1035
1380 4814 1666 4867 sententiae
1709 4831 1722 4867 :
1760 4834 1778 4866 ι
1831 4817 2012 4874 Nolite

442 4899 701 4951 inebriari
736 4899 864 4953 vino
915 4901 968 4952 in
1021 4916 1130 4970 quo
1175 4910 1259 4954 est
1308 4902 1523 4957 luxuria
1557 4905 1620 4957 ³¹.
1672 4925 1690 4956 ι
1740 4907 1944 4962 lterum
1993 4927 2006 4963 :

448 5010 465 5039 ι
494 4990 643 5043 Ebrii
668 5007 893 5061 regnum
919 4991 1011 5044 Dei
1041 5009 1145 5045 non
1169 4993 1571 5049 haereditabunt
1596 4997 1658 5050 ⁸².
1694 5015 1711 5047 ι
1737 4997 1805 5052 Et
1829 4999 1963 5054 illud
1993 5022 2006 5056 :

2115 4545 2225 4598 Kal
2251 4543 2361 4612 γὰρ
2393 4541 2561 4612 ἀχλὺς
2606 4542 2702 4595 καὶ
2751 4540 2938 4602 σκότος
2961 4543 3074 4604 τοῖς
3119 4538 3400 4610 μεθύουσι,
3433 4538 3576 4591 κατὰ
3603 4538 3693 4590 τὸν

2127 4634 2470 4688 Ἀπόστολον.
2503 4632 2614 4702 Τὴν
2645 4631 2753 4703 γὰρ
2782 4631 2911 4700 περί
2937 4629 3046 4683 τῶν
3092 4629 3408 4700 θυγατέρων
3435 4627 3532 4680 τοῦ
3569 4626 3692 4680 Λὼτ

2117 4725 2358 4796 ίστορίαν
2387 4721 2526 4776 ἐκὼν
2553 4723 2652 4774 ὑπε
2664 4722 2958 4791 ρϐήσομαι.
2977 4717 3035 4772 Ὀ
3056 4717 3258 4789 Κύριος
3276 4715 3605 4769 ἐπιϐεϐαιῶν
3626 4719 3690 4767 τὰ

2114 4817 2475 4886 προκείμενα,
2526 4815 2693 4866 πᾶσιν
2725 4811 3032 4864 ἐντέλλεται
3069 4810 3264 4878 λέγων·
3302 4807 3577 4860 «Βλέπετε
3616 4803 3689 4874 μὴ

2119 4907 2458 4980 βαρυνθῶσιν
2489 4907 2544 4959 αἰ
2568 4904 2787 4976 καρδίαι
2810 4902 2963 4973 ὑμῶν
2988 4905 3045 4955 ἐν
3071 4900 3351 4972 κραιπάλῃ
3368 4901 3463 4952 xal
3491 4896 3683 4969 μέθῃ..

2117 5001 2273 5072 Αὐτῷ
2303 5003 2336 5071 ἡ
2369 4999 2495 5065 δόξα
2522 5001 2600 5062 εἰς
2624 4999 2748 5058 τοὺς
2772 4996 2972 5057 αἰῶνας
2993 4993 3099 5048 τῶν
3127 4991 3358 5046 αἰώνωνο
3405 4990 3597 5062 Ἀμήν·

445 5100 462 5132 ι
517 5082 693 5137 Vidua
747 5099 868 5152 qua:
931 5082 983 5135 in
1046 5085 1260 5140 deliciis
1317 5087 1484 5150 vivit,
1547 5087 1738 5142 vivens
1805 5103 2022 5150 mortua
2079 5097 2245 5152 est”.
2301 5110 2320 5145 ι
2382 5093 2655 5147 Inducit:
2709 5108 2727 5141 ‹
2761 5091 3058 5158 Propterea
3123 5086 3294 5140 nolite
3365 5083 3483 5137 fieri
3553 5081 3692 5136 insi-

439 5178 671 5246 pientes,
704 5175 799 5230 sed
832 5177 1198 5246 intelligentes
1231 5193 1352 5246 quae
1383 5178 1451 5231 sit
1481 5179 1736 5234 voluntas
1762 5182 1858 5237 Dei
1890 5185 1954 5240 “.
1989 5207 2006 5238 ι
2043 5189 2324 5258 Quotquot
2391 5186 2538 5238 enim
2573 5185 2825 5238 obscena:
2889 5187 3018 5234 sunt
3045 5187 3101 5233 et
3145 5176 3521 5248 ignominiosa:
3552 5173 3688 5227 alle-

509 5337 549 5409 ‘f
580 5334 716 5389 Gen.
758 5351 830 5398 ix,
864 5335 1105 5409 2l-25._
1137 5337 1194 5409 _‘°
1232 5333 1394 5388 Prov.
1434 5337 1666 5409 XXI,_l7.
1719 5340 1784 5409 γ²¹
1822 5339 1980 5393 Prov.
2017 5357 2166 5409 xu",
2197 5343 2387 5405 29,50.
2461 5343 2504 5374 ²’
2535 5342 2737 5409 Ephes.
2787 5359 2840 5405 v,
2901 5342 2990 5396 ~l8.

1063 5407 1108 5435 “
1137 5405 1298 5458 Prov.
1336 5421 1486 5475 xxm,
1518 5405 1638 5475 20.7
1685 5408 1730 5438 “
1777 5409 1938 5462 Prov.
1975 5411 2063 5475 20,
2099 5414 2147 5466 l.

438 5407 477 5433 "
504 5405 666 5458 Prov.
735 5422 826 5460 xu.
865 5406 950 5458 Η.

437 5475 480 5506 ⁸⁸
505 5475 608 5529 Job
645 5493 735 5542 xu,
769 5477 858 5530 ‘25.
937 5476 978 5506 “
1011 5475 1211 5544 Ephes.
1249 5491 1301 5538 v,
1338 5474 1422 5528 18.
1501 5477 1544 5507 δ’
1621 5474 1781 5532 lCor.
1808 5480 1989 5542 \‘1,10.

3101 5343 3146 5372 ’³
3190 5339 3358 5394 Eccli.
3401 5351 3547 5396 XXXI,
3598 5331 3688 5385 50.

2227 5402 2436 5468 "'Osec
2490 5402 2680 5478 ιγ,“ιι.
2804 5402 2980 5466 ἠδη.
3037 5429 3090 5477 v,
3137 5411 3221 5464 ll.
3330 5410 3372 5438 ιο
3405 5405 3523 5461 Joel
3559 5418 3596 5467 ι,
3633 5402 3687 5456 5.

2070 5483 2160 5536 ³³1
2193 5483 2333 5536 Tim.
2361 5500 2413 5549 v,
2448 5483 2500 5538 6.
2576 5482 2618 5515 ³⁸
2651 5483 2850 5555 Ephes.
2884 5484 3031 5548 v,l'l.

1724 5629 1960 5686 VARIA".
2005 5634 2413 5692 LECTIONES.

508 5731 532 5758 ³
560 5728 870 5797 συγκαύσει,
895 5734 1205 5796 succcndat;
1237 5730 1521 5800 συγκάψει,
1544 5728 1716 5785 Aldus
1746 5729 1929 5785 habet.
