4020 6146
421 358 554 428 1451

1683 360 2053 425 ANTIOCHI
2079 361 2423 427 MONACHI

3511 366 3633 436 ιιει

415 476 538 545 guis
566 489 803 544 regnum
847 474 946 529 Dei
982 488 1102 529 non
1148 480 1373 541 possunt
1399 473 1681 544 possidere
1710 473 1773 527 ⁸¹.
1808 492 1826 523 ›
1852 472 1989 527 Caro

2098 475 2204 527 τῶν
2247 476 2548 545 ἐπιθυμιῶν
2583 474 2674 528 σου
2729 476 2802 547 μὴ
2832 472 3102 545 ¹πορεύου.
3148 481 3240 532 καὶ
3273 481 3377 532 ἀπὺ
3401 484 3503 535 τῶν
3524 486 3633 556 ὀρί-

414 565 687 637 ejusmodi
719 566 979 637 pabulum
1009 566 1316 621 daemonum
1343 575 1428 622 est
1457 584 1470 620 :
1508 585 1523 616 ι
1562 565 1698 639 Dum
1728 565 1876 618 enim
1899 579 1996 633 ap-

416 659 672 730 propiant
704 657 1001 712 adversum
1050 672 1137 712 me
1178 667 1463 722 nocentes,
1499 665 1559 711 ut
1595 642 1764 712 edant
1798 670 1994 710 carnes

416 768 567 807 ineas
608 751 674 804 δ’.
723 768 742 802 ι
789 748 977 820 Itaque
1022 749 1274 820 quisquis
1305 756 1546 805 macerat
1578 764 1792 815 carnes,
1825 757 1881 804 et
1924 748 1992 802 ad

419 843 596 897 tabem
625 840 822 894 nititur
839 840 1045 897 virtute
1066 841 1415 895 abstinentiae
1445 839 1772 909 perducere,
1798 839 1991 908 utique

414 936 691 988 dte-mones
714 930 857 986 fame
882 939 1098 995 enecat,
1121 939 1178 985 et
1197 930 1263 984 ad
1297 931 1640 1000 procinctum
1666 928 1989 1001 conferendi

413 1028 706 1079 adverSUm
754 1037 813 1078 se
859 1021 1041 1077 reddit
1085 1023 1260 1076 multo
1295 1021 1708 1076 imbecilliores.
1753 1008 1989 1075 Necesse

415 1119 583 1188 igitur
624 1117 772 1188 juxta
823 1115 1195 1185 praescriptam
1240 1114 1603 1177 sententiam,
1640 1129 1749 1167 non
1783 1123 1850 1167 ut
1893 1126 1990 1181 per

414 1225 587 1265 mmm
654 1224 915 1263 sensuum
973 1206 1255 1261 abstinens
1287 1191 1386 1269 sis,
1436 1205 1531 1259 sed
1584 1220 1683 1273 per
1734 1218 1926 1257 omnes
1972 1220 1985 1255 :

412 1310 546 1372 puta
573 1317 672 1371 per
701 1300 901 1363 visum,
930 1315 1031 1368 per
1071 1297 1347 1362 auditum,
1393 1311 1491 1366 per
1533 1295 1846 1357 odoratum,
1878 1295 1986 1347 lin-

412 1408 596 1461 gnam,
621 1399 870 1446 ventrem
892 1399 950 1445 et
972 1397 1200 1453 tactum,
1222 1405 1321 1459 per
1343 1389 1617 1442 incessum
1642 1385 1985 1449 indecorum,

411 1496 471 1539 et
500 1494 696 1538 cmtera
730 1481 783 1536 id
815 1496 988 1552 genus
1025 1478 1230 1534 omnia.
1265 1481 1511 1549 Oportet,
1542 1478 1786 1548 inquam,
1815 1466 1986 1531 absti-

414 1585 665 1638 nenlem,
715 1573 1074 1643 praesentiore
1122 1586 1245 1637 esse
1289 1572 1474 1624 animo
1525 1569 1984 1631 acvsublimiore,

412 1680 576 1737 quam
607 1664 905 1734 aliquando
944 1676 1139 1717 manus
1187 1670 1246 1715 ut
1281 1661 1377 1716 det
1400 1661 1573 1716 victas
1604 1660 1702 1714 ulli
1735 1659 1989 1714 obscenae

2098 563 2231 628 ξεών
2261 583 2355 619 σου
2397 567 2629 632 κωλύου,
2660 571 2755 622 καὶ
2792 570 2866 640 μὴ
2893 570 3186 640 εὐφραίνου
3216 572 3306 628 ἐπὶ
3335 574 3495 645 πολλῇ
3523 595 3637 645 τρυ-

2093 659 2186 727 φῇ.
2227 659 2332 710 Καὶ
2363 658 2440 729 μὴ
2464 658 2809 729 ἁπληστεύου
2831 662 2889 710 ὲν
2916 660 3065 732 πάσῃ
3100 665 3302 732 τρυφῇ,
3334 664 3424 716 καὶ
3461 668 3529 735 μὴ
3557 669 3635 721 ἐκ·

2092 748 2263 819 χυθῇς
2317 751 2412 803 ἐπὶ
2478 750 2691 803 πολλῶν
2743 752 3080 821 ἐδεσμάτων.
3155 754 3241 805 Ἐν
3299 755 3500 817 πολλοῖς
3543 760 3638 828 γὰρ

2095 838 2380 912 βρώμασιν
2407 843 2561 896 ἔσται
2609 844 2785 907 νόσος.
2827 846 2885 899 ὐ
2914 845 2969 899 δὲ
3025 848 3313 917 προσέχων
3336 861 3383 912 ο,
3418 853 3637 923 προσθή-

2094 946 2177 985 σει
2211 930 2377 1001 ζωήν.
2434 952 2454 983 >
2498 933 2557 986 '0
2592 934 2660 987 -δὲ
2726 935 2995 1006 μακάριος
3049 938 3230 1003 Δαυῖδ,
3290 938 3541 992 δεικνύων
3587 944 3640 995 τὸ

2089 1022 2294 1075 τέλειον
2335 1024 2431 1093 τῆς
2477 1025 2826 1095 ἐγκρατείας,
2874 1029 3038 1097 φησίν
3069 1046 3081 1058 ·
3119 1048 3137 1079 ι
3184 1029 3459 1100 Ἑπλήγην
3516 1032 3638 1087 ὡσεὶ

2090 1117 2305 1185 χόρτος,
2324 1117 2433 1187 οιαὶ
2470 1118 2741 1188 ἐξηράνθη
2768 1122 2800 1189 ή
2836 1121 3029 1190 καρδία
3048 1139 3176 1192 μου,
3205 1122 3289 1174 ὃτι
3319 1122 3638 1194 ἐπελαθόμην

2087 1205 2183 1259 τοῦ
2225 1210 2424 1276 φαγεῖν
2469 1209 2567 1262 σὸν
2592 1210 2759 1280 ἄρτον
2803 1229 2925 1280 μου.
2960 1231 2977 1261 ι
3005 1240 3061 1251 —-—
3088 1232 3107 1264 ι
3141 1213 3279 1265 Ἀπὸ
3330 1214 3510 1284 φωνῆς
3555 1216 3638 1269 τού

2090 1298 2396 1365 στεναγμοῦ
2437 1317 2540 1369 μου
2588 1301 2851 1371 ἐκολλήθη
2886 1303 2946 1355 τὸ
2984 1292 3175 1356 ὀστοῦν
3232 1321 3337 1371 μου
3394 1307 3457 1376 τῇ
3496 1307 3637 1377 σαρκί

2091 1404 2218 1457 μου.
2248 1407 2265 1439 ι
2317 1391 2426 1442 Καὶ
2482 1390 2668 1455 πάλιν,
2724 1410 2742 1443 ι
2774 1386 2899 1465 Ὅτι
2937 1393 3133 1446 σποδὸν
3189 1394 3325 1447 ὡσεὶ
3358 1394 3516 1465 ἄρτον
3550 1412 3638 1465 μου

2087 1477 2312 1546 ἔφαγον,
2370 1480 2464 1532 καὶ
2510 1481 2570 1533 τὸ
2620 1482 2771 1551 πόμα
2830 1499 2931 1550 μου
2987 1484 3125 1552 μετὰ
3175 1485 3452 1555 κλαυθμοῦ
3506 1488 3643 1557 ἐκίρ-

2087 1570 2211 1622 νών.
2237 1590 2255 1622 ι
2302 1571 2360 1624 Ὀ
2408 1571 2466 1624 δὲ
2504 1571 2749 1636 Παῦλος-ε
2780 1574 3153 1646 «Νεκρώσατε
3203 1577 3276 1630 τὰ
3329 1578 3460 1648 μέλη
3502 1579 3640 1648 ὑμῶν

2086 1659 2155 1713 τὰ
2192 1659 2286 1711 ἐπὶ
2333 1657 2433 1730 τῆς
2479 1660 2604 1730 γῆς.
2630 1680 2649 1713 ι
2686 1663 2797 1715 Καὶ
2840 1658 3027 1727 αὖθις·
3063 1665 3506 1737 «Καθαρίσωμεν
3524 1668 3641 1720 tau-

413 1756 679 1826 voluptati
721 1763 816 1813 aut
848 1752 1314 1822 concupiscentia:
1334 1752 1564 1807 vitiosae.
1594 1749 1881 1815 Amatores
1910 1748 1986 1801 si-

2091 1750 2235 1814 τοὺς,
2264 1749 2485 1825 ἀδελφοὶ
2502 1752 2564 1815 V,‘
2602 1752 2711 1805 ἀπὸ
2766 1748 2982 1818 παντὺξ
2998 1756 3281 1825 μολυσμοῦ
3312 1758 3528 1829 σαρκὸς,
3561 1761 3642 1814 καὶ

412 1848 635 1917 quidem
702 1842 1052 1899 abstinentia:
1116 1841 1398 1911 propalam
1448 1838 1887 1908 conspiciuntur,
1935 1845 1989 1892 et

2092 1842 2427 1912 πνεύματος,
2460 1845 2838 1909 ἐπιτελοῦντες
2876 1847 3188 1918 ἁγιωσύνην
3219 1846 3283 1902 ἔν
3307 1850 3455 1920 φόϐῳ
3493 1849 3640 1915 Θεοῦ,

412 1936 663 2007 corporis
686 1934 829 1988 tueri
857 1932 1310 1994 incolumitatem,
1340 1937 1397 2009 et
1422 1929 1724 1987 secundum
1749 1929 1985 1982 animam

2092 1934 2178 1987 ἵνα
2229 1935 2517 2004 γενώμεθα
2572 1939 2692 1991 ναοὶ
2736 1937 2872 1991 Θεοῦ
2936 1938 3160 2004 ζῶντοςζ
3183 1959 3201 1991 ι
3269 1941 3380 1995 Καὶ
3431 1941 3641 2013 Πέτρος*

411 2044 542 2098 erga
572 2028 741 2082 Deum
771 2042 880 2079 non
906 2022 1169 2078 mediocri
1188 2012 1444 2092 perfundi
1470 2020 1703 2092 gaudio:
1725 2020 1986 2075 nimirum

412 2137 543 2175 cum
566 2134 721 2172 mens
746 2132 803 2172 se
827 2134 856 2173 ιι
881 2115 1115 2169 terrenis
1141 2112 1260 2168 istis
1288 2122 1344 2167 et
1365 2111 1590 2166 caducis
1612 2108 1986 2172 extricaverit,

410 2221 472 2276 et
492 2210 559 2265 ad
607 2198 852 2273 emlcstia
885 2204 1191 2275 expetenda
1224 2220 1283 2258 se
1315 2212 1484 2257 totam
1524 2199 1869 2270 expanderit.
1906 2197 1988 2250 Ab

410 2303 573 2356 enni.
608 2301 757 2355 enim
794 2314 918 2353 cmn
954 2313 1013 2353 se
1047 2296 1427 2351 submoverint
1476 2291 1804 2361 intemperie
1837 2289 1989 2344 volu-

412 2394 601 2465 ptatis,
629 2391 895 2460 deinceps
923 2390 1062 2443 fiunt
1084 2386 1363 2457 ejusmodi
1393 2385 1713 2440 vitiosarum
1742 2381 1990 2436 affectio-

412 2500 541 2537 num
574 2497 797 2545 osores;
831 2481 942 2533 Deo
972 2477 1203 2549 proinde
1234 2477 1442 2546 accepti
1476 2473 1984 2544 deprehenduntur.

410 2576 601 2631 Oratio
620 2574 762 2635 item
797 2573 1010 2635 talium,
1035 2570 1105 2624 ad
1136 2570 1449 2631 Dominum,
1496 2568 1711 2622 sincera
1743 2576 1848 2629 est,
1890 2580 1999 2621 σου--

410 2669 646 2735 (ιυςιηιυε
688 2663 876 2718 studio
900 2677 1024 2716 cum
1059 2661 1266 2729 angelis
1300 2660 1470 2713 Deum
1514 2658 1792 2728 praecipuo
1816 2671 1989 2711 .vene-

412 2767 606 2811 l‘:t!lllll‘
668 2756 903 2810 honore.
967 2751 1073 2808 Sed
1133 2760 1190 2807 et
1246 2750 1531 2820 Scriptura
1591 2749 1727 2803 ait:
1784 2760 1805 2798 ι
1862 2749 1989 2803 Post

409 2847 888 2918 eunettpiscentias
917 2852 1040 2899 tuas
1071 2858 1142 2897 ne
1176 2857 1291 2904 eas,
1326 2850 1383 2895 et
1409 2840 1478 2894 ab
1508 2839 1841 2913 appetentiis
1880 2840 1990 2894 tuis

413 2916 819 2991 avertere".Ne
876 2933 1084 2991 laeteris
1136 2948 1305 3002 super
1349 2931 1539 2984 multis
1590 2930 1826 2992 deliciis,
1891 2945 1990 2984 ne—

2097 2043 2114 2074 ι
2153 2024 2617 2095 Ἐπιχορηγήσατε
2667 2016 2731 2079 ὲν
2772 2028 2839 2096 τῇ
2895 2027 3078 2081 πίστει
3131 2028 3293 2097 ὑμῶν
3336 2029 3558 2100 ἀρετὴν,
3590 2031 3642 2082 ὲν

2089 2114 2146 2167 δὲ
2176 2118 2244 2185 τῇ
2277 2117 2445 2186 ἀρετῇ
2476 2115 2574 2185 τὴν
2621 2116 2854 2184 γνῶσιν·
2889 2121 2946 2172 ὲν
2962 2118 3032 2171 δὲ
3066 2122 3130 2190 τῇ
3169 2119 3374 2187 γνώσει
3412 2119 3509 2189 τὴν
3557 2121 3643 2187 £1-

2089 2208 2352 2275 κράτειαν
2385 2210 2444 2260 ὲν
2472 2207 2529 2260 δὲ
2552 2210 2620 2279 τῇ
2670 2209 2989 2280 ἐγκρατείᾳ,
3016 2198 3121 2278 τὴν
3150 2210 3453 2280 ὑπομονήν.
3485 2228 3504 2262 ι
3537 2210 3644 2280 Χρὴ

2088 2293 2181 2350 οὖν
2212 2298 2301 2352 ἀεὶ
2328 2298 2541 2367 νήφειν,
2592 2300 2686 2351 καὶ
2719 2301 3062 2369 ὲγρηγορείν,
3096 2300 3194 2353 καὶ
3222 2301 3294 2354 τὰ
3326 2300 3438 2354 ἄνω
3457 2301 3644 2371 ζητεῖν,

2090 2390 2187 2441 καὶ
2216 2391 2455 2456 φρονεῖν,
2488 2390 2631 2443 κατὰ
2654 2391 2755 2461 τὴν
2788 2393 3012 2460 ἐντολὴν
3038 2392 3149 2445 τοῦ
3192 2392 3404 2463 Κυρίου
3427 2395 3522 2464 τὴν
3549 2394 3645 2462 φάο

2091 2495 2351 2534 σκουσαν·
2393 2499 2412 2531 ι
2436 2481 2722 2534 Ἔστωσαν
2768 2483 2822 2536 al
2864 2484 3064 2552 ὀσφύες
3098 2481 3258 2553 ὑμῶν
3287 2483 3647 2555 περιεζωσμέ-

2088 2586 2198 2633 ναι,
2235 2570 2330 2623 καὶ
2375 2571 2424 2623 oi
2467 2571 2651 2641 λύχνοι
2673 2573 2976 2646 καιόμενοι,
3008 2576 3104 2628 καὶ
3143 2575 3307 2643 ὑμεῖς
3345 2577 3516 2645 ὅμοιοι
3556 2576 3644 2627 ἀν-

2061 2660 2330 2731 ’θρώποις
2365 2663 2835 2734 προσδοκωμένοις
2870 2669 2961 2716 τὸν
2996 2665 3199 2734 Κύριον
3249 2665 3484 2730 ἑαυτῶν,
3528 2664 3646 2717 πότι

2090 2754 2350 2811 ὰναλύσει
2378 2755 2444 2819 ὲκ
2474 2754 2583 2810 τῶν
2612 2755 2834 2827 γάμων·
2864 2756 2951 2809 ἵνα
2995 2756 3246 2820 ἐλθόντος
3271 2757 3365 2809 καὶ
3393 2756 3644 2828 κρούσαν-

2089 2863 2183 2909 τος
2213 2846 2417 2908 εὑθέως
2458 2846 2746 2911 ἀνοίξωσιν
2781 2846 2949 2916 αὐτῷ.
2982 2866 3000 2897 ι
3029 2848 3138 2900 Καὶ
3167 2848 3394 2914 ἐπάγει·
3421 2867 3452 2897 ι(
3476 2845 3647 2900 Μακά-

2095 2957 2202 3008 ριοι
2237 2939 2289 2999 οῖ
2338 2937 2518 2992 δοῦλοι
2551 2940 2774 3003 ἐκεῖνοι,
2806 2938 2899 3003 οὓς
2926 2938 3096 2991 ἐλθὼν
3124 2942 3153 2992 ὁ
3178 2939 3412 3009 Κύριος,
3442 2939 3645 3008 εὑρήσει

413 3042 518 3095 que
548 3036 602 3082 te
633 3027 870 3082 exsatics
913 3026 968 3081 in
997 3025 1255 3082 omnibus
1283 3022 1517 3084 deliciis,
1547 3037 1726 3091 neque
1768 3031 1821 3075 te
1849 3021 1989 3105 effu-

2091 3029 2524 3101 γρηγοροῦντας.
2569 3029 2741 3100 Ἀμὴν
2800 3030 2944 3098 λέγω
2978 3030 3126 3097 ὑμῖν,
3161 3031 3250 3089 ὅτι
3281 3026 3644 3100 περιζώσεται.

412 3116 563 3172 deris
607 3117 664 3172 in
714 3118 883 3171 multa
921 3116 1242 3173 ferculawln
1291 3113 1480 3181 multis
1523 3113 1672 3166 enim
1708 3112 1849 3169 cibis
1878 3113 1989 3167 erit

2091 3122 2184 3174 καὶ
2208 3119 2487 3177 ἀνακλινεῖ
2511 3120 2706 3184 αὐτούς
2725 3137 2737 3150 ·
2773 3120 2867 3174 καὶ
2898 3119 3183 3190 παρελθὼν
3228 3120 3533 3190 διακονήσει
3560 3117 3646 3171 ab.

416 3210 671 3274 Morbus;
692 3209 785 3279 qui
810 3216 995 3263 autem
1016 3207 1267 3262 attendet
1288 3204 1416 3267 sibi,
1436 3204 1657 3272 adjiciet
1677 3204 1844 3257 vitam
1862 3204 1935 3258 “.
1961 3225 1979 3256 ι

2092 3210 2224 3271 τοῖς.
2250 3226 2268 3257 ι
2304 3209 2463 3278 Αὐτῷ
2496 3209 2679 3279 ἡδόξα
2709 3210 2789 3271 εἰς
2819 3211 2951 3273 τοὺς
2976 3210 3199 3273 αἰῶνας.
3251 3210 3469 3279 Ἀμήν.-

414 3304 612 3359 Beatus
644 3301 775 3379 item
812 3298 985 3355 David
1015 3296 1412 3368 perfectionem
1445 3294 1696 3350 indicans
1725 3295 2092 3362 abstinentiae,
2124 3300 2243 3355 ait:
2278 3318 2297 3354 ι
2330 3301 2637 3356 Percussus
2677 3316 2796 3355 sum
2830 3310 2891 3355 ut
2954 3300 3162 3364 fenum,
3217 3308 3277 3356 et
3330 3299 3541 3354 exaruit
3562 3310 3648 3351 eor

416 3379 620 3456 meum,
641 3392 767 3462 quia
797 3390 1002 3444 oblitus
1030 3402 1151 3442 sum
1179 3384 1470 3440 comedere
1502 3397 1699 3452 partem
1748 3398 1932 3441 meum
1962 3384 2032 3440 δ’.
2072 3386 2139 3440 Et
2169 3406 2181 3440 :
2215 3408 2232 3438 ι
2268 3390 2311 3441 Δ
2344 3404 2478 3459 voce
2520 3390 2756 3458 gemitus
2782 3390 2887 3444 mei
2918 3390 3149 3445 adhaesit
3181 3404 3249 3445 os
3280 3405 3458 3444 meum
3508 3386 3645 3442 carui

414 3504 548 3543 mese
572 3484 645 3541 ιε.
675 3505 692 3537 ι
737 3486 943 3542 lterum
971 3500 985 3536 :
1037 3500 1055 3532 ‹
1102 3478 1241 3548 Quia
1282 3478 1523 3543 cinerem
1569 3485 1827 3547 tanquam
1861 3494 2054 3548 panem
2093 3483 2513 3547 manducaham,
2546 3492 2602 3538 et
2629 3484 2885 3553 poculum
2917 3462 3096 3541 meum
3128 3499 3258 3541 cum
3290 3486 3419 3546 fletu
3456 3494 3648 3554 tempe-

418 3581 603 3638 rabam
654 3578 723 3630 ’⁶·¹.
774 3596 790 3627 ι
844 3574 1049 3629 Paulus
1099 3572 1232 3627 item
1259 3587 1289 3633 g:
1328 3589 1346 3621 ι
1385 3568 1709 3625 Mortificate
1747 3570 1990 3626 membra
2029 3582 2368 3644 vestraquze
2411 3587 2539 3630 sunt
2575 3591 2742 3644 super
2811 3586 3011 3631 terram
3033 3575 3103 3632 ⁵⁸.
3144 3597 3162 3629 ι
3212 3578 3474 3632 Rursus:
3506 3596 3523 3629 ι
3555 3577 3649 3631 Ex-

421 3683 720 3742 purgemus
751 3681 852 3720 nos
885 3666 1032 3733 ipsos
1063 3659 1437 3731 (cltarissimi),
1459 3657 1529 3712 ab
1561 3657 1710 3712 omni
1744 3659 2160 3728 inquinamento
2227 3662 2411 3717 carnis
2456 3679 2520 3717 ac
2554 3664 2795 3732 spiritus,
2864 3664 3215 3733 perficientes
3282 3666 3651 3722 sanctiﬁcatio-

417 3777 541 3817 ncm
596 3761 650 3813 in
705 3758 899 3811 timore
954 3753 1072 3818 Dei,
1150 3762 1210 3805 ut
1262 3749 1562 3805 efﬁciamur
1617 3751 1878 3820 templum
1932 3751 2026 3806 Dei
2066 3754 2173 3807 vivi
2212 3754 2272 3784 ³⁵³·
2319 3772 2336 3804 ι
2376 3756 2569 3808 Petrus
2618 3772 2631 3807 :
2697 3773 2721 3805 «η
2764 3754 3183 3809 S‘ubministrate
3236 3758 3290 3810 in
3339 3757 3442 3811 fide
3485 3763 3649 3808 vestra

422 3860 708 3918 virtutem,
758 3850 812 3904 in
859 3849 1065 3903 virtute
1101 3856 1283 3901 autem
1333 3841 1642 3906 scientiam,
1711 3842 1773 3898 in
1806 3843 2033 3898 scientia
2068 3855 2251 3899 autem
2286 3847 2701 3911 abstinentiam,
2746 3849 2803 3901 in
2829 3847 3217 3902 abstinentiam
3244 3858 3427 3902 autem
3455 3847 3649 3916 patien-

420 3951 554 4005 tiam
585 3948 653 4003 ιθ,
702 3963 719 3996 ι
754 3944 914 3999 Juxta
981 3940 1163 4011 igitur
1192 3935 1510 3990 mandatum
1552 3933 1896 3990 Dominicum
1966 3951 2190 4016 necesse
2233 3939 2305 3991 sit
2349 3950 2566 4007 semper
2608 3940 2776 3993 sobrii
2819 3939 3163 3993 inveniamur
3216 3956 3284 3994 ac
3354 3937 3646 4009 pervigiles.

418 4042 508 4096 Ait
536 4039 682 4094 enim
715 4056 729 4090 :
759 4054 777 4085 ι
816 4034 940 4088 Sint
969 4029 1141 4086 lumbi
1183 4027 1351 4082 vestri
1385 4028 1692 4096 prmcincti,
1718 4038 1777 4083 et
1804 4027 2044 4083 lucernae
2081 4028 2357 4101 ardentes,
2387 4040 2442 4083 et
2470 4045 2568 4083 vos
2609 4031 2821 4083 similes
2864 4031 3180 4084 hominibus
3222 4029 3651 4098 exspectantibus

424 4130 718 4190 Dominum
749 4140 908 4180 suum
950 4121 1169 4193 quando
1213 4130 1522 4177 revertatur
1566 4136 1597 4173 a
1642 4117 1881 4188 nuptiis,
1931 4126 1989 4171 ut
2026 4132 2152 4172 cum
2175 4119 2802 4188 veneritetpulsav‘erit,
2827 4120 3113 4174 confestim
3145 4120 3433 4188 ,aperiant
3471 4118 3519 4171 ei
3539 4119 3598 4168 '°.
3628 4134 3643 4162 ι

422 4221 674 4279 lnducit:
704 4236 723 4269 ι
767 4215 915 4270 Beati
948 4213 1093 4268 servi
1132 4212 1207 4265 illi
1251 4227 1424 4281 quos,
1465 4225 1589 4264 cum
1619 4208 1837 4263 venerit
1868 4209 2153 4272 Dominus,
2195 4208 2469 4263 invenerit
2511 4210 2815 4280 vigilantes.
2887 4211 3059 4263 Amen
3104 4210 3231 4263 dico
3280 4212 3472 4272 -V0bls,
3534 4207 3647 4275 quia

420 4314 716 4389 praecinget
743 4326 801 4367 se
825 4317 882 4364 et
902 4306 1065 4362 faciet
1087 4306 1212 4361 illos
1234 4304 1602 4370 discumbere,
1626 4312 1682 4358 et
1706 4301 1980 4357 transiens
2016 4301 2348 4356 ministrabit
2376 4301 2484 4355 illis
2511 4303 2577 4354 “.
2613 4322 2628 4352 ι
2656 4303 2763 4372 Ipsi
2788 4303 2959 4373 gloria
2986 4303 3039 4355 in
3069 4303 3289 4354 secula.
3320 4305 3505 4354 Amen.

864 4445 1076 4516 1037
1117 4442 1398 4499 llOMlhlA
1438 4441 1549 4497 Vll.

1045 4557 1122 4611 De
1155 4557 1389 4629 Jejunio.

2706 4439 2924 4490 ΛΟΓΟΣ
2961 4439 3030 4489 Ζ¹.

2625 4552 2761 4617 Περὶ
2802 4552 3113 4617 νηστείας.

480 4672 786 4735 Monachus
815 4671 910 4741 qui
949 4667 1149 4727 merito
1176 4665 1371 4738 jejuuii
1416 4665 1736 4721 sincerioris
1765 4678 1988 4735 magno-

2164 4665 2409 4735 Μοναχδς
2445 4664 2765 4734 βουλόμενος
2795 4665 2881 4718 διὰ
2918 4665 3165 4735 καθαρᾶς
3197 4665 3454 4734 νηστείας
3476 4660 3647 4715 ἑαυτὸν

419 4776 551 4832 pere
584 4762 738 4830 cupit
760 4760 858 4815 Dei
901 4761 1131 4831 gratiam
1170 4755 1431 4829 emereri,
1459 4756 1675 4824 sibique
1699 4754 1994 4809 conciliare

418 4868 542 4907 eam
567 4852 935 4915 familiariter,
961 4865 1185 4921 prorsus
1217 4850 1263 4903 is
1294 4848 1459 4903 debet
1491 4847 1726 4917 primum
1747 4846 1992 4900 ontnium

420 4943 528 4998 sibi
576 4942 847 5014 jejunium
901 4942 1207 5005 asciscere,
1263 4956 1370 4994 non
1424 4939 1841 5009 qualecunque,
1897 4937 1992 4991 sed

421 5033 570 5103 quod
621 5032 975 5103 purissimum
1031 5032 1103 5086 sit
1151 5031 1359 5099 peccati
1440 5029 1649 5093 omnis,
1699 5044 1997 5097 secumque

420 5125 643 5181 decreto
672 5123 934 5179 immobili
962 5138 1063 5177 ceu
1093 5121 1286 5175 trabali
1316 5121 1471 5175 clavo
1488 5119 1806 5184 constituat,
1834 5121 1989 5182 nulli,

420 5216 550 5268 dum
599 5215 654 5270 in
692 5214 833 5268 vivis
872 5211 1071 5276 fuerit,
1116 5211 1325 5265 servire
1354 5225 1590 5278 unquam
1630 5209 1829 5263 vitioso
1857 5210 1990 5263 affe-

421 5303 558 5363 ctui.
598 5303 692 5358 sed
745 5310 802 5358 ct
843 5300 1046 5359 silentii
1100 5299 1342 5370 perpetis
1390 5298 1603 5352 excolat
1648 5298 1993 5354 taciturnita-

492 5419 535 5450 “
569 5420 587 5473 ι
616 5418 743 5471 Cor.
780 5434 869 5480 xv,
1100 5416 1145 5447 δ’
1174 5417 1310 5471 Psal.
1343 5431 1486 5478 χιιι,
1519 5415 1572 5468 9.

421 5557 505 5611 57.

1683 5414 1729 5482 ’ξ’
1764 5413 1932 5470 Εἐείί.
1950 5412 2094 5482 xvi",
2129 5420 2216 5474 50.

419 5486 468 5519 *δ
492 5487 625 5541 ibid.
661 5487 713 5540 6.
790 5489 832 5519 "
857 5478 944 5542 tib.
971 5481 1047 5538 l0.
1092 5486 1136 5519 ⁸⁸
1160 5487 1368 5542 Coloss.
1399 5503 1473 5548 ιιι,
1515 5485 1564 5538 5.
1639 5478 1759 5537 u'll
1792 5486 1917 5538 (lor.
1948 5504 2040 5549 vn,
2080 5478 2125 5542 ί.

2093 4756 2172 4827 τῷ
2201 4756 2322 4826 Θεῷ
2360 4757 2805 4827 προσοικειῶσαι,
2841 4757 2942 4826 τὴν
2973 4757 3142 4820 ὅντως
3191 4755 3647 4827 ὰκραιφνεστάτην

2095 4849 2352 4916 νηστείαν
2404 4850 2667 4918 χρεωστεῖ
2715 4848 3009 4918 αἱρεῖσθαι,
3059 4850 3153 4901 καὶ
3219 4847 3297 4917 μὴ
3352 4844 3647 4900 δουλοῦσθαι

2099 4940 2317 5002 πάθεσι,
2358 4941 2449 4992 καὶ
2481 4940 2725 5008 μεγάλην
2761 4940 2990 5010 ἡσυχίαν
3027 4940 3297 5010 γεωργεῖν
3324 4938 3412 4991 διὰ
3444 4933 3645 4995 παντός·

2097 5033 2210 5085 Καὶ
2264 5034 2292 5083 ὁ
2343 5031 2585 5095 τοιοῦτος
2625 5035 2737 5094 τοῖς
2783 5032 3038 5100 ἀγγέλοις
3093 5029 3512 5100 συναμιλλᾶται,
3552 5026 3647 5082 τοῖς

2096 5121 2326 5184 δικαίοις
2415 5122 2756 5191 συγχορεύει.
2832 5121 3315 5193 Ἐλευθερούμενος
3379 5119 3487 5190 γὰρ
3552 5114 3648 5168 τῶν

2100 5213 2325 5279 γηΐνων,
2378 5213 2458 5274 εἰς
2496 5213 2566 5265 τὰ
2603 5213 2830 5282 οὐράνια
2875 5213 3170 5282 ἀδολεσχεῐ.
3221 5210 3488 5265 Ἑνταῦοα
3531 5224 3647 5260 στυ-

2102 5303 2337 5371 γνάζων,
2383 5304 2594 5358 ἐκεῖθεν
2644 5305 3027 5376 φαιδρύνεται·
3084 5304 3271 5359 ἐνθάδε
3328 5301 3645 5373 βιαζόμενος.

2329 5421 2373 5452 ⁸⁸
2406 5422 2574 5477 Ereli.
2615 5439 2816 5487 xxxm,
2861 5423 3092 5479 52—34.
3199 5423 3248 5454 “
3289 5421 3430 5475 Psal.
3484 5414 3645 5487 al.5-

2210 5493 2253 5521 ’θ
2284 5492 2323 5544 ll
2360 5492 2500 5545 l'etr.
2536 5510 2570 5551 ι,
2608 5494 2658 5557 fi,
2690 5492 2740 5546 ti.
2784 5483 2827 5525 ⁵⁵
2860 5495 2989 5548 Luc.
3034 5510 3123 5557 xu,
3160 5493 3247 5557 '55,
3284 5491 3373 5546 56.
3451 5489 3492 5521 "
3529 5483 3645 5539 ibid-

1688 5645 1916 5702 VARUE
1944 5646 2338 5703 ΙΕΟΤΙΟΝΕΞ.

493 5753 522 5781 ιι
550 5740 858 5806 Προσέχωι
923 5738 1037 5801 Dic,
1073 5736 1308 5806 ἀπέχων,
1332 5736 1639 5789 abstinens.

1720 5747 1741 5772 '
1763 5738 2055 5807 ἀγαπητοί.
