4020 6146
467 338 594 402 um
652 420 663 429 .

1356 347 1681 409 nonum
1725 350 1880 407 x.—-
1908 351 2003 409 DE
2046 346 2463 410 canerem;
2501 326 2868 409 sontum.

3595 348 3730 411 Illi!

462 450 643 503 πλλιν·
688 470 705 501 ι
726 450 1025 526 Ἐξόλλυσιν
1063 440 1260 506 ἑαυτὸν
1295 452 1324 504 6
1355 455 1730 526 δωρολήπτης.
1769 456 1825 509 Ὀ
1854 456 1909 509 δὲ
1941 474 2025 526 μισ

2134 472 2248 510 esse
2272 452 2610 511 conﬁrmans
2643 445 2860 508 inducit
2894 472 2907 508 :
2958 474 2976 505 ι
3017 455 3099 509 Va:
3137 454 3227 523 qui
3255 453 3568 524 justilicatis
3616 455 3721 508 im-

465 539 572 592 σῶν
600 539 961 615 δωρολημίας,
1003 546 1249 615 ζήσεται.
1272 562 1289 588 ι
1327 547 1433 599 Καὶ
1474 542 1653 607 αὖοιςυ
1691 545 2039 615 «Λαμόἀνων

2142 548 2290 617 pium
2335 564 2434 618 pro
2484 542 2847 611 muneribus,
2882 546 2978 617 qui
3034 545 3261 599 aufertis
3311 559 3340 598 a
3386 546 3538 614 justo
3571 546 3716 615 quod

469 488 619 503 ’κήδη-1
689 488 704 501 1
747 488 784 505 υ
820 488 1025 505 ’δηηυυιν
1065 488 1257 506 Ubi-‘5'"
1296 488 1324 504 υ
1355 488 1730 526 υωιιυιηιιιι-ιμο
1785 488 1824 509 υ
1854 488 1909 509 υῦ
1941 488 2025 526 μ5⁹

465 539 572 592 σῶν
600 488 961 701 διυρολιέζίας,
1003 546 1249 615 ζήσεται.
1272 562 1289 588 ι
1327 547 1433 599 Καὶ
1474 542 1653 607 αὖθις·
1691 545 2039 615 «Λαμόἀνων

460 631 607 701 δῶρα
636 634 694 685 tv
721 633 784 687 κό
863 652 942 699 οις
976 635 1194 698 ἀδίκως,
1225 636 1287 689 οὐ
1332 636 1713 690 κατευοδοῦται
1749 638 1805 688 ὲν
1828 636 1988 709 ὁδοῖς.
2015 654 2030 686 ι

2134 488 2248 510 casu
2272 488 2610 511 υυ.............,
2643 488 2860 508 ...ι-..ιη
2894 497 2905 508 ,
2958 488 2974 505 .
3024 488 3099 509 ,ω
3137 488 3227 523 ιι...
3255 488 3568 524 ,μουμου-υ
3616 488 3720 508 ιη.-

2142 548 2290 617 pium
2335 564 2434 618 pro
2484 542 2847 611 muneribus,
2882 546 2978 617 qui
3034 545 3261 599 aufertis
3311 559 3340 598 a
3386 546 3538 614 justo
3571 546 3716 615 quod

2134 640 2343 710 justum
2384 648 2489 701 est.
2525 646 2582 693 et
2605 635 2801 706 capitis
2824 638 2980 691 xenia
3004 635 3079 689 ἐί
3125 654 3142 685 ι
3172 635 3240 688 Ει
3268 653 3280 687 :
3322 654 3339 685 ι
3369 634 3516 689 Dona
3546 650 3720 689 exem-

460 752 527 762 —
553 742 571 773 ι
608 725 980 797 Αίρετὼτερον
1003 722 1095 781 οὖν
1119 728 1291 798 ὄνομα
1320 729 1485 782 καλὸν
1510 730 1540 799 ἢ
1570 728 1823 792 πλοῦτος.
1850 747 1867 778 ι
1900 727 1956 780 '0
1983 727 2038 778 δὲ

462 814 627 867 Δαυῒδ
666 816 760 869 τὸν
804 817 937 869 Θεὸν
968 819 1352 889 ἐξαιτούμενος
1398 819 1604 887 ἔλεγεν
1640 839 1657 870 ι
1704 820 1796 890 Μὴ
1829 835 2038 871 συναπο

460 906 665 980 ολέσῃς
685 909 823 978 μετά
848 909 1059 962 ἀσεὸὦν
1082 910 1181 981 τὴν
1197 909 1377 981 ψυχήν
1404 928 1526 983 μου,
1547 911 1638 963 καὶ
1667 912 1805 980 μετά
1831 909 2041 979 ἀνδρῶν

464 997 714 1064 αίμάτων
760 999 859 1069 τὴν
907 999 1054 1070 ζωήν
1103 1018 1204 1070 μου
1228 1017 1239 1029 ·
1272 994 1346 1052 ὧν
1379 986 1441 1052 tv
1490 1002 1679 1071 χερσὶν
1715 1002 1767 1054 αἱ
1795 1000 2037 1069 ἀνομίαι,

2138 736 2264 782 cant
2301 729 2492 783 oculos
2526 727 2857 797 sapientium
2884 727 2948 778 ⁹⁹.
2991 744 3009 776 ›
3053 723 3257 777 lterum
3294 741 3307 776 :
3346 741 3365 774 ι
3402 722 3589 778 Perdit
3626 739 3716 777 se-

2140 817 2339 887 ipsum,
2377 818 2470 886 qui
2516 816 2715 885 accipit
2752 830 3004 879 munera,
3040 814 3133 883 qui
3181 822 3363 867 autem
3392 813 3522 867 odio
3552 813 3718 868 habet

2138 899 2487 977 acceptiones
2515 923 2828 969 munerum,
2861 906 3007 959 vivet
3033 906 3072 958 ¹.
3117 924 3134 955 ι
3176 905 3418 959 Rursum
3453 921 3466 957 :
3504 923 3521 954 ι
3558 904 3718 957 Acci-

2133 998 2293 1067 piens
2316 984 2542 1053 ntunera
2567 998 2620 1051 in
2640 997 2854 1052 sinibus
2877 995 3100 1068 injuste,
3133 1011 3241 1049 non
3275 1003 3631 1064 prosperatur
3657 994 3713 1049 in

463 1088 496 1156 ή
524 1087 675 1153 δεξιά
723 1089 903 1142 αὐτῶν
945 1090 1188 1162 ἐπλήσθη
1237 1088 1425 1158 δώρων
1454 1106 1467 1123 ⁸
1501 1109 1520 1141 ι
1554 1091 1770 1154 ἀσεόεῑς
1804 1093 1898 1144 καὶ
1926 1090 2044 1143 ἀνό-

2136 1088 2242 1141 viis
2265 1089 2380 1143 suis
2398 1092 2440 1139 '.
2458 1108 2474 1138 ι
2495 1117 2559 1130 --
2585 1106 2603 1137 ι
2631 1087 2825 1163 Melius
2846 1087 3031 1156 itaque
3064 1101 3265 1139 nomen
3301 1086 3529 1147 bonum,
3549 1100 3713 1154 quam

469 1193 604 1246 μους
635 1177 834 1247 ἄνδρας
865 1179 1115 1249 αἱμάτων
1163 1178 1452 1231 ἀποκαλῶν
1498 1179 1622 1240 τοὺς
1659 1178 2038 1250 δωρολὴπτας.

467 1268 577 1321 Καὶ
635 1265 808 1332 αὖθις·
844 1288 863 1322 ι
892 1271 1137 1340 Ἄφρων,
1173 1272 1269 1324 καὶ
1308 1270 1489 1332 ἄνους,
1542 1269 1896 1333 ἀπολοῦνται,
1949 1272 2042 1322 καὶ

468 1358 882 1439 καταλείψουσιν
903 1360 1206 1431 ἀλλοτρίοις
1232 1362 1321 1414 τὸν
1356 1360 1584 1415 πλοῦτον
1608 1360 1803 1414 αὐτῶν.
1838 1379 1855 1411 t
1897 1361 2041 1413 Ἴσον

464 1448 541 1515 τῷ
563 1452 758 1503 εἰπεῖν·
793 1470 812 1503 ι
835 1452 1082 1522 Ἄφρων,
1110 1451 1285 1523 ταύτῃ
1309 1455 1374 1522 τῇ
1395 1455 1552 1506 νυκτὶ
1585 1446 1906 1505 ἀπαιτοῦσι’ν
1934 1451 2042 1506 ἀπὸ

469 1538 563 1591 σοῦ
592 1541 691 1611 τὴν
719 1541 896 1612 ψυχήν
934 1560 1056 1596 σου·
1095 1543 1130 1597 ἃ
1172 1544 1227 1596 6t
1257 1542 1562 1613 ἡτοίμασας
1596 1543 1745 1606 τίνος
1792 1542 1945 1596 ἔσται
1972 1561 1988 1605 ;
2015 1562 2033 1593 ›

466 1628 704 1701 ἄφρονας
734 1632 915 1685 καλῶν
946 1632 1073 1695 τοὺς
1113 1635 1170 1685 ὲν
1201 1633 1416 1709 πλούτῳ
1454 1616 1806 1696 πεποιθότας,
1850 1634 1941 1687 διὰ
1979 1634 2039 1685 τὸ

467 1713 662 1782 ἄδηλον
695 1716 788 1770 τοῦ
818 1720 875 1770 ἐν
922 1719 1086 1789 σαρκὶ
1130 1719 1267 1790 βίου.
1296 1722 1404 1774 Καὶ
1433 1721 1619 1775 πάλιν
1656 1742 1673 1773 ι
1704 1710 1900 1775 msz
1930 1721 2031 1792 τὴν

2140 1181 2346 1235 divitia:
2374 1181 2413 1234 '.
2456 1200 2474 1231 ι
2519 1172 2687 1235 David
2720 1179 2951 1250 proinde
2984 1188 3245 1248 precatus
3297 1177 3613 1236 Dominum,
3657 1185 3716 1230 ut

2144 1271 2273 1326 huic
2302 1271 2636 1324 eximeretur
2664 1286 2840 1333 none,
2877 1269 3095 1324 dicebat
3126 1286 3139 1321 :
3168 1288 3183 1318 ι
3217 1269 3295 1322 Ne
3322 1268 3484 1322 simul
3516 1268 3715 1338 perdas

2143 1374 2280 1414 cum'
2304 1358 2487 1429 impiis
2532 1356 2767 1412 animam
2817 1371 3015 1417 meam,
3051 1362 3106 1409 et
3141 1371 3265 1410 cum
3318 1356 3451 1409 viris
3492 1355 3717 1423 sangui-

2141 1467 2271 1505 num
2302 1451 2469 1505 vitam
2503 1463 2703 1511 meam,
2738 1449 2793 1501 in
2829 1462 3062 1517 quorum
3098 1447 3353 1500 manibus
3394 1446 3716 1514 iniquitates

2142 1548 2307 1594 sunt:
2342 1539 2571 1593 dextera
2618 1552 2812 1591 eorum
2860 1537 3077 1606 repleta
3124 1543 3209 1589 est
3260 1534 3649 1589 muneribus‘.
3690 1553 3707 1584 ι

2142 1630 2362 1699 Impius,
2387 1629 2604 1698 exleges
2626 1628 2742 1683 sive
2767 1628 3009 1697 iniquos,
3036 1637 3198 1697 atque
3218 1627 3366 1680 viros
3382 1626 3713 1696 sanguinuut

2142 1723 2270 1775 dum
2330 1720 2652 1774 nominatim
2695 1719 3047 1789 'perstringit,
3103 1719 3346 1773 insinuat
3407 1725 3715 1786 captatores

469 1803 693 1882 καρδίαν
720 1823 821 1875 μου
844 1808 925 1870 είς
947 1799 1023 1888 ςτά
1044 1809 1322 1879 μαρτύριά
1351 1827 1466 1875 σου,
1496 1812 1588 1863 καὶ
1614 1811 1700 1889 (μὴ
1732 1813 1809 1873 είς
1849 1811 2040 1863 πλεον-

2146 1796 2457 1865 munerum.
2511 1809 2682 1863 Item:
2721 1828 2738 1859 ι
2778 1809 3050 1880 [nsipiens
3087 1818 3142 1863 et
3188 1811 3393 1863 stultus
3430 1809 3709 1877 peribunt,

466 1892 637 1960 ε’ξίαν.
691 1917 710 1949 ι
753 1898 812 1952 '0
848 1899 905 1952 δὲ
968 1898 1086 1951 Ἰὼϐ
1138 1900 1398 1955 δεικνύων
1444 1902 1506 1954 τὸ
1566 1901 1804 1973 καθαρὸν
1847 1900 2035 1959 αὑτοῦ.

469 1987 637 2069 λέγει·
673 2005 691 2039 ι
719 1988 782 2040 Ei
811 1987 867 2041 6t
899 1990 991 2043 καὶ
1017 1993 1137 2053 ταῖς
1162 1993 1317 2062 χερσί
1352 2009 1454 2061 μου
1505 1991 1730 2063 ἡψάμην
1781 1991 1990 2061 δώρων.
2012 2011 2029 2041 ι

466 2078 575 2132 Καὶ
607 2080 635 2131 6
665 2079 868 2150 Κύριος
915 2083 1009 2134 καὶ
1048 2083 1238 2154 Σωτὴρ
1281 2085 1435 2154 ἡμῶν
1481 2085 1808 2149 ἐντέλλεται,
1834 2084 2028 2152 λέγων·

470 2186 490 2221 ι
534 2170 749 2241 Ὁρᾶτε,
783 2174 876 2225 καὶ
905 2173 1244 2241 φυλάσσεσθε
1289 2177 1396 2229 ἀπὸ
1437 2178 1617 2249 πάσης
1644 2177 1980 2242 πλεονεξίας.
2008 2197 2027 2228 ι

464 2259 547 2313 ὃτι
570 2260 671 2314 οὐκ
700 2263 757 2313 tv
789 2262 867 2333 τῷ
897 2268 1247 2336 περισσεύειν
1269 2268 1377 2321 τινὶ
1405 2268 1438 2337 ή
1462 2267 1577 2339 ζωὴ
1601 2269 1766 2323 αὑτοῦ
1800 2271 1947 2327 ἐστιν
1970 2272 2035 2323 ὲκ

465 2350 573 2405 τῶν
590 2353 946 2425 ὑπαρχόντων
974 2357 1142 2428 αὐτῷ.
1164 2359 1322 2431 Αὐτῷ
1344 2361 1377 2431 ἡ
1407 2360 1535 2425 δόξα
1562 2362 1641 2424 είς
1672 2363 1797 2425 τοὺς
1832 2362 2035 2425 αἰῶνας

463 2441 572 2495 τῶν
599 2443 833 2500 αίώνων.
875 2447 1070 2518 Ἀμήν.

2135 1913 2189 1957 et
2226 1903 2540 1971 relinquent
2574 1902 2770 1956 alienis
2797 1901 3020 1956 divitias
3047 1917 3176 1956 suas
3201 1902 3243 1957 '.
3277 1920 3296 1952 ι
3320 1901 3399 1957 Ac
3426 1900 3471 1955 si
3504 1900 3715 1955 diceret

2139 1992 2273 2047 illud
2314 2010 2324 2043 :
2373 2012 2389 2039 ε
2418 1991 2616 2056 Stulte,
2647 2000 2809 2045 nocte
2842 1992 2943 2046 hac
2991 2000 3239 2061 repetent
3284 2009 3313 2045 a
3366 2000 3417 2044 te
3474 1990 3712 2043 animam

2140 2095 2286 2140 tuam
2305 2086 2360 2137 ἰτ
2393 2106 2408 2136 ι
2427 2102 2548 2154 quae
2570 2095 2752 2141 autem
2777 2105 2795 2136 ι
2823 2085 3095 2156 apparasti
3113 2086 3236 2151 tibi,
3255 2086 3413 2156 cujus
3433 2091 3597 2137 erunt
3614 2083 3669 2135 7?
3689 2102 3705 2132 ι

2139 2178 2349 2233 Stultos
2393 2177 2552 2247 plane
2596 2191 2692 2230 eos
2734 2177 3002 2238 nominat,
3043 2176 3139 2251 qui
3166 2192 3391 2246 scopum
3424 2191 3537 2229 suae
3594 2174 3709 2244 spei

2139 2268 2350 2337 divitiis
2378 2267 2599 2337 aﬂigunt
2625 2284 2637 2319 :
2666 2282 2842 2336 eoque
2870 2266 3045 2331 stulti,
3080 2281 3205 2320 cum
3238 2266 3612 2335 incompertus
3643 2263 3713 2318 sit

2139 2336 2239 2413 nec
2265 2346 2415 2411 certo
2437 2356 2775 2427 deprehendi
2801 2365 2965 2426 queat
3007 2355 3164 2410 istius
3199 2356 3323 2411 vita:
3345 2355 3545 2410 exitus.
3577 2353 3722 2408 Rur-

2139 2466 2233 2506 sus
2268 2469 2279 2503 :
2314 2469 2331 2500 ‹
2370 2450 2576 2505 lnelina
2610 2465 2706 2505 cor
2736 2465 2918 2504 meum
2955 2449 3007 2503 in
3045 2449 3356 2503 testimonia
3393 2458 3485 2503 tua
3518 2457 3574 2503 et
3602 2462 3709 2502 non

465 2533 520 2587 in
552 2534 835 2591 avaritiam
862 2539 904 2594 ⁸.
940 2558 959 2591 υ
988 2539 1092 2595 Job
1155 2556 1396 2613 quoque,
1430 2560 1626 2615 purum
1660 2545 1952 2602 declarans
1995 2561 2055 2601 se
2121 2561 2275 2600 noxae
2302 2546 2467 2614 hujus
2510 2562 2521 2598 :
2558 2563 2574 2593 ι
2610 2544 2666 2599 Si
2694 2544 2950 2600 manibus
2982 2544 3117 2598 meis
3144 2544 3226 2599 vel
3255 2544 3409 2613 attigi
3437 2544 3580 2597 dona
3609 2544 3649 2596 '.
3689 2561 3706 2590 ι

464 2626 571 2692 Sed
610 2640 666 2687 et
695 2633 978 2699 Dominus,
1009 2645 1210 2692 nostra:
1239 2639 1439 2695 vindex
1472 2641 1665 2695 salutis
1700 2660 1712 2694 :
1752 2660 1770 2693 ι
1807 2641 2157 2705 Videte-,ait,
2198 2650 2255 2696 et
2284 2650 2477 2695 cavete
2520 2639 2590 2694 ab
2637 2639 2786 2694 omni
2828 2638 3059 2695 avaritia
3087 2640 3164 2704 ¹⁰;
3200 2656 3217 2689 ο
3255 2637 3382 2707 quia
3418 2652 3525 2692 non
3553 2650 3618 2691 ex
3645 2648 3711 2689 eo

462 2736 574 2791 quo
596 2723 720 2792 quis
743 2724 1010 2789 abundat,
1032 2727 1143 2783 vita
1164 2730 1282 2800 ejus
1307 2742 1409 2787 est.
1433 2731 1539 2803 Ipsi
1567 2733 1740 2802 gloria
1761 2733 1813 2787 in
1832 2734 2030 2789 saacula
2068 2734 2416 2791 seculorum.
2452 2732 2646 2786 Amen.

1066 2826 1398 2897 ἈυΓοΣικ

923 2952 1064 3022 Περὶ
1101 2957 1526 3026 σκνιφότητος.

542 3057 608 3112 Ἦ
655 3061 955 3134 σκνιφότης
1017 3066 1126 3120 ἀπὸ
1172 3070 1537 3141 μικροψυχίας
1597 3073 2032 3138 ἀναόλαστὰνει,

2737 2844 3014 2901 llOMlLIA
3043 2844 3109 2898 Χ.

2432 2956 2503 3011 De
2530 2946 2745 3011 sordida
2775 2963 2825 3008 et
2852 2953 3105 3008 illiberali
3137 2952 3418 3021 parcitate.

2206 3069 2471 3133 Pareitas,
2501 3076 2595 3122 aut
2621 3067 2664 3122 si
2701 3067 2893 3131 mavis,
2927 3065 3214 3128 tenacitas,
3242 3063 3310 3117 ab
3348 3061 3531 3115 radice
3576 3076 3708 3129 pru-

462 3147 663 3237 μᾷλλον
706 3150 764 3204 6t
798 3154 1056 3220 ἀπιστίας
1108 3159 1205 3235 καὶ.
1247 3160 1621 3226 ἀνελπιστίας.
1660 3163 1725 3217 El
1766 3164 1873 3234 γὰρ
1901 3165 2031 3237 περὶ

2135 3147 2409 3229 germinat
2434 3156 2943 3228 pusillanimitatis;
2979 3155 3166 3210 verius
3190 3161 3375 3208 autem
3402 3151 3706 3222 proficisci—

459 3236 529 3289 τὰ
570 3239 846 3311 ὁρώμενα,
873 3241 910 3297 ἀ
945 3229 1197 3318 παρέχεί
1219 3249 1351 3318 ἡμῖν
1395 3250 1580 3321 ἀγαθά
1609 3252 1733 3306 καθ’
1777 3229 2030 3323 ⁷ιὶδίάστην

2134 3255 2223 3300 tur
2256 3246 2324 3300 ab
2358 3245 2680 3301 inﬁdelitate
2707 3255 2763 3300 et
2794 3244 3203 3323 desperatione.
3238 3242 3454 3298 Etenim
3484 3243 3528 3295 si
3561 3243 3706 3295 circa

460 3328 779 3403 πλουσίωςή
804 3333 970 3387 αὐτοῦ
992 3336 1286 3409 ἀγαθότης,
1308 3341 1409 3394 οὐκ
1425 3342 1832 3414 ἐμπιστεύομεν
1859 3346 2027 3416 αὐτῷ,

458 3419 595 3472 ἀλλά
630 3420 956 3493 διστάζομεν
976 3442 990 3455 ·
1020 3427 1138 3493 πῶς
1169 3430 1298 3501 περὶ
1338 3431 1445 3485 τῶν
1493 3432 1569 3503 μὴ
1605 3434 1907 3505 ὁρωμένων
1933 3441 2030 3493 καὶ

456 3511 713 3576 αἰωνίων,
743 3515 835 3567 καὶ
861 3519 1195 3587 παραμόνων
1222 3521 1442 3588 ἀγαθῶν
1463 3563 1479 3588 ,
1508 3522 1544 3576 ἀ
1568 3526 1731 3590 αὐτὸς
1761 3528 2031 3599 ὑπέσχετο

458 3602 591 3669 ἡμῖν
643 3602 981 3675 παρασχεῖν,
1029 3610 1408 3682 πιστεύσωμεν
1458 3614 1645 3685 αὐτῷ,
1708 3636 1727 3669 ι
1789 3619 1856 3671 Ἀ
1903 3619 2028 3674 οὔτε

458 3688 737 3759 ὀφθαλμὸς
761 3690 1033 3761 εἷδεν,καὶ
1062 3694 1157 3761 οὓς
1186 3698 1288 3754 οὐκ
1318 3701 1553 3773 ηκουσεν
1575 3743 1592 3769 ,
1634 3707 1727 3759 καὶ
1755 3706 1849 3759 ἐπὶ
1888 3725 2029 3779 καρ-

454 3779 574 3833 δίαν
597 3781 889 3854 ἀνθρὼπου
914 3787 1013 3839 οὐκ
1045 3788 1215 3861 ἀνέϐη
1244 3810 1259 3857 ;
1301 3811 1321 3845 ι
1358 3793 1597 3859 Εἰκότως
1623 3791 1717 3851 οὖν
1761 3800 2028 3868 ἐγκαλού-

460 3870 601 3961 μεθα
630 3875 782 3961 παρὰ
814 3879 913 3946 τῆς
945 3877 1095 3944 θείας
1133 3880 1376 3954 Γραφῆς,
1415 3885 1498 3939 ὅτι
1536 3904 1557 3938 ι
1598 3888 1801 3959 ’Ἄνδρα
1847 3891 2027 3961 ὀλιγό-

455 3958 624 4053 ψυχον
656 3960 739 4053 τίς
772 3963 1021 4053 ὑποίσεις
1065 3985 1087 4018 ι
1135 3969 1623 4044 Ἐμπιστεύσωμεν
1662 3958 1758 4029 οὖν
1786 3977 1865 4048 τῷ

455 4050 553 4118 τὴν
578 4050 770 4119 χρείαν
795 4052 891 4105 τοῦ
932 4052 1207 4127 σώματος,
1248 4060 1342 4115 καὶ
1373 4059 1522 4132 δῆλοί
1553 4064 1744 4133 ἐσμεν,
1782 4068 1877 4119 καὶ
1926 4050 2027 4140 τὴν

454 4140 546 4194 τοῦ
579 4141 891 4214 πνεύματος
911 4148 1260 4214 πιστεύοντες
1282 4152 1455 4222 αὐτῷ.
1474 4154 1684 4210 Οὐκοῦν
1713 4157 1863 4229 αὐτῷ
1889 4159 2027 4218 dno.-

453 4231 700 4321 δώσομεν
739 4238 864 4305 περὶ
886 4237 1126 4306 πάντων,
1161 4241 1244 4296 ὅτι
1279 4243 1427 4314 αὐτῷ
1488 4246 1643 4312 μέλει
1678 4248 1818 4321 ὑπὲρ
1845 4250 2024 4321 ἡμῶν*

456 4323 549 4374 καὶ
573 4320 715 4378 οῐδεν
757 4322 834 4381 ὧν
861 4328 1052 4399 χρείαν
1074 4329 1270 4403 ἔχομεν
1302 4334 1411 4406 πρὸ
1444 4336 1539 4389 τοῦ
1583 4320 1807 4407 αίτῆσαι
1839 4320 2023 4398 αὐτόν.

467 4412 525 4464 '0
552 4412 662 4484 γὰρ
695 4414 826 4478 Θεὸς
851 4418 958 4470 τῶν
972 4416 1341 4493 ἅπλουμένων,
1369 4424 1609 4496 ἁπλότης
1637 4427 1804 4489 ἐστίν·
1842 4430 2026 4495 καθὼς

2098 3789 2358 3875 ’minime
2430 3791 2609 3847 oculis
2685 3792 3008 3862 subiacent,

2134 3337 2249 3392 hmc
2286 3337 2525 3391 visibilia
2559 3352 2681 3407 qua:
2711 3337 2766 3391 in
2802 3336 2922 3392 dies
2966 3335 3213 3406 singulos
3242 3334 3457 3389 abunde
3484 3342 3539 3388 et
3569 3348 3673 3401 οριι
3693 3363 3707 3371 -

2129 3427 2308 3483 lentor
2356 3427 2520 3483 nobis
2560 3427 2808 3498 suggerit
2850 3426 3069 3482 Domini
3104 3424 3452 3493 benignitas.
3496 3422 3705 3493 1042

2130 3517 2559 3587 haudquaquam
2595 3517 2758 3572 ﬁdem
2790 3517 3080 3580 habemus,
3114 3515 3209 3569 sed
3238 3514 3389 3568 varie
3424 3514 3705 3568 diducitur

2130 3606 2348 3675 animus
2386 3616 2443 3661 et
2475 3607 2697 3662 vacillat
2722 3606 2966 3673 dubius;
3016 3606 3110 3675 qui
3159 3604 3252 3660 lict
3297 3613 3357 3660 ut
3412 3604 3517 3660 ﬁde
3564 3606 3701 3659 nihil

2135 3698 2430 3754 haesitante
2486 3700 2777 3755 credamus
2840 3699 3015 3770 ipsius
3086 3699 3276 3755 verbis
3330 3698 3398 3754 de
3451 3700 3537 3755 his
3586 3716 3705 3769 qna:

3091 3791 3186 3847 sed
3267 3800 3473 3846 aeterna
3545 3799 3668 3846 sunt
3688 3832 3701 3852 ,

2128 3895 2232 3934 nec
2288 3880 2403 3937 ullo
2461 3897 2703 3951 unquam
2768 3881 3170 3952 intercipienda
3226 3882 3355 3943 line,
3406 3897 3530 3935 cum
3571 3882 3702 3935 alie—

2127 3971 2222 4040 qui
2274 3986 2331 4026 se
2385 3986 2454 4026 ea
2523 3972 2684 4027 nobis
2764 3983 2916 4029 certo
2964 3972 3224 4051 daturum
3290 3972 3570 4042 pollicitus
3611 3973 3698 4033 sit,

2129 4064 2272 4139 bona
2322 4080 2452 4120 sane
2483 4106 2497 4129 ,
2561 4085 2578 4117 ι
2615 4064 2745 4132 Quae
2796 4081 2899 4122 nec
2947 4067 3144 4125 oculus
3187 4066 3349 4131 vidit,
3396 4081 3500 4119 nec
3551 4065 3703 4119 auris

2127 4154 2358 4221 audivit,
2388 4171 2489 4211 nec
2516 4156 2571 4211 in
2608 4172 2704 4211 cor
2735 4156 2976 4212 hominis
3002 4157 3375 4212 ascenderunt
3404 4157 3443 4188 "
3468 4157 3490 4209 ?
3522 4176 3540 4208 ι
3582 4156 3700 4211 Non

2128 4244 2293 4316 igitur
2319 4246 2417 4301 abs
2454 4263 2510 4302 re
2545 4246 2730 4302 divina
2766 4263 2867 4302 nos
2900 4238 3152 4320 coarguit
3181 4248 3465 4319 Scriptura
3500 4267 3512 4300 :
3555 4266 3573 4299 ι
3614 4247 3704 4301 \‘i-

2129 4352 2249 4391 rum
2286 4325 2705 4408 pusillanimem
2761 4339 2887 4410 quis
2943 4340 3236 4395 sustinebit
3283 4339 3365 4394 "'l
3427 4358 3445 4391 ι
3514 4338 3702 4409 Itaque

2128 4427 2290 4482 istius
2348 4430 2597 4500 corporis
2649 4430 3038 4484 necessitatem
3071 4428 3177 4485 ﬁde
3227 4444 3340 4485 non
3385 4426 3556 4484 dubia
3591 4430 3702 4484 Dcu

457 4505 604 4573 καὶὴ
636 4505 803 4608 Σοφία
838 4509 1022 4576 φησίν·
1063 4530 1083 4562 ι
1125 4513 1220 4575 Ὃς
1241 4514 1529 4584 πορεύεται
1555 4517 1763 4582 ἀπλῶς,
1798 4522 2024 4589 πορεύε-

2134 4520 2515 4589 permittamus
2550 4521 2638 4575 cui
2666 4521 2942 4576 manifesti
2970 4538 3162 4591 sumus
3214 4522 3375 4577 ﬁdem
3432 4522 3702 4576 habentes

454 4610 545 4645 ται
601 4595 894 4662 πεποιθώς.
925 4618 944 4649 ι
996 4600 1103 4654 Καὶ
1153 4603 1338 4657 πάλινο
1398 4623 1416 4657 ι
1455 4606 1562 4661 Τοῦ
1614 4608 1806 4663 πιστοῦ
1853 4611 1971 4676 ὅλος
2001 4615 2030 4666 ὁ

2134 4607 2359 4677 Spiritui
2390 4619 2598 4665 sancto.
2628 4610 2769 4667 Sane
2799 4628 2980 4667 rerum
3002 4613 3248 4667 omnium
3284 4629 3474 4669 curam
3502 4612 3700 4669 ineunt

457 4683 657 4751 κόσμος
696 4685 803 4737 τῶν
831 4688 1151 4759 χρημάτων,
1173 4690 1249 4761 τῷ
1281 4690 1338 4745 δὲ
1370 4692 1584 4765 ἀπίστῳ
1608 4696 1727 4748 οὐδὲ
1754 4696 1957 4761 ὀϐολός.
2002 4717 2022 4749 ι

455 4773 584 4824 Καί·
623 4794 641 4824 ι
681 4775 912 4844 Εὑλογία
940 4779 1146 4848 Κυρίου
1169 4782 1261 4834 ἐπὶ
1294 4783 1538 4856 κεφαλὴν
1567 4785 1798 4842 δικαίου.
1843 4807 1863 4841 ι
1896 4790 2025 4854 Καὶ,

460 4875 479 4906 ‹
518 4858 678 4929 Ψυχὴ
709 4859 1051 4941 εὐλογημένη
1088 4866 1235 4919 πᾶσα
1258 4868 1404 4940 ἁπλῆ
1438 4886 1452 4901 ο
1482 4872 1576 4924 καὶ
1608 4872 1636 4926 ό
1673 4875 1914 4944 σπείρων
1941 4877 2023 4931 δι-

454 4948 766 5018 καιοσύνην,
801 4950 1032 5023 λήψεται
1065 4955 1255 5024 μισθὸν
1288 4960 1501 5014 πιστοῦ.
1529 4962 1602 5015 Οὐ
1632 4964 1741 5035 γὰρ
1768 4964 2023 5034 λιμοκτο-

454 5040 606 5106 νήσει
655 5039 859 5112 Κύριος
901 5043 1078 5116 ψυχὴν
1114 5047 1344 5101 δικαίου.
1386 5049 1443 5103 Ὀ
1494 5050 1552 5103 δὲ
1604 5054 1881 5119 πεποιθὼς
1930 5057 2021 5111 ἐπὶ

453 5128 667 5200 πλούτῳ
711 5132 898 5198 αὐτοῦ,
932 5128 1087 5199 οὗτος
1134 5140 1402 5194 πεσεῖται.
1443 5160 1461 5193 ι
1505 5143 1636 5206 Καὶ,
1683 5163 1701 5196 ι
1747 5146 2021 5217 Ὕπαρξις

453 5221 958 5296 ὲπισπουδαζομὲνη
993 5227 1130 5296 μετά
1163 5229 1416 5299 ἀνομίας,
1448 5232 1693 5287 ἐλάσσων
1725 5236 1953 5303 γίνεταιυ
1992 5241 2022 5293 6

451 5308 507 5363 δὲ
536 5312 782 5380 συνάγων
812 5318 989 5388 ἐαυτῷ
1020 5318 1157 5389 μετά
1178 5321 1481 5390 εὐσεϐείας,
1511 5326 1962 5401 πληθυνθήσεται.
1999 5352 2017 5382 ι

523 5467 567 5540 γ’
586 5467 689 5540 l_sa.
715 5486 766 5533 v,
787 5470 878 5525 Ξῖ.
957 5475 1000 5507 9’
1043 5474 1207 5529 Eccli.
1244 5494 1332 5540 xx,
1358 5479 1444 5533 5|.

456 5534 476 5564 ⁵
500 5534 638 5617 Paul.
662 5554 843 5617 rt_t.v_m,
875 5542 960 5595 ll.

2132 4699 2586 4766 transcribamus,
2614 4702 2693 4756 illi
2728 4702 2823 4757 uni
2849 4703 3225 4774 assignemus;
3258 4705 3387 4775 quia
3427 4704 3528 4774 ipsi
3570 4721 3699 4758 cnza

2128 4790 2237 4845 erit
2264 4790 2331 4846 de
2366 4792 2546 4846 nobis.
2578 4792 2739 4847 Novit
2774 4794 2894 4864 ipse
2920 4812 3154 4866 quorum
3188 4805 3474 4867 tangamur
3508 4812 3700 4849 ncces-

2130 4882 2313 4943 sitate,
2342 4882 2657 4954 priusquam
2682 4887 3023 4955 postulemus
3040 4904 3187 4941 eum.
3215 4886 3554 4958 Simpliciter
3581 4906 3701 4959 grn-

2130 4968 2399 5025 dientiunt
2431 4971 2657 5039 divitiaa,
2690 4975 2832 5029 Deus
2876 4985 2979 5040 est,
3004 4974 3467 5046 quemadmodum
3500 4981 3701 5033 astruit

2129 5061 2460 5130 Sapientia:
2518 5082 2536 5115 ι
2593 5065 2695 5135 Qui
2744 5068 2997 5123 ambulat
3052 5069 3399 5139 simpliciter,
3454 5070 3699 5125 ambulat

2126 5153 2555 5211 conﬁdenter".
2612 5177 2629 5209 ι
2683 5158 2891 5214 Rursus
2937 5178 2949 5213 :
3002 5180 3015 5207 ο
3062 5160 3260 5215 Fidelis
3293 5160 3395 5217 viri
3442 5168 3699 5215 cstlutus

2130 5246 2368 5303 mundus
2420 5248 2759 5313 divitiarum,
2822 5252 3055 5305 inﬁdelis
3104 5262 3286 5305 autem
3345 5268 3411 5305 ne
3472 5251 3693 5305 obuium

2128 5336 2350 5405 quidem
2378 5338 2545 5395 habet
2572 5341 2629 5395 “.
2668 5363 2685 5393 ι
2721 5343 2787 5397 Et
2823 5360 2835 5394 :
2880 5363 2896 5394 ι
2938 5340 3253 5396 Benedictio
3287 5342 3496 5396 Domini
3532 5358 3700 5414 super
3730 5358 3742 5423 ξ

1522 5481 1727 5573 ξξξλιςῇν-
1768 5500 1857 5573 ξιξ.
1892 5488 1979 5573 “2.7.
2057 5491 2077 5520 ’
2101 5492 2261 5573 Pro_vn.
2301 5510 2430 5573 xv_n_,
2457 5494 2546 5573 ‘_23.
2625 5498 2644 5527 '
2674 5497 2832 5573 P_rcv.
2860 5502 3066 5573 xsu,_l.
3145 5500 3333 5573 ‘Psal:
3362 5516 3487 5573 xxv,
3518 5502 3573 5573 _9,
3612 5504 3689 5557 IO.

1080 5546 1200 5623 lue
1240 5563 1328 5623 xu,
1364 5549 1452 5623 QQ.
1483 5620 1492 5623 _
1522 5552 1541 5581 ⁷
1567 5551 1699 5605 ibid.
1768 5556 1786 5585 ⁸
1811 5546 1951 5611 Psal.
1983 5574 2162 5623 cxvnt,
2189 5561 2274 5617 ῦὸ.

2353 5568 2373 5595 "
2395 5564 2498 5618 Jul)
2531 5579 2672 5622 χχιιι.
2703 5565 2758 5620 7.
2800 5569 2811 5583 ⁶
2907 5569 2948 5598 ⁸⁸
2982 5569 3116 5624 Luc.
3149 5585 3242 5633 xu,
3278 5570 3360 5623 1⁵).
3447 5564 3483 5601 ⁶¹
3516 5571 3532 5625 Ι
3561 5573 3690 5628 Cor.

452 5620 522 5710 ἓν
685 5611 738 5707 ’λ
962 5618 1250 5710 ἦ
1279 5617 1333 5671 in
1362 5619 1605 5675 editione
1639 5639 1735 5675 va
1768 5640 1781 5689 ;
1819 5628 1870 5679 in
1906 5628 2127 5699 Vulgata
2154 5607 2318 5695 'veru,
2346 5635 2588 5702 spiritum
2613 5607 2681 5687 ml
2707 5607 3299 5710 ἕναδεειιιίηῖίιῗιίτίίιίίηζ
3324 5607 3430 5696 etc.
3462 5607 3691 5698 "HJK:

458 5690 508 5737 χ,
545 5676 594 5730 9.

698 5678 738 5707 “
766 5681 924 5732 Prov.
977 5699 1161 5742 xum,
1193 5686 1273 5738 I‘J.
