4020 6146
410 317 547 381 14(ῑῦ

1497 323 1825 383 HOMILIA
1862 323 1976 382 XLI
2032 347 2103 356 τ-
2135 321 2232 383 DE
2273 304 2594 382 USUBIS.

3527 325 3681 388 “65-

408 433 825 502 Συνεπιτχύσεις
848 433 937 486 τὸν
963 416 1252 501 σύσσωμόν
1283 445 1404 497 σου,
1453 434 1594 498 ἕξεις
1623 436 1787 489 αὑτὸν
1814 452 1979 506 προσ-

2083 434 2244 504 nigne
2266 441 2324 486 et
2350 420 2791 485 misericorditer
2819 433 3068 503 accipere
3092 432 3421 502 proximum,
3451 442 3511 486 ut
3538 435 3655 502 pIu-
3693 473 3699 479 .

410 526 610 592 ἀγοντα
643 523 700 576 ὲν
721 528 786 595 τῇ
816 525 1128 586 ἀναστάσει,
1157 520 1260 586 τῆς
1302 524 1648 594 συμπαθείας
1700 525 1975 595 μάρτυρα,

409 615 501 665 καὶ
532 615 606 682 μὴ
648 613 972 675 στενάζοντα
1021 614 1159 666 κατά
1208 612 1324 665 σοῦ.
1361 614 1474 667 Οὐκ
1518 612 1833 674 ἀλυσιτελὲς
1869 612 1977 683 γὰρ

407 702 583 756 τοῦτο.
608 702 699 773 Μὴ
722 699 813 757 οὖν
836 703 921 756 διά
945 705 1143 773 χρυσὸν
1163 704 1257 757 καὶ
1287 706 1548 775 ἄργυρον,
1569 704 1664 756 καὶ
1682 702 1977 774 ἀρώματα,

408 793 694 862 γενώμεθα
717 796 1098 867 ἀπάνθρωποι.
1131 791 1205 850 ῶν
1230 799 1257 850 ὁ
1284 799 1381 859 ἰὸς,
1404 798 1498 850 καὶ
1520 797 1548 849 ό
1573 798 1693 865 σὴς,
1723 798 1802 856 είς
1836 814 1978 866 μαρ-

406 887 590 958 τύριον
623 888 751 957 ὑμῖν
779 888 958 942 ἔσται’
1000 890 1290 951 ἀκούοντες
1338 888 1433 942 τοῦ
1466 888 1679 941 Παύλου
1707 886 1977 954 λέγοντος·

415 996 433 1027 ι
475 979 533 1030 ’0
568 978 880 1044 μεταδιδοὺς
909 980 967 1032 ἐν
1000 981 1279 1050 ἁπλότητι,
1304 982 1330 1032 ὁ
1350 979 1515 1031 ἐλεῶν
1549 981 1606 1031 ὲν
1629 978 1928 1047 ἱλαρότητι.
1956 994 1974 1027 ι

412 1071 535 1123 Καί·
596 1090 613 1121 r
674 1072 806 1134 Ταῖς
855 1071 1071 1143 χρείαις
1111 1072 1219 1127 τῶν
1259 1072 1431 1140 ἁγίων
1488 1069 1889 1131 κοινωνοῦντες.
1956 1087 1974 1118 ι

413 1163 519 1215 Καὶ
563 1162 824 1232 ἑτέρωθιο
867 1182 884 1213 ι
923 1163 1361 1216 Μανθανέτωσαν
1394 1162 1449 1215 δὲ
1491 1164 1583 1214 καὶ
1626 1164 1674 1214 oi
1723 1162 1981 1232 ἡμέτεροι

411 1253 560 1304 καλῶ
572 1275 589 1303 ν
613 1254 790 1325 ἔργων
818 1255 1198 1324 προΐστασθαι,
1223 1258 1300 1319 είς
1318 1256 1414 1318 τὰς
1439 1256 1743 1323 ἀναγκαίας
1768 1255 1977 1323 χρείας,

413 1345 500 1397 ἵνα
544 1347 615 1412 μὴ
668 1341 799 1397 ῶσιν
854 1328 1181 1415 ἄκιρποιῗι¹
1233 1349 1371 1418 Φησὶ
1406 1347 1608 1400 δὲικαὶ
1641 1348 1669 1399 ὁ
1696 1348 1982 1415 προφήτης

411 1435 704 1504 Ζαχαρίας.
746 1455 764 1488 ι
794 1434 994 1509 ,Κρῖμα
1031 1437 1524 1509 δίκαιονκρίνατε,
1561 1438 1655 1491 καὶ
1688 1437 1834 1498 ἕλεος
1886 1435 1981 1488 καὶ

411 1526 697 1596 οἱκτιρμδν
734 1531 997 1595 ποιήσατε
1018 1570 1033 1592 ,
1064 1528 1296 1591 ἕκαστος
1326 1529 1462 1597 πρός
1491 1529 1580 1581 τὸν
1625 1528 1852 1595 πλησίον
1880 1527 1981 1582 λαύ-

411 1618 587 1687 τοῦ.-ι
637 1619 693 1671 ’0
737 1620 790 1671 δὲ
820 1620 1111 1688 "Iota-rch,
1143 1638 1159 1669 ι
1206 1621 1299 1681 Ὃς
1340 1619 1404 1672 ἂν
1462 1619 1560 1689 ἔχῃ
1598 1620 1688 1671 τὸν
1732 1619 1844 1688 βίον
1886 1616 2012 1670 τοῦ-

416 1710 643 1773 κόσμου,
698 1712 791 1761 καὶ
856 1709 1038 1780 θεωρῇ
1081 1711 1174 1762 τὸν
1238 1710 1466 1778 ἀδελφὸν
1521 1708 1723 1771 αὑτοῦ,
1792 1708 1981 1779 χρείαν

2080 526 2280 593 rimum
2307 522 2607 578 ascribitur
2632 535 2646 585 ;
2680 523 3147 590 quemadmodum
3190 520 3325 576 illud
3351 524 3652 591 ascriptum

2078 628 2163 673 est
2195 637 2207 671 :
2242 638 2259 669 ι
2285 619 2516 687 Propter
2552 614 2870 670 mandatum
2905 630 3165 671 succurre
3201 615 3447 684 pauperi,
3484 615 3652 683 perde

2080 718 2368 780 argentum
2418 717 2644 778 propter
2685 706 2914 760 fratrem
2944 706 2986 737 ³⁸
3030 724 3046 754 ι
3092 703 3294 758 Iterum
3349 720 3362 756 :
3404 721 3422 754 ι
3478 703 3649 768 Quam

2079 800 2338 869 speciosa
2358 797 2737 855 misericordia
2770 796 2822 849 in
2862 806 3106 864 tempore
3144 792 3517 847 tribulationis
3547 793 3643 846 ".i

2078 893 2427 950 Confortabis
2483 891 2582 947 tibi
2644 903 3037 957 concorporem
3083 897 3249 955 atque
3295 891 3649 940 consortem:

2080 986 2172 1041 sed
2209 986 2434 1041 ethunc
2463 984 2753 1037 habiturus
2775 997 2835 1035 es
2868 981 2919 1033 in
2949 979 3038 1032 die
3069 976 3493 1032 resurrectionis
3551 991 3649 1044 pa-

2081 1077 2284 1130 rarinm
2320 1085 2377 1128 et
2412 1073 2846 1128 conciliatorem.
2882 1070 3072 1137 Vicem
3119 1067 3265 1121 enim
3299 1081 3451 1120 suam
3482 1075 3651 1119 testa-

2083 1166 2231 1219 luitur
2266 1165 2566 1218 clementer
2599 1159 2900 1215 indoluisse
2933 1167 3005 1220 te,
3040 1172 3140 1210 nec
3168 1155 3505 1209 commisisse
3531 1195 3546 1217 ,
3592 1162 3647 1208 ut

2080 1248 2371 1305 adversum
2429 1258 2482 1303 te
2539 1248 2923 1317 ingemisceret
2971 1263 2983 1298 :
3035 1260 3165 1298 sane
3217 1260 3325 1296 non
3373 1244 3649 1297 mediocre

2079 1342 2512 1396 emolumentum
2550 1340 2743 1392 atl‘eret
2779 1337 2875 1390 tibi
2933 1337 3056 1390 hoc.
3091 1334 3169 1389 Ne
3204 1335 3368 1404 igitur
3403 1341 3509 1388 tam
3540 1334 3648 1387 illi-

2080 1431 2294 1486 berales
2320 1431 2494 1485 simus
2520 1438 2575 1484 et
2600 1430 2883 1483 inhumani
2914 1428 2985 1482 ob
3013 1443 3205 1481 aurum
3244 1435 3298 1482 et
3324 1428 3650 1492 qualiacun-

2080 1541 2186 1595 que
2218 1525 2522 1585 esculenta,
2559 1539 2794 1592 quorum
2821 1522 3017 1591 rubigo
3038 1532 3093 1576 et
3131 1523 3278 1575 tinea
3317 1521 3371 1574 in
3404 1520 3651 1575 testimo-

2082 1618 2231 1671 nium
2259 1617 2550 1677 advcrsum
2580 1630 2680 1669 nos
2711 1613 2892 1667 futura
2924 1612 3129 1682 alioqui
3169 1613 3300 1665 sint.
3330 1610 3473 1677 Quin
3509 1611 3647 1664 Pau-

2080 1708 2204 1762 lina:
2237 1707 2409 1775 magis
2442 1705 2727 1760 sententize
2760 1719 3016 1772 geramus
3061 1718 3270 1756 morem
3304 1720 3318 1756 :
3362 1721 3379 1752 ι
3416 1700 3517 1767 Qui
3551 1701 3648 1754 tri-

414 1798 622 1868 ἔχοντα,
676 1801 769 1851 καὶ
821 1800 1010 1871 κλείσῃ
1056 1800 1124 1852 τὰ
1187 1801 1470 1869 σπλάγχνα
1530 1800 1717 1865 αὐτοῦ,
1778 1800 1895 1863 πῶς
1946 1801 1978 1868 ἡ

2084 1798 2201 1851 buit
2259 1797 2314 1850 in
2355 1795 2729 1865 simplicitate,
2785 1795 2879 1862 qui
2942 1794 3237 1847 miseretur
3294 1793 3348 1847 in
3400 1790 3647 1845 hilarita-

413 1891 598 1959 ἀγάπη
620 1890 714 1941 τοῦ
738 1891 874 1943 Θεοῦ
909 1892 1061 1960 μένει
1093 1893 1150 1943 ἐν
1176 1892 1323 1962 αὐτῷ
1351 1911 1366 1958 ;
1401 1911 1418 1942 ι
1458 1892 1679 1953 Τούτοις
1711 1891 1978 1945 ἀκόλουθα

410 1984 438 2033 ό
464 1983 558 2049 τῆς
583 1984 857 2052 σωτηρίας
877 1984 1032 2052 ἡμῶν
1054 1984 1359 2054 προνοητὴς
1389 1983 1590 2055 Κύριος
1616 1982 1980 2054 παρακελεύε-

410 2086 519 2127 ται,
547 2068 754 2137 λέγων’
788 2091 806 2122 ι
848 2073 1013 2124 Παντὶ
1050 2074 1127 2142 τῷ
1169 2074 1406 2127 αἰτοῦντί
1458 2091 1540 2134 σε,
1566 2073 1726 2137 δίδου,
1759 2072 1850 2126 καὶ
1888 2072 1979 2124 τὸν

413 2158 632 2214 θέλοντα
666 2161 1019 2216 δανείσασθαι
1072 2164 1181 2217 ἀπὸ
1231 2164 1346 2226 σοῦ,
1394 2164 1467 2235 μὴ
1512 2165 1893 2236 ἀποστραφῇς.
1952 2181 1972 2216 ι

413 2248 569 2317 Αὐτῷ
602 2252 633 2319 ἡ
667 2251 793 2315 δόξα
817 2254 898 2316 είς
925 2254 1054 2317 τοὺς
1092 2255 1319 2315 αἰῶνας.
1360 2255 1554 2324 Ἀ’μήν.

2088 1898 2138 1944 te
2165 1889 2227 1942 ³⁷.
2271 1906 2290 1940 ι
2328 1888 2397 1942 Ει
2435 1906 2447 1940 :
2492 1907 2509 1936 ε
2550 1885 2990 1941 Necessitatibus
3007 1895 3322 1938 sanctorum
3349 1883 3649 1938 communi-

2083 1992 2270 2035 cantes
2302 1981 2365 2035 ".
2421 1999 2438 2028 ι
2472 1977 2612 2032 Alibi
2643 1979 2771 2030 item
2817 1994 2830 2030 :
2871 1996 2887 2027 ι
2924 1976 3147 2030 Discant
3181 1982 3361 2033 autem
3394 1987 3450 2028 et
3474 1975 3645 2029 nostri

2079 2071 2242 2126 bonis
2283 2071 2546 2139 operibus
2594 2083 2829 2137 praeesse
2865 2068 2929 2120 ad
2987 2083 3120 2121 usus
3174 2066 3537 2130 necessarios,
3588 2073 3647 2119 ut

2078 2177 2188 2217 non
2216 2163 2324 2216 sint
2350 2159 2673 2215 infructuosi
2697 2160 2759 2214 ³³.
2793 2178 2811 2208 ι
2844 2157 3136 2215 Zacharias
3164 2158 3389 2227 insuper
3413 2157 3651 2227 prephe-

2082 2261 2131 2310 ta
2159 2271 2171 2304 :
2215 2271 2233 2301 ι
2262 2252 2477 2307 Iustum
2500 2251 2743 2320 iudicate
2773 2250 2835 2303 ιο.
2864 2270 2882 2301 ι
2919 2249 2988 2304 Ει
3021 2266 3033 2303 :
3072 2270 3090 2300 ι
3131 2249 3564 2303 Misericordiam
3595 2256 3648 2302 et

416 2339 822 2396 miserationem
887 2342 1052 2397 facite
1107 2343 1487 2413 unusquisque
1541 2360 1666 2398 cum
1734 2344 1982 2414 proximo
2020 2359 2121 2398 suo
2144 2344 2209 2396 θ’.
2251 2363 2269 2394 ι
2315 2341 2383 2397 Et
2420 2340 2701 2396 Joannes:
2738 2360 2754 2389 ε
2790 2338 2892 2406 Qui
2965 2338 3221 2393 habuerit
3288 2339 3647 2395 substantiam

416 2437 602 2491 mundi
630 2437 815 2509 hujus,
846 2446 904 2492 et
931 2437 1132 2493 viderit
1190 2439 1411 2493 fratrem
1436 2454 1596 2496 suum
1661 2439 2045 2495 necessitatem
2092 2437 2320 2500 habere,
2351 2446 2405 2491 et
2432 2435 2691 2492 clauserit
2731 2434 2942 2489 viscera
2982 2447 3080 2488 sua
3117 2450 3132 2487 :
3170 2434 3445 2502 quomodo
3470 2434 3651 2491 chari-

424 2536 506 2581 tas
531 2525 627 2580 Dei
663 2533 845 2580 manet
872 2526 926 2580 io
956 2543 1023 2581 eo
1045 2528 1128 2580 "?
1157 2547 1176 2579 ι
1206 2528 1679 2583 His‘consentiunt
1702 2536 1758 2581 et
1793 2527 2177 2597 astipulantur,
2225 2541 2346 2596 quae
2390 2535 2592 2580 nostrae
2659 2524 2906 2578 omnium
2975 2524 3225 2594 provisor
3294 2524 3484 2583 salutis
3546 2526 3652 2579 Do-

422 2616 605 2673 minus
648 2624 707 2670 ut
740 2615 1003 2671 faciamus
1052 2617 1358 2673 admonet:
1400 2636 1419 2669 ι
1455 2617 1615 2673 Omni
1664 2617 1873 2688 petenti
1924 2625 1977 2673 te
2013 2618 2193 2672 tribue
2231 2635 2246 2671 :
2300 2626 2357 2673 et
2402 2618 2676 2673 volentem
2726 2625 2916 2686 petere
2971 2625 3221 2670 mutuum
3285 2617 3391 2673 abs
3424 2626 3511 2682 te,
3582 2630 3650 2671 ne

413 2712 681 2768 averseris
711 2710 777 2768 ".
823 2730 841 2763 ι
879 2712 987 2781 Ipsi
1014 2712 1186 2780 gloria
1221 2713 1277 2767 in
1303 2714 1522 2768 saecula.
1558 2713 1751 2769 Amen.

1007 2844 1227 2899 ΛΟΓΟΣ
1276 2845 1379 2900 IB'.

1008 2973 1381 3047 Περϊτόκων.

485 3114 547 3165 Οί
572 3112 665 3164 τοῦ
703 3111 909 3181 κόσμου
928 3112 1118 3165 τούτου
1148 3112 1449 3181 ἄνθρωποι,
1482 3115 1581 3164 οὐκ
1608 3109 1674 3164 ἃν
1702 3111 1799 3173 τοῦ
1822 3112 1975 3167 δικά·

419 3202 607 3267 ζεσθαι
651 3202 986 3263 παύσωνται,
1019 3204 1066 3256 εί
1117 3201 1190 3273 μὴ
1220 3204 1359 3271 μετά
1391 3202 1704 3271 προσθήκης
1728 3242 1743 3262 ,
1775 3203 1842 3256 τὰ
1870 3202 1979 3257 τῶν

416 3292 702 3360 ὲναγὼγων
723 3292 1068 3351 ἀπολάϐωσιν
1090 3293 1413 3361 πράγματα,
1444 3293 1571 3346 ὅταν
1609 3291 1842 3361 μάλιστα
1874 3292 1980 3361 πρὸ

416 3385 508 3438 τοῦ
538 3385 728 3454 χρέους
755 3385 881 3446 τοὺς
912 3383 1106 3446 τόκους
1129 3384 1495 3452 κομίζωνται.
1541 3379 1683 3436 ὥστε
1723 3382 1979 3452 γενέσθαι

417 3474 592 3533 αὐτῶν
628 3476 689 3527 τὸ
731 3474 938 3527 δίκαιον
985 3473 1159 3543 ἀρχὴν
1188 3474 1401 3536 ἀδικίας
1454 3475 1715 3544 μεγάλης.
1754 3477 1865 3530 Καὶ
1891 3475 1980 3528 διὰ

415 3565 572 3617 τοῦτο
607 3567 657 3621 οἱ
698 3565 1021 3628 τοκίζοντες,
1056 3568 1269 3631 ἐναγεῖς
1298 3568 1393 3619 καὶ
1436 3567 1742 3635 ἀμείλικτοι
1782 3567 1980 3633 ὀνομά-

419 3654 599 3717 ζονται
656 3653 939 3707 Βδελυκτοὶ
967 3655 1075 3724 γάρ
1106 3658 1243 3707 εἰσιν
1269 3656 1447 3709 ἔναντι
1490 3646 1630 3709 ’Θεοῦ
1658 3658 1749 3709 καὶ
1772 3656 1982 3725 ἀνθρώ-

419 3761 557 3799 πων.
599 3744 708 3797 Καὶ
745 3743 808 3797 τὸ
864 3742 1082 3796 σύνολον
1132 3746 1480 3813 Χριστιανοϊς
1528 3745 1904 3815 ἀπηγόρευται
1945 3747 1979 3817 ἡ

423 3835 634 3891 ἐπίνοια
678 3834 770 3887 τοῦ
815 3836 996 3891 τόκου.
1026 3836 1225 3895 Καθὼς
1263 3854 1426 3906 φησιν
1468 3840 1497 3890 ό
1531 3840 1824 3908 Προφήτης
1851 3838 1981 3907 περὶ

420 3925 605 3977 ἀδίκου
636 3923 863 3987 πόλεως·
901 3942 920 3977 ι
956 3924 1068 3978 Οὐκ
1091 3923 1342 3988 ἐξέλιπεν
1369 3929 1432 3979 ἐκ
1457 3928 1565 3980 τῶν
1589 3929 1860 3983 πλατειῶν
1889 3930 1982 3982 atl-

420 4017 516 4081 τῆς
563 4014 719 4075 τόκος
753 4013 847 4067 καὶ
893 4013 1073 4085 δόλος.
1108 4033 1127 4066 ι
1165 4015 1299 4085 Περὶ
1335 4016 1391 4069 δὲ
1438 4016 1533 4070 τοῦ
1563 4018 1773 4069 δικαίου
1797 4055 1813 4085 ,
1850 4036 1868 4069 ι
1909 4019 1983 4072 Τὸ

420 4100 680 4171 ἀργύριον
713 4101 877 4156 αὑτοῦ
915 4102 1017 4159 οὐκ
1049 4102 1246 4157 ἔδωκεν
1273 4106 1366 4157 ἐπὶ
1403 4106 1567 4176 τόκῳ.
1603 4125 1620 4158 ι
1654 4108 1763 4159 Καὶ
1794 4107 1980 4162 πάλιν·

429 4208 447 4241 ι
503 4191 597 4243 Ἐκ
627 4191 787 4249 τόκου
831 4192 926 4243 καὶ
957 4193 1015 4257 ἐξ
1047 4192 1261 4256 ἀδικίας
1300 4192 1638 4265 λυτρώσεται
1668 4195 1767 4258 τὰς
1802 4196 1983 4266 ψυχὰς

421 4285 619 4339 αὐτῶν.
661 4303 681 4345 ρ
732 4285 789 4338 Ὁ
825 4285 882 4337 δὲ
912 4286 1317 4356 Παροιμιαστής
1344 4303 1358 4317 ο
1397 4306 1416 4338 ι
1465 4288 1524 4341 '0
1561 4288 1848 4358 πληθύνων
1891 4289 1982 4343 τόν

421 4375 574 4427 τόκον
594 4375 756 4430 αὐτοῦ
778 4375 913 4444 μετὰ
938 4376 1111 4431 τόκων
1126 4379 1220 4429 καὶ
1242 4376 1622 4447 πλεονασμῶν,
1640 4379 1719 4448 τῷ
1745 4379 1981 4435 ἐλεοῦντι

2086 4400 2195 4439 non
2231 4384 2384 4439 dedit
2412 4384 2480 4439 ad
2515 4399 2736 4438 usuram
2767 4385 2812 4415 "
2861 4404 2877 4435 ι
2919 4383 3052 4438 Item

420 4465 634 4534 πτωχὸν
695 4467 917 4530 συνάγει
958 4466 1144 4521 αὐτόν.
1186 4485 1205 4519 ι
1243 4468 1354 4521 Καὶ
1397 4468 1554 4532 ἄλλος
1578 4511 1594 4536 ,
1634 4489 1653 4523 r
1690 4471 1864 4524 Τόκον
1894 4474 1988 4526 ἐπὶ

418 4558 577 4609 τόκου
601 4596 619 4622 ,
647 4556 742 4609 καὶ
765 4556 916 4610 δόλον
948 4558 1041 4612 ἐπὶ
1070 4558 1245 4613 δόλου.
1291 4577 1310 4612 ι
1340 4555 1473 4615 Οἶδα
1517 4561 1628 4629 ἐγώ
1671 4580 1824 4625 τινας
1849 4605 1864 4629 ,
1902 4565 1985 4618 ὅτι

419 4643 507 4697 διὰ
534 4644 594 4699 τὸ
624 4645 813 4714 κέρδος
843 4643 939 4698 τοῦ
980 4646 1143 4698 τόκου
1175 4648 1271 4700 σὺν
1301 4651 1365 4719 τῇ
1401 4648 1547 4720 ψυχῇ
1586 4651 1680 4707 καὶ
1721 4653 1783 4705 τὸ
1817 4652 1986 4720 κεφά-

420 4734 566 4788 λαιον
591 4733 994 4805 ἐζημιώθησαν.
1020 4735 1211 4801 Ἀξίως
1229 4738 1337 4807 γὰρ
1368 4741 1396 4790 ό
1417 4740 1580 4808 νόμος
1611 4742 1988 4813 παρακελεύε-

420 4840 531 4882 ται,
590 4824 766 4890 λέγων
799 4842 813 4854 θ
849 4843 867 4874 ι
905 4824 994 4895 Τῷ
1023 4824 1236 4896 ἀδελφῷ
1278 4844 1370 4884 σου
1402 4830 1500 4882 οὑκ
1523 4832 1788 4894 ὲκτοκιεῖς
1818 4833 1984 4903 ἀργυ-

426 4914 613 4984 ρίου,ἦ
646 4914 968 4985 βρωμάτων,
1001 4916 1032 4985 ἢ
1066 4916 1262 4987 παντὸς
1296 4918 1643 4988 πράγματος.
1685 4941 1704 4972 ι
1734 4924 1844 4977 Καὶ
1879 4924 1982 4977 πά-

422 5005 523 5057 λινο
558 5023 577 5056 ι
616 5006 689 5058 Τὸ
710 5006 976 5078 ἀργύριόν
1007 5024 1100 5059 σου
1130 5009 1189 5061 οὐ
1224 5008 1417 5074 δώσεις
1456 5014 1553 5066 ἐπὶ
1582 5015 1746 5085 τόκῳ.
1795 5035 1815 5068 ι
1850 5015 1975 5068 Καί’

332 5109 343 5117 -
429 5095 811 5165 ‹.Πλεονασμῷ
854 5097 914 5149 ού
952 5096 1145 5160 δώσεις
1173 5098 1243 5151 τὰ
1284 5100 1551 5170 βρῶματά
1592 5122 1706 5160 σου.
1761 5125 1779 5157 ι
1821 5108 1878 5160 Ὀ
1923 5106 1980 5159 δὲ

436 5183 858 5254 Ἐκκλησιαστὴς
889 5185 1015 5252 περὶ
1042 5185 1150 5239 τῶν
1195 5187 1568 5244 πλουτούντων
1601 5192 1664 5243 ὲκ
1701 5192 1874 5245 τόκων
1897 5233 1912 5255 ,
1947 5193 1979 5260 ἢ

424 5272 482 5336 ἐξ
507 5274 729 5327 ἀδικιῶν
754 5311 771 5336 ,
812 5273 981 5337 οὕτως
1022 5276 1327 5349 διαγορεύει
1355 5300 1367 5312 ·
1408 5300 1426 5330 ι
1466 5282 1652 5335 Ἔστιν
1703 5283 1985 5353 ἀρῤωστία

424 5365 681 5438 δεινὴμῆν
698 5364 840 5431 εἶδον
871 5369 976 5423 ὑπὸ
998 5371 1087 5424 τὸν
1117 5372 1287 5439 ἣλιον,
1314 5370 1539 5425 πλοῦτον
1579 5373 1986 5441 φυλασσόμενον

519 5521 565 5554 ³⁸
595 5521 762 5577 Eccli.
791 5541 935 5589 nix,
970 5526 1052 5579 19..
1153 5527 1196 5558 ³⁸
1224 5529 1393 5582 Eccli.
1418 5545 1576 5588 xxxv.
1608 5529 1698 5582 26.

434 5593 596 5664 ΨΑ).
675 5593 713 5624 ⁵⁸
744 5593 881 5647 ibid.
966 5596 1008 5627 δ’
1043 5597 1056 5649 I
1090 5596 1248 5650 .Inan.
1288 5600 1477 5655 "1.17.
1555 5603 1597 5628 ³³
1638 5599 1769 5653 [.ur.
1801 5617 1873 5664 τι,
1912 5600 1999 5653 50.

431 5660 475 5693 ⁸⁷
510 5660 661 5716 Prov.
696 5679 872 5728 xxvut,
901 5669 951 5719 8.
1032 5666 1074 5697 ⁵⁸
1106 5666 1237 5719 ibid.
1318 5669 1359 5699 ’⁸³
1392 5669 1546 5721 Deut.
1577 5686 1721 5731 nul,
1759 5672 1838 5724 It).

1811 5530 1850 5561 ³⁷
1879 5530 2037 5584 Rom.
2103 5549 2169 5586 xu
2200 5573 2212 5588 .
2248 5532 2296 5585 8.

2638 2841 2940 2898 IIOMILIA.
2971 2843 3088 2899 XII.

2578 2977 2791 3051 1045
2840 2978 2914 3032 De
2964 2979 3157 3032 usuris.

2154 3116 2336 3172 Mundi
2378 3116 2542 3184 hujus
2581 3116 2834 3173 homines
2880 3125 3008 3171 ante
3046 3117 3338 3172 tribunalia
3370 3133 3648 3186 nunquam

2082 3208 2474 3277 conquiescent
2506 3216 2921 3262 controvertere
2951 3215 3007 3261 et
3039 3207 3166 3261 lites
3200 3208 3488 3262 intendere
3521 3221 3649 3276 pro-

2080 3298 2263 3367 ximis,
2294 3312 2538 3364 eousque
2572 3297 2703 3351 dum
2737 3296 3061 3350 vaccessorio
3092 3295 3448 3365 perfruantur
3501 3297 3647 3365 quod

2082 3396 2279 3457 praeter
2325 3397 2529 3442 sortem
2562 3386 2866 3456 contingit,
2897 3386 3025 3439 dum
3066 3384 3296 3439 maxime
3327 3395 3524 3453 printer
3551 3385 3649 3438 dc-

2080 3477 2256 3537 bitum
2286 3492 2480 3533 usuras
2506 3476 2806 3530 corraduut
2849 3485 2903 3529 ct
2930 3474 3216 3543 colligunt,
3246 3474 3381 3528 adeo
3414 3484 3473 3528 ut
3501 3475 3648 3544 quod

2072 3566 2222 3637 juste
2253 3568 2319 3620 ad
2352 3568 2475 3621 illos
2512 3567 2747 3634 pertinet
2774 3605 2787 3628 ,
2818 3564 3148 3633 principium
3181 3563 3275 3617 fiat
3300 3580 3506 3634 magna:
3543 3565 3650 3618 ini-

2083 3658 2328 3724 quitatis.
2368 3657 2711 3726 Quapropter
2741 3655 2833 3724 qui
2868 3670 3062 3709 usuras
3093 3664 3373 3718 exercent,
3407 3671 3514 3709 non
3551 3656 3649 3708 abs

2082 3762 2140 3801 re
2167 3762 2265 3802 ceu
2300 3746 2669 3801 cxsecrabiles
2689 3754 2744 3800 et
2779 3743 2996 3815 strigosi
3027 3742 3351 3798 nominatim
3381 3746 3651 3815 perstrin-

2083 3847 2304 3909 guntur.
2352 3840 2493 3893 Sunt
2536 3838 2693 3907 plane
2735 3852 2918 3891 coram
2959 3837 3188 3892 Domino
3232 3849 3287 3892 et
3334 3836 3652 3891 hominibus

2082 3928 2477 3993 abominationi
2515 3945 2529 3982 :
2564 3942 2687 3981 cum
2713 3927 2766 3980 in
2795 3942 2997 3997 genere
3040 3928 3173 3983 nulli
3202 3944 3309 3981 non
3336 3927 3652 3982 Christiano

2083 4019 2438 4073 interdictum
2471 4018 2543 4073 sit
2570 4017 2806 4072 artiﬁcio
2852 4019 3049 4087 quovis
3077 4018 3400 4074 exercendae
3429 4034 3607 4072 usura'
3633 4037 3648 4081 ;

2083 4111 2226 4166 sicut
2244 4119 2301 4165 et
2321 4111 2389 4165 de
2416 4110 2603 4179 iniqua
2638 4111 2727 4164 illa
2761 4110 2984 4185 civitate
3017 4109 3094 4163 ait
3120 4110 3432 4180 PrOpheta:
3472 4128 3489 4160 ι
3531 4110 3647 4183 Non

2085 4202 2288 4257 defecit
2311 4200 2379 4256 de
2404 4200 2599 4271 plateis
2620 4201 2739 4271 ejus
2769 4216 2935 4255 usura
2959 4208 3017 4255 et
3056 4200 3217 4255 dolus
3248 4200 3314 4255 ⁸⁵.
3351 4221 3368 4251 ι
3401 4200 3537 4255 Cum
3572 4201 3652 4253 in-

2085 4294 2246 4351 terim
2264 4294 2413 4364 justo
2446 4292 2551 4347 hoc
2570 4292 2807 4362 elogium
2836 4291 3067 4345 reddat:
3104 4310 3121 4341 ι
3160 4290 3463 4361 Argentum
3490 4307 3649 4345 suum

3092 4402 3106 4437 :
3153 4404 3173 4434 ι
3208 4385 3287 4439 Ex
3324 4398 3485 4438 usura
3508 4391 3650 4436 etex

2085 4476 2374 4545 iniquitate
2403 4475 2641 4530 redimet
2665 4476 2876 4530 animas
2897 4490 3090 4530 eorum
3118 4476 3183 4529 ⁸⁸.
3219 4494 3237 4527 ι
3267 4474 3652 4530 Parmmiastes

2086 4583 2339 4636 quoque:
2374 4586 2392 4617 ι
2432 4566 2535 4633 Qui
2564 4550 2892 4632 multiplicat
2914 4566 3136 4622 divitias
3167 4582 3295 4622 suas
3312 4582 3435 4622 cum
3470 4567 3653 4620 usuris

2085 4662 2141 4706 et
2170 4652 2539 4715 abundantiis,
2575 4652 2764 4721 utique
2788 4652 2838 4706 ei
2866 4662 3161 4723 congregat
3185 4654 3276 4724 qui
3304 4652 3652 4709 miserebitur

2087 4742 2346 4812 pauperis
2389 4742 2455 4795 δ’.
2495 4761 2513 4792 ι
2555 4742 2687 4799 Item
2723 4759 2737 4795 :
2767 4760 2785 4791 ι
2832 4736 3065 4797 Usuram
3099 4759 3265 4813 super
3298 4758 3517 4798 usuram
3546 4784 3560 4806 ,
3600 4751 3652 4797 et

2088 4830 2275 4885 dolum
2306 4845 2474 4898 super
2516 4829 2701 4883 dolum
2743 4828 2807 4884 “.
2851 4849 2869 4882 ι
2900 4829 3034 4884 Novi
3061 4847 3162 4902 ego
3190 4832 3400 4902 aliquot
3432 4831 3527 4901 qui
3557 4846 3654 4901 per

2088 4919 2437 4973 immodicam
2468 4919 2782 4990 aviditatem
2814 4920 2979 4984 lucri,
3018 4931 3218 4990 praner
3257 4918 3454 4977 anima:
3481 4921 3655 4976 detri-

2086 5021 2355 5076 mentum,
2412 5021 2616 5066 sortem
2672 5013 2899 5067 clocata:
2944 5014 3192 5083 pecunia:
3230 5013 3591 5084 perdiderunt
3637 5032 3650 5067 :

2084 5103 2247 5173 digne
2304 5103 2571 5173 quidem,
2632 5119 2755 5159 cum
2809 5105 2896 5158 lex
2960 5105 3316 5173 praescribat,
3386 5104 3575 5157 dicens
3639 5121 3653 5155 :

2092 5216 2108 5245 ι
2152 5195 2327 5248 Fratri
2398 5204 2495 5249 tuo
2566 5211 2676 5249 non
2750 5195 2907 5250 dabis
2957 5196 3022 5250 ad
3072 5210 3293 5250 usuram
3341 5202 3654 5265 argentum,

2087 5302 2194 5338 non
2247 5284 2420 5349 cibos,
2469 5296 2565 5340 aut
2612 5302 2725 5340 rem
2777 5301 3166 5356 quamcunque
3192 5285 3258 5338 δ’.
3320 5303 3339 5334 ι
3388 5283 3598 5337 Rursns
3639 5324 3653 5336 .

2097 5394 2115 5425 ι
2161 5374 2462 5446 Argentum
2498 5386 2651 5437 tuum
2684 5393 2791 5432 non
2824 5377 2982 5431 dabis
3012 5376 3082 5430 ad
3123 5389 3345 5430 usuram
3377 5374 3444 5430 ⁵⁸.
3486 5392 3502 5424 ι
3542 5372 3610 5428 Et
3642 5390 3655 5429 :

2403 5535 2446 5565 ³⁸
2478 5534 2610 5588 ibid.
2655 5534 2722 5587 15
2844 5534 2884 5565 ³⁸
2909 5534 3014 5588 Tit.
3045 5549 3122 5596 ut,
3158 5533 3241 5586 Η.
3346 5532 3391 5564 ’⁵⁸
3422 5531 3649 5587 Zacliar.

2086 5602 2127 5632 "‘
2156 5603 2292 5654 I'sal.
2331 5619 2435 5665 liv,
2466 5605 2548 5660 12.
2622 5605 2663 5636 ⁵⁸
2699 5604 2838 5657 I‘sal.
2872 5619 2977 5670 λιν,
3005 5605 3057 5658 5.
3148 5605 3191 5634 ⁸⁸
3219 5601 3358 5658 Ρεῖιι.
3392 5617 3533 5668 LXXI,
3565 5603 3648 5657 Η.

1944 5672 1989 5701 ³ο
2020 5671 2190 5724 Levit.
2228 5687 2348 5735 xxv,
2379 5674 2466 5725 57'.
