4020 6146
445 320 578 381 1407

1698 326 2060 387 ANTIOCHI
2103 327 2443 388 MONACIII

3538 329 3671 391 1468

444 455 462 486 ι
499 437 577 490 Ad
608 436 1164 505 supcrabomlantiam
1197 453 1305 490 non
1348 438 1503 492 dabis
1523 439 1675 494 cibos
1704 448 1829 494 tuos
1863 444 1929 495 “.
1978 460 1994 491 ι

2105 440 2166 493 τὸ
2209 442 2338 510 παρ’
2386 442 2553 494 αὑτοῦ
2597 443 2675 503 εἰς
2727 442 2927 495 κκκὶαν
2965 441 3129 510 αὐτῷ,
3177 442 3270 495 καὶ
3313 441 3595 497 ἀπολεῖται
3640 448 3668 499 ὁ

440 529 797 609 Ecclesiastes
844 531 915 583 de
966 529 1086 582 istis
1136 531 1228 598 qui
1276 546 1375 599 per
1424 530 1766 600 iniquitatem
1818 532 2002 586 usuris

437 630 704 675 extortam
726 620 1161 689 locupletantur,
1187 621 1441 675 edisserit
1466 621 1611 676 hunc
1643 623 1697 675 in
1727 622 1948 676 modum
1983 641 1998 677 :

446 734 462 762 ι
502 713 595 766 Est
632 711 919 765 infirmitas
941 712 1122 780 gravis
1148 728 1310 780 quam
1345 711 1457 765 vidi
1494 712 1598 768 sub
1632 713 1768 774 sole,
1807 728 2001 783 nempe

436 818 559 856 cmn
593 802 719 871 quis
740 802 963 856 divitias
988 802 1230 855 custodit
1263 803 1316 856 in
1356 803 1559 857 malum
1596 803 1904 873 proprium,
1945 814 2002 859 et

433 895 694 963 peribunt
723 893 925 948 divitiae
956 894 1058 947 illa:
1090 894 1143 947 in
1175 896 1533 963 occupatione
1565 896 1726 959 mala,
1757 905 1813 950 et
1850 903 2000 950 certe

432 1002 623 1041 omnes
648 987 769 1040 dies
797 986 943 1040 illius
973 986 1028 1039 in
1060 987 1300 1040 tenebris
1323 996 1378 1040 ct
1403 982 1555 1040 luctu
1582 994 1637 1040 et
1660 986 1716 1039 in
1746 987 1999 1056 indigna-

435 1079 581 1131 tione
608 1079 777 1132 multa
799 1086 852 1131 et
876 1078 1208 1132 inﬁrmitate.
1239 1078 1303 1131 Et
1322 1078 1476 1132 labor
1499 1079 1659 1133 istius
1698 1078 1753 1132 in
1776 1088 1999 1133 ventum

434 1168 642 1245 ibit";
683 1189 702 1220 ι
733 1169 1019 1224 Consentit
1044 1170 1128 1223 bis
1169 1170 1299 1223 illud
1327 1171 1479 1225 Pauli
1506 1170 1573 1224 ad
1601 1171 1952 1226 Timotheum
1982 1191 1995 1225 :

439 1274 454 1305 ι
491 1256 764 1310 Divitibus
795 1256 958 1325 hujus
1002 1257 1182 1311 saaculi
1227 1259 1459 1327 praecipe
1502 1274 1610 1312 non
1641 1260 1877 1314 sublime
1908 1276 1997 1315 sa-

431 1360 562 1413 pere
612 1361 713 1398 nec
763 1360 986 1414 sperare
1038 1346 1094 1398 in
1138 1346 1351 1400 incerto
1404 1347 1744 1410 divitiarum,
1786 1350 1881 1403 sed
1941 1350 1996 1404 in

434 1435 562 1495 Deo.
594 1435 686 1503 qui
706 1430 926 1504 praestat
952 1435 1114 1490 nobis
1139 1437 1322 1491 omnia
1343 1436 1562 1492 abunde
1587 1438 1653 1492 ad
1678 1438 2015 1507 fruendum;

432 1524 571 1578 bene
620 1541 799 1594 agere,
851 1525 1049 1580 divites
1089 1543 1209 1582 esse
1241 1528 1295 1581 in
1332 1530 1592 1597 operibus
1622 1530 1798 1595 bonis,
1838 1530 1997 1589 facile

434 1617 699 1683 tribuere,
748 1617 1180 1680 communicare,
1224 1618 1600 1673 thesaurizare
1652 1620 1755 1675 sibi
1802 1621 1999 1677 funda-

431 1717 675 1762 mentum
722 1707 926 1761 bonum
959 1708 1013 1761 in
1049 1708 1318 1773 futurum,
1355 1721 1413 1764 ut
1441 1712 1859 1780 apprehendant
1896 1731 1995 1770 ve-

2103 532 2335 595 πλοῦτος
2373 534 2580 596 ἐκεῖνος
2624 535 2680 585 ὲν
2739 534 3111 604 περισπασμῷ
3168 533 3412 603 πονηρῷ,
3457 534 3552 587 καί
3603 552 3665 603 γε

2104 624 2274 676 πᾶσαι
2308 625 2363 676 αἱ
2393 625 2596 694 ἡμέραι
2623 624 2788 677 αὐτοῦ
2811 627 2868 677 ὲν
2894 625 3096 687 σκότει,
3134 627 3226 678 καὶ
3258 627 3315 678 έν
3343 625 3549 690 πένθει,
3575 629 3667 681 καὶ

2100 715 2160 766 ἓν
2194 713 2350 784 θυμῷ
2390 713 2589 785 πολλῷ,
2623 716 2714 769 καὶ
2739 716 3045 786 ἀρρωστίᾳ,
3084 718 3181 768 καὶ
3209 717 3236 769 ὁ
3261 716 3462 786 μόχθος
3487 717 3666 770 αὐτῶν

2103 807 2182 870 εἰς
2225 807 2443 877 ἄνεμον,
2485 827 2503 858 ι
2549 790 2779 877 Ὁμοίως
2811 809 2905 860 καὶ
2936 809 2964 861 ό
3012 808 3339 871 ’Λπόστολος
3386 810 3669 878 παραινῶν

2102 896 2352 967 Τιμοθέῳ
2399 895 2608 965 ἔλεγεν·
2636 916 2665 949 ,ι
2703 898 2829 960 Τοῖς
2869 898 3146 961 πλουσίοις
3176 901 3234 951 ὲν
3274 899 3350 968 τῷ
3381 900 3476 953 νῦν
3508 900 3669 954 αἰῶνι

2102 987 2468 1057 παράγγελλε,
2502 990 2576 1058 μή
2612 989 3022 1060 ὑψηλοφρονεῖν,
3071 990 3206 1060 μηδὲ
3248 990 3537 1059 ὴλπικέναι
3575 993 3670 1045 ἐπὶ

2104 1078 2335 1132 πλούτου
2388 1081 2698 1152 ἀδηλότητι,
2754 1082 2867 1135 ἀλλ’
2924 1083 3018 1134 ἐπὶ
3069 1082 3190 1153 Θεῷ
3241 1082 3317 1153 τῷ
3372 1086 3666 1155 παρέχοντι

2102 1160 2249 1240 ἡμῖν
2271 1173 2450 1225 πάντα
2492 1171 2785 1246 πλουσίως,
2817 1169 2895 1236 εἰς
2924 1172 3222 1226 ἀπόλαυσιν
3242 1212 3257 1235 ,
3286 1173 3664 1244 ἀγαθοεργεῖν,

2101 1260 2452 1319 πλουτείννὲν
2481 1263 2664 1333 ἔργοις
2701 1264 2906 1325 καλοῖς,
2939 1264 3329 1332 εὐμεταδότους
3363 1260 3523 1329 εἶναι,
3551 1284 3668 1318 κοι-

2100 1354 2380 1417 νωνικοὺς,
2408 1354 2952 1424 ἀποθησαυρίζοντας
2982 1356 3195 1419 ἑαυτοῖς
3218 1356 3468 1425 θεμέλιον
3502 1357 3667 1417 καλὸν

2100 1443 2182 1506 εἰς
2240 1444 2302 1496 τὸ
2366 1444 2594 1514 μέλλον,
2669 1446 2757 1499 ἵνα
2822 1446 3189 1500 ἐπιλάϐωνται
3273 1446 3373 1515 τῆς
3446 1447 3666 1499 αἰωνίου

2101 1534 2267 1603 ζωῆς.
2321 1554 2339 1586 ι
2401 1535 2717 1605 Πειθόμενοι
2750 1530 2862 1599 οὗν,
2895 1536 3138 1602 ἀδελφοὶ,
3164 1541 3230 1607 τῇ
3279 1536 3400 1608 θείᾳ
3450 1537 3664 1606 Γραφῇ,

2100 1626 2428 1695 ἁποστῶμεν
2455 1627 2552 1695 τῆς
2575 1625 2752 1696 δεινῆς
2781 1626 3117 1688 πλεονεξίας.
3153 1627 3250 1680 καί
3278 1627 3377 1696 τῆς
3406 1626 3667 1697 βδελυρᾶς

2100 1718 2341 1781 ἐπινοίας
2370 1718 2575 1787 ταύτης
2600 1718 2710 1770 τῶν
2742 1719 2937 1772 τόκων.
2978 1719 3036 1771 '0
3064 1718 3174 1786 γὰρ
3213 1718 3389 1781 τόκος,
3424 1718 3501 1788 τῷ
3529 1719 3667 1789 δόλῳ

429 1815 543 1852 ram
578 1799 750 1852 vitam
776 1799 876 1852 ⁸¹.›
905 1799 1246 1853 Auctoritate
1280 1800 1450 1869 igitur
1486 1803 1732 1871 persuasi
1754 1802 1992 1873 (fratres)

2102 1808 2456 1878 συνεζεύχθη.
2487 1809 2596 1861 Kal.
2639 1808 2836 1877 μᾶλλον
2877 1807 3211 1877 ζηλὼσωμεν
3245 1807 3338 1860 τὸν
3369 1808 3534 1861 καλὸν
3564 1808 3661 1876 ζῆ-

428 1885 730 1954 Scriptura:
754 1885 972 1950 divintc,
1005 1886 1073 1941 ab
1109 1886 1424 1954 inexplebili
1451 1888 1541 1942 illa
1573 1890 1835 1945 aviditate
1864 1908 1996 1946 con-

428 1979 653 2048 gerendi
705 1978 924 2034 divitias
975 1994 1266 2035 avocemus
1309 1992 1546 2036 mentem
1603 2002 1616 2037 :
1676 1984 1995 2055 longissime

428 2068 851 2123 subutoveamus
879 2084 979 2122 nos
1006 2070 1073 2123 ab
1120 2069 1221 2123 hac
1248 2072 1572 2125 exsecrabili
1601 2065 1830 2142 prorsus
1864 2091 1995 2130 usu-

430 2175 613 2212 rarum
666 2160 1063 2229 excogitatione
1104 2180 1115 2212 :
1152 2161 1337 2229 potius
1390 2163 1670 2217 imitemur
1696 2162 1843 2219 beati
1887 2166 1993 2221 Za-

427 2251 560 2305 clnei
609 2250 758 2319 pium
793 2252 992 2312 zelum,
1037 2265 1162 2304 cum
1200 2250 1391 2304 eodem
1428 2252 1675 2307 dicentes
1722 2270 1735 2306 :
1782 2271 1800 2305 ι
1851 2254 1993 2309 Ecce

426 2341 713 2395 dimidium
746 2340 1013 2395 bonorum
1053 2357 1319 2408 meorum,
1362 2342 1606 2405 Domine,
1633 2343 1705 2397 do
1737 2346 1992 2414 pauperi-

427 2433 551 2496 bus,
579 2441 634 2487 et
667 2433 713 2487 si
740 2433 873 2502 quid
898 2432 1135 2501 aliquem
1159 2432 1502 2497 defraudavi,
1541 2434 1712 2488 reddo
1749 2435 1993 2504 quadru-

2101 1900 2192 1953 λον
2233 1898 2326 1951 τοῦ
2373 1898 2648 1969 μακαρίου
2689 1898 2989 1968 Ζακχαίου,
3030 1897 3281 1965 λέγοντες
3330 1898 3427 1950 σὺν
3470 1898 3619 1967 αὐτῷ
3644 1913 3657 1927 ·

2106 2010 2125 2042 ι
2181 1991 2312 2043 Ἰδοὺ
2355 1990 2416 2042 τὸ
2450 1991 2621 2060 ἥμισυ
2649 1989 2758 2043 τῶν
2794 1989 3152 2060 ὑπαρχόντων
3184 2006 3297 2059 μοι,
3333 1989 3527 2059 Κύριε,
3553 1993 3663 2053 τοίς

2099 2083 2335 2151 πτωχοῖς
2356 2080 2570 2145 δίδωμι.
2608 2082 2715 2135 Καὶ
2746 2080 2799 2133 ετ
2817 2080 2961 2143 τινός
2989 2080 3502 2150 τιέσυκοφάντησα,
3533 2082 3663 2147 ἀπο-

2098 2172 2292 2242 δίδωμι
2348 2171 2720 2241 τετραπλοῢνο
2757 2192 2776 2224 ι
2870 2173 2956 2226 ἵνα
3007 2174 3101 2226 καὶ
3144 2173 3302 2242 ἡμεῖς
3344 2171 3664 2240 ἀκούσωμεν

2095 2264 2247 2332 παρά
2273 2263 2368 2316 τοῦ
2397 2260 2456 2316 εὖ
2482 2264 2679 2325 εἰδότος
2709 2263 2778 2315 τὰ
2805 2264 3023 2333 κρυπτά
3049 2262 3206 2331 ήμῶν
3242 2261 3515 2315 Asc-mltos
3570 2262 3662 2314 καὶ

2095 2350 2367 2420 Σωτῆρος·
2411 2371 2429 2403 ι
2477 2353 2723 2422 Σήμερον
2750 2352 2991 2423 σωτηρία
3014 2351 3090 2422 τῷ
3120 2354 3252 2421 οἴκῳ
3280 2351 3454 2425 τούτῳ
3484 2351 3662 2420 ἐγένε-

2094 2459 2176 2496 το.
2222 2461 2240 2494 ι
2274 2442 2431 2514 Αὐτῷ
2460 2445 2493 2512 ή
2530 2443 2657 2508 δόξα
2683 2443 2764 2504 εἰς
2788 2444 2916 2506 τοὺς
2940 2441 3165 2504 αἰῶνας.
3203 2443 3397 2512 Ἀμήν.

427 2525 578 2593 plum
612 2526 677 2578 ⁸³-
718 2546 736 2576 ι
771 2518 957 2594 Μηυὲ
973 2533 1031 2577 ιιι
1062 2525 1130 2579 τώ
1182 2540 1248 2587 eo
1280 2541 1691 2594 promereamur
1715 2527 1928 2590 audire.
1964 2531 2058 2598 qui
2122 2535 2370 2589 cordium
2430 2546 2741 2590 nostrorum
2803 2542 3034 2589 arcanos
3088 2548 3341 2589 recessus
3364 2533 3657 2603 perspicue

425 2617 579 2669 novit
626 2616 857 2670 Domino
923 2624 1111 2670 nostro
1176 2632 1239 2670 ac
1293 2617 1608 2672 Salvatore:
1639 2636 1657 2665 ι
1698 2617 1871 2673 Hodie
1921 2621 2069 2678 salus
2108 2623 2296 2681 domui
2330 2626 2460 2680 huic
2501 2626 2641 2682 facta
2683 2634 2770 2682 est
2808 2624 2874 2679 “.
2917 2644 2936 2678 ›
2979 2626 3086 2695 ipsi
3124 2625 3297 2695 gloria
3341 2628 3396 2679 in
3439 2624 3654 2679 secula.

425 2715 598 2766 Amen
609 2750 622 2763 .
1015 2746 1019 2750 -

968 2821 1250 2878 HOMILIA
1314 2822 1455 2876 XIII.

429 2935 638 3006 1045
660 2935 729 2988 De
749 2936 1097 3015 immoderata
1121 2937 1390 3017 affectione
1406 2938 1765 3017 conquirendi,
1791 2940 1897 2991 sive
1926 2940 1991 2992 de

1076 3015 1327 3059 avaritia.
1581 3015 1585 3019 ’

497 3119 587 3173 Ait
647 3118 952 3173 Dominus:
999 3137 1017 3168 ι
1051 3117 1222 3171 Nemo
1274 3126 1459 3187 potest
1497 3118 1717 3175 duobus
1754 3119 1995 3176 dominis

426 3211 670 3274 servire;
693 3218 787 3263 aut
816 3210 962 3263 enim
994 3225 1161 3262 unum
1191 3206 1508 3263 Contemnet
1535 3218 1590 3263 et
1616 3209 1848 3264 alterum
1866 3226 1998 3267 'sus-

429 3303 643 3365 tinebit,
679 3310 775 3356 aut
823 3315 992 3354 unum
1023 3301 1204 3353 oderit
1237 3307 1291 3354 et
1347 3301 1583 3355 alterum
1615 3300 1808 3372 diliget
1837 3319 1851 3355 :
1884 3317 1996 3358 non

427 3391 657 3463 potestis
724 3392 836 3445 Deo
911 3380 1116 3445 servire
1177 3398 1233 3444 et
1298 3405 1622 3444 mammonae
1650 3390 1717 3445 ".
1755 3391 1995 3447 Liberali

426 3484 573 3539 enim
610 3499 641 3537 a
673 3491 920 3552 peccato.
952 3481 1094 3535 servi
1131 3480 1257 3535 facti
1295 3482 1428 3536 estis
1459 3481 1685 3552 iustitiae
1711 3482 1776 3548 ³⁸,
1825 3501 1844 3536 ι
1891 3498 1997 3539 nec

424 3576 534 3645 jam
572 3573 802 3643 potestis
827 3573 937 3628 Deo
970 3572 1179 3627 servire
1218 3580 1274 3626 et
1312 3588 1638 3628 mammonae
1672 3590 1685 3627 :
1721 3575 1879 3644 cujus
1914 3573 1998 3628 in-

431 3666 759 3736 terpretatio
806 3666 1121 3744 est_divitite
1149 3709 1162 3731 ,
1196 3665 1339 3720 sicut
1393 3664 1484 3720 ille
1516 3666 1654 3721 dicit
1682 3682 1693 3720 τ
1731 3685 1749 3717 ι
1783 3666 1997 3721 Divitiae

426 3759 472 3813 si
502 3758 742 3821 aﬂlu'ant,
768 3758 936 3813 nolite
954 3773 1050 3812 cor
1075 3772 1351 3828 apponere
1375 3758 1416 3789 ⁸⁷
1449 3776 1461 3811 :
1498 3780 1513 3805 ο
1547 3757 1995 3827 quandoquidem

423 3846 576 3916 juxta
630 3847 768 3917 legis
811 3848 1214 3917 praescriptum,
1253 3864 1378 3918 pars
1411 3863 1516 3901 una
1548 3849 1799 3917 corporis
1845 3848 1997 3917 lepra

427 3937 471 3991 si
522 3939 852 4008 aspergitur,
913 3939 1084 3992 altera
1149 3950 1332 3992 autem
1401 3940 1617 3993 sincera
1671 3948 1776 4001 est,
1816 3948 1992 3992 totum

430 4028 648 4082 interim
674 4036 932 4083 censetur
956 4028 1297 4082 immundum
1324 4027 1388 4082 ⁵⁸.
1419 4029 1585 4083 Plane
1611 4028 1802 4083 aliena:
1826 4027 1994 4081 facul-

431 4121 555 4174 tatis
602 4119 980 4189 appctentior,
1019 4119 1363 4189 quantalibet
1410 4118 1661 4188 pecuniae
1726 4118 1996 4173 exuberet

429 4212 606 4283 Copia,
638 4227 920 4281 nunquam
973 4211 1294 4266 exsatiatur.
1330 4209 1466 4266 Cum
1534 4209 1683 4264 enim
1724 4210 1994 4278 permulta

429 4300 815 4372 indipiscetur,
844 4316 1038 4355 rursus
1100 4301 1206 4355 alia
1257 4308 1408 4355 tanto
1465 4306 1683 4368 expetet
1729 4298 1992 4361 avidius;

2695 2830 2914 2885 ΛΟΓΟΣ
2962 2829 3062 2883 II".

2598 2941 2736 3009 Περί
2789 2940 3167 3006 πλεὸνεξίας.

2163 3114 2333 3185 Φησίν
2361 3117 2389 3169 δ
2429 3116 2654 3185 Κύριοςο
2693 3135 2711 3166 ι
2754 3116 2944 3178 Οὐδεὶς
2986 3115 3209 3169 δύναται
3255 3096 3421 3169 δυσὶν.
3449 3116 3657 3188 κυρίοις

2093 3196 2385 3257 δουλεύειν.
2422 3205 2493 3256 Ἦ
2536 3206 2644 3274 γὰρ
2680 3204 2773 3256 τοῦ
2812 3205 2929 3266 ἐνὸς
2964 3206 3409 3275 καταφρονήσει,
3440 3209 3534 3260 καὶ
3566 3206 3654 3259 τοῦ

2095 3294 2280 3364 ἑτέρου
2309 3292 2589 3359 ἀνθέξεται
2615 3310 2627 3322 '
2654 3294 2685 3364 ἢ
2717 3294 2809 3347 τὸν
2830 3294 2927 3347 ἕνα
2956 3296 3198 3364 μισήσει,
3235 3296 3328 3348 καὶ
3355 3296 3448 3349 τὸν
3474 3297 3659 3369 ἕτερον

2093 3384 2393 3454 ἀγαπήσει.
2420 3385 2495 3438 Οὐ
2522 3385 2748 3439 δύνασθε
2773 3384 2891 3456 Θεῷ
2916 3381 3191 3440 δουλεύειν
3216 3386 3310 3441 καί
3342 3389 3652 3459 Μαμμωνᾷ.

2105 3476 2594 3548 Ἐλευθερωθέντες
2621 3476 2730 3545 γὰρ
2747 3477 2854 3530 ἀπὸ
2877 3477 2980 3547 τῆς
2998 3478 3295 3549 ἁμαρτίας,
3328 3478 3658 3549 ἐδουλώθητε

2093 3569 2161 3638 τῇ
2197 3566 2533 3639 δικαιοσύνῃ.
2569 3586 2587 3619 ι
2622 3551 2817 3620 Καῖού
2847 3567 3076 3622 δύνασθε
3109 3568 3229 3639 Θεῷ
3255 3569 3528 3622 δουλεύειν
3564 3572 3656 3622 καὶ

2093 3656 2411 3726 Μαμμωνᾷ,
2448 3655 2476 3708 ὃ
2503 3654 2894 3727 ἑρμηνεύεται,
2927 3654 3213 3723 πλοῦτος,
3244 3658 3426 3721 καθὼς
3476 3659 3652 3726 λέγει’

2101 3764 2121 3798 ι
2162 3746 2399 3811 Πλοῦτος
2428 3747 2524 3801 ὲάν
2548 3749 2667 3819 ῥέῃ,
2705 3748 2779 3816 μὴ
2810 3747 3164 3818 προστίθεσθε
3198 3749 3445 3817 καρδίαν.
3478 3770 3497 3800 ι
3523 3752 3659 3804 Οὐαὶ

2094 3837 2205 3909 γὰρ
2234 3837 2910 3914 ἀμαρτωλῷέὲπισαίνοντι
2940 3838 3032 3891 ἐπὶ
3054 3838 3148 3891 δύο
3177 3839 3435 3908 τρίδουςῑ
3470 3842 3657 3908 ἐπειδὴ

2095 3930 2191 3983 ἐὰν
2292 3929 2434 3983 κατά
2486 3929 2575 3982 τὸν
2635 3928 2802 3997 νόμον
2854 3927 3021 3999 μέρος
3082 3927 3323 3999 λεπρδν,
3355 3931 3450 3983 καί
3496 3931 3661 4000 μέρος

2096 4019 2336 4088 καθαρὸν
2363 4062 2377 4084 ,
2413 4018 2533 4072 ὅλον
2564 4018 2872 4088 ἀκάθαρτόν
2914 4021 3084 4072 ἐστιν.
3121 4018 3178 4072 '0
3206 4015 3300 4073 οὖν
3331 4010 3660 4087 πλεονέκτης

2094 4109 2256 4178 κόρον
2286 4108 2385 4160 οὐκ
2412 4108 2524 4178 ἔχει
2549 4108 2649 4176 τῆς
2678 4107 3137 4176 φιλοχρηματίας.
3158 4109 3332 4162 Ὅταν
3358 4109 3467 4179 γὰρ
3488 4108 3660 4161 πολλά

2094 4200 2387 4269 κτήσηται,
2416 4198 2579 4251 πάλιν
2609 4199 2783 4252 ἄλλων
2805 4199 3080 4269 ὀρέγεται.
3108 4198 3218 4251 Kal.
3247 4199 3376 4252 ὅταν
3405 4199 3497 4250 καὶ
3517 4197 3657 4251 αὐτὰ

2095 4291 2462 4361 οἰκειώσηται,
2501 4289 2656 4353 αὖθις
2706 4290 2868 4358 ἔτερα
2918 4288 3351 4358 ἰιπιθυμεῖ.’Κι“ι.ἰ⁸
3398 4288 3656 4355 οὐδέποτε

431 4404 667 4462 cumque
696 4392 801 4447 sibi
828 4392 944 4447 haec
982 4391 1311 4452 conciliarit,
1341 4391 1464 4445 aliis
1497 4406 1716 4445 rursum
1749 4406 1991 4459 expanso

2099 4381 2333 4434 παύεται
2366 4379 2465 4447 τῆς
2496 4379 2733 4449 ματαίας
2763 4378 2966 4448 ταύτης
2987 4377 3237 4446 ὀρέξεως.
3258 4378 3369 4431 Kal
3397 4379 3498 4431 οὐκ
3518 4370 3658 4430 οἶδεν

429 4482 894 4554 concupiscentiae
945 4483 1069 4534 sinu
1120 4481 1293 4534 inhiat
1341 4480 1707 4543 cumulandis,
1742 4495 1845 4534 nec
1888 4496 1992 4534 un-

428 4590 591 4643 quam
618 4573 990 4629 vcsanientem
1012 4572 1159 4625 hunc
1191 4573 1345 4625 sedat
1364 4574 1685 4639 appetitum.
1710 4571 1825 4624 Nec
1847 4570 1995 4625 enim

433 4665 478 4715 is
493 4663 665 4725 novit,
691 4663 817 4731 quia
836 4670 1093 4737 quantam
1115 4659 1575 4714 liabettnateriant
1602 4660 1812 4714 vitiosa:
1838 4658 2000 4713 istius

432 4752 740 4807 affectionis
774 4751 1078 4806 secundum
1119 4750 1554 4820 proportionem,
1590 4758 1742 4825 tanto
1788 4750 1999 4805 recedit

434 4861 461 4898 a
488 4845 618 4904 Deo,
658 4843 824 4912 ﬁtque
853 4842 1128 4911 particeps
1159 4843 1466 4910 apostasia.
1497 4841 1697 4910 Utique
1726 4840 1846 4894 talis
1876 4841 2001 4894 nul-

436 4936 547 4989 lum
575 4936 818 5003 Operitur
849 4934 972 4987 vitae
1005 4932 1164 4987 istius
1196 4932 1399 4997 linem;
1436 4947 1614 5000 neque
1660 4931 1917 5001 intelligit
1945 4931 1998 4984 in

437 5026 539 5079 hac
564 5026 672 5080 vita
708 5024 1038 5094 inquilinum
1068 5039 1125 5079 se
1157 5039 1278 5078 esse
1315 5030 1479 5091 atque
1516 5021 1769 5085 incolam,
1802 5031 1858 5076 et
1881 5037 2003 5090 quae

438 5119 668 5187 adeptus
725 5129 810 5171 est
861 5133 970 5171 non
1012 5131 1134 5170 esse
1194 5130 1312 5169 sua.
1342 5113 1507 5168 Plane
1546 5112 1592 5166 is
1628 5111 2005 5166 accensendus

440 5209 587 5263 venit
635 5209 813 5262 ordini
867 5203 1497 5271 stultorum.‘l’articeps
1544 5203 1692 5256 enim
1739 5211 1821 5256 est
1857 5202 2006 5254 illius

439 5300 625 5353 divitis
650 5301 735 5356 cui
761 5307 1014 5369 suspecta
1045 5305 1164 5351 erat
1202 5294 1302 5349 loci
1338 5294 1423 5348 sui
1448 5294 1721 5364 angustia,
1756 5294 1828 5347 De
1861 5294 2006 5361 ejus-

442 5389 586 5442 modi
631 5390 911 5458 elcgauter
951 5386 1235 5455 Scriptura
1267 5381 1515 5450 loquitur
1544 5399 1555 5433 :
1590 5400 1606 5432 ι
1638 5380 2006 5444 Qt‘tctnadmo-

445 5481 573 5534 dum
609 5480 854 5534 interitus
894 5488 951 5533 et
987 5477 1223 5548 perditio
1261 5489 1368 5527 non
1407 5473 1722 5542 implentur,
1758 5473 1830 5523 ita
1859 5470 2002 5523 oculi

2098 4472 2178 4523 ὅτι
2216 4470 2317 4523 ὅσα
2359 4471 2423 4523 ἂν
2457 4468 2578 4522 κατ’
2613 4467 2901 4533 ἀναλογίαν
2923 4468 2989 4538 ήν
3017 4466 3129 4536 ἔχει
3157 4468 3186 4519 ό
3218 4464 3503 4534 ἄνθρωπος
3533 4467 3661 4534 περὶ

2098 4560 2197 4628 τήν
2226 4557 2375 4629 om
2406 4557 2785 4629 προσπαθείας
2804 4596 2818 4619 ,
2841 4559 2942 4625 τῆς
2967 4555 3075 4609 ἀπὸ
3106 4554 3203 4608 τοῦ
3237 4540 3372 4608 Θεοῦ
3415 4554 3657 4607 ἀποστα-

2099 4649 2223 4710 σίας
2286 4648 2521 4718 μετέχει.
2556 4647 2665 4701 Kal
2720 4649 2748 4701 ὀ
2800 4645 3041 4709 τοιοῦτος
3086 4645 3147 4698 οὐ
3183 4644 3458 4715 προσδοκᾷ
3509 4642 3660 4705 τέλος

2106 4738 2244 4808 βίου,
2272 4737 2394 4791 οὐδὲ
2420 4737 2711 4790 ἐπίσταται
2767 4736 2849 4789 ὅτι
2884 4738 3140 4808 παροικεῖ
3162 4737 3220 4788 ἔν
3246 4733 3379 4806 τῷδε
3412 4732 3490 4803 τῷ
3520 4732 3617 4802 βίῳ
3641 4747 3656 4762 ·

2102 4832 2197 4884 καὶ
2223 4831 2366 4900 ἆπερ
2392 4830 2675 4897 κέκτηται,
2711 4829 2793 4882 ὅτι
2822 4828 2922 4881 οὐκ
2951 4824 3116 4880 αὐτοῦ
3158 4829 3320 4881 εἰσιν.
3352 4824 3465 4878 Καὶ
3489 4823 3659 4883 οὕτως

2101 4922 2280 4975 τοίνυν
2305 4923 2362 4973 ὲν
2392 4923 2506 4982 τοῖς
2536 4920 2736 4988 ἄφροσι
2758 4919 3038 4973 τέτακται.
3069 4901 3340 4978 Κοινωνὺς
3374 4916 3483 4984 γάρ
3516 4916 3660 4964 ἐστιν

2102 5012 2197 5066 τοῦ
2255 5012 2506 5065 πλουσίου
2551 5011 2789 5069 ἐκείνου,
2847 5002 3060 5079 οὗτινος
3085 5008 3397 5077 ηὐπόρησεν
3425 5006 3458 5073 ή
3488 5003 3658 5071 χώρα.

2104 5102 2215 5156 Kal
2250 5099 2428 5163 καλῶς
2474 5101 2622 5168 λέγει
2676 5098 2807 5169 περὶ
2843 5096 2953 5149 τῶν
2989 5094 3251 5149 τοιούτων
3273 5096 3307 5164 ή
3337 5092 3548 5164 Γραφὴ,
3579 5092 3660 5142 ὅτι

2111 5214 2129 5244 ι
2178 5195 2387 5262 Ὥσπερ
2440 5191 2574 5263 ᾅδης
2613 5191 2769 5261 καὶὴ
2817 5189 3064 5242 ἀπώλεια
3108 5187 3209 5239 οὐκ
3256 5183 3657 5255 ἐμπιπλῶν-ται.

2103 5285 2275 5348 οὕτως
2304 5284 2397 5338 καὶ
2426 5286 2472 5338 oi
2498 5281 2774 5352 όφθαλμοί
2820 5280 2928 5333 τῶν
2976 5276 3280 5348 ἀνθρώπων
3316 5275 3594 5344 ἄπληστοι.
3636 5292 3655 5323 ι

2108 5376 2437 5443 Βουλόμενος
2468 5368 2559 5426 οὖν
2593 5375 2620 5424 ὁ
2653 5369 2921 5441 μακάριος
2964 5365 3220 5428 Ἰάκωϐος
3251 5361 3660 5433 θεραπεύσαι-εδ

2106 5466 2343 5520 τοιοῦτον
2366 5467 2579 5534 νόσημα
2619 5465 2716 5534 τῆς
2755 5461 3067 5528 πλεονεξίας
3108 5457 3413 5511 ἐπιστέλλει
3439 5454 3605 5522 λέγων
3631 5470 3642 5480 ⁸

521 5631 557 5659 ⁵²
604 5632 730 5683 Imv.
761 5650 881 5685 ην.
908 5633 996 5685 37.
1069 5636 1132 5663 ’⁵⁸⁸
1163 5632 1337 5684 ΗΜΘ.
1360 5624 1604 5685 κ’,Ιὲ-ἰὸ.
1660 5627 1702 5656 ⁸³
1741 5624 1915 5677 ΙΤίιιι.
1957 5639 1997 5673 \‘l

2099 5621 2239 5674 7—19.
2324 5594 2736 5681 “Lucinas.
2813 5618 2859 5648 οι
2900 5615 3109 5671 ibid.9.
3166 5616 3208 5645 εδ
3244 5606 3643 5677 λίτιιιίι.ιί,ἓὶι

456 5697 500 5729 ⁸⁸
522 5697 675 5752 Rom.
710 5718 793 5766 vt,
827 5703 904 5753 l8.
983 5705 1022 5733 δ’
1056 5703 1192 5754 llr-nl.
1235 5702 1366 5762 l.\t,I
1389 5702 1432 5752 l.

1510 5699 1552 5727 5“
1588 5697 1759 5749 Levit.
1835 5711 1947 5757 \‘Il,
1983 5694 2061 5745 l3.
