4020 6146
440 362 575 424 lilii)

1376 367 1706 428 HOMILIA
1749 348 1989 428 xw.‘-—
2018 368 2113 427 DE
2152 348 2736 426 DISTHACTIONE.

3546 366 3679 430 M70

445 489 468 526 ι
507 474 639 539 ’Δγε
666 472 781 536 νῦν,
807 474 857 525 οί
895 470 1165 536 πλούσιοι,
1206 463 1486 525 κλαύσατε
1517 473 1864 537 ὀλολύζοντες
1912 472 2004 524 ἐπὶ

2125 472 2396 525 ιοιιιίιιιιιιι
2439 460 2783 527 insatiabiles
2811 466 2877 520 δ’.
2921 488 2940 521 ›
2971 471 3169 525 Beatus
3192 471 3401 539 "itaque
3436 473 3677 527 Iacobus

442 568 561 625 ταῖς
620 564 1013 635 ταλαιπωρίαις
1073 563 1225 635 ὑμῶν
1277 567 1404 626 ταῖς
1456 565 1879 635 ἐπερχομέναις.
1943 563 2004 616 Ὀ

443 652 672 714 πλοῦτος
706 654 863 722 ὑμῶν
902 656 1160 725 σέσηπεν,
1195 654 1290 708 καὶ
1313 654 1385 707 τὰ
1407 655 1599 724 ἱμάτια
1633 655 1787 724 ὑμῶν
1847 654 2009 724 σητὸ-

441 745 628 812 6ρωτα
676 746 918 811 γέγονεν.
979 764 997 795 ι
1045 746 1104 799 ὐ
1142 746 1198 797 δὲ
1234 743 1396 797 Δαυτό
1447 746 1575 814 περὶ
1607 744 1714 797 τῶν
1753 742 2010 795 τοιούτων

445 831 820 885 ἀποτείνεται·
892 852 911 883 ι
959 834 1235 901 Μέντοιγε
1294 835 1352 885 ἐν
1398 834 1569 885 είκόνι
1633 831 2013 901 διαπορεύεται

446 920 749 990 ἄνθρωπος,
815 921 954 990 πλὴν
1010 923 1186 992 μάτην
1236 919 2010 991 ταράσσεταιοθησαυρίζει,

450 1015 547 1067 καὶ
578 1015 637 1067 οὐ
661 1014 918 1082 γινώσκει
946 1017 1051 1070 τίνι
1078 1018 1293 1081 συνάξει
1320 1018 1480 1070 αὐτά.
1509 1035 1526 1066 ι
1573 1016 1686 1068 Ἀεὶ
1712 1015 1820 1084 γὰρ
1840 1018 1886 1067 οἱ
1918 1014 2015 1085 θη-

451 1107 764 1175 σαυρισταὶ,
802 1110 1186 1175 ματαιοκόποι,
1211 1106 1702 1177 ἀλλπριοκάματοι
1736 1105 2019 1174 εὑρίσκον-

448 1213 561 1252 ται.
594 1217 613 1248 ι
647 1198 714 1251 Ol.
750 1198 860 1268 γὰρ
895 1198 1211 1266 βουλόμενοι
1242 1198 1516 1258 πλουτεῖν,
1544 1195 1910 1265 ἐμπίπτουσιν
1936 1195 2017 1255 είς

451 1289 754 1362 πειρασμὸν
805 1289 900 1343 καὶ
940 1290 1141 1355 παγίδα
1174 1290 1276 1342 ιτοῦ
1315 1288 1595 1350 διαϐόλου,
1632 1306 1650 1338 ι
1688 1287 1783 1339 καὶ
1829 1286 2018 1337 ἐπιθυ·-

454 1378 582 1446 μίας
614 1378 815 1442 πολλὰς
850 1381 1117 1449 ἀνοήτους
1173 1379 1266 1437 καὶ
1299 1378 1588 1448 βλαϐεράς.
1626 1377 1835 1437 Αἶτινες
1869 1375 2018 1444 βυθί-

451 1466 634 1530 ζουσιν
663 1468 791 1530 τοὺς
833 1467 1156 1536 ἀνθρώπους
1207 1470 1288 1530 είς
1321 1468 1542 1536 ὄλεθρον
1580 1467 1674 1519 καὶ
1710 1467 2012 1528 ἀπώλειαν,

452 1557 593 1609 κατὰ
621 1557 713 1610 τὸν
747 1558 1093 1612 Ἀπόστολον.
1137 1560 1247 1611 Καὶ
1295 1555 1452 1620 αὖθις
1482 1559 1854 1628 παραγγέλλει
1884 1558 2011 1624 φεύ-

451 1658 572 1713 γειν
594 1648 692 1717 τὴν
732 1648 1066 1713 πλεονεξίαν
1110 1669 1128 1699 ι
1168 1651 1326 1713 ’Ἢτις
1382 1651 1529 1702 ἐστὶν
1578 1648 2015 1718 είδωλολατρεία,

450 1737 520 1789 δι’
548 1734 616 1809 ἦς
669 1739 967 1808 ἐπέρχεται
1013 1743 1046 1812 ή
1089 1742 1228 1811 ὀργὴ
1259 1740 1355 1793 τοῦ
1396 1740 1532 1794 Θεοῦ
1580 1741 1674 1793 ἐπὶ
1705 1740 1832 1802 τοὺς
1866 1739 2017 1800 υἱοὺς

2111 563 2342 631 cupiens
2368 559 2561 614 morbo
2588 556 2679 611 isti
2709 558 3032 628 cupiditatis
3066 561 3345 615 immensa:
3382 561 3528 615 ferre
3563 577 3677 614 me-

2110 654 2311 717 delam,
2342 670 2440 723 per
2469 651 2769 722 Epistolam
2803 651 2942 705 dicit
2975 670 2988 704 :
3028 652 3051 703 «⁷
3076 652 3233 721 Agite
3261 667 3428 713 nunc,
3455 651 3675 716 divites,

2111 744 2323 813 plorate
2385 743 2661 797 ululantes
2716 756 2886 810 super
2934 741 3176 796 miseriis
3207 757 3330 810 quae
3376 741 3680 795 advenient

2115 836 2272 889 vobis
2313 853 2326 887 :
2360 834 2565 888 divitize
2598 840 2795 887 vestrae
2821 833 3141 902 putrefacta:
3171 842 3320 897 sunt,
3348 834 3678 889 vestimenta

2113 936 2293 980 vestra
2329 943 2359 980 a
2413 929 2554 979 tinea
2588 934 2830 978 comesta
2886 934 3017 978 sunt
3040 925 3106 977 ‘°.
3148 944 3164 974 ι
3197 924 3358 978 Tales
3409 934 3465 978 et
3513 925 3677 978 David

2116 1016 2482 1086 perstringit:
2528 1036 2546 1066 ι
2578 1017 2971 1069 Verumtamen
3015 1014 3071 1068 in
3106 1000 3342 1083 imagine
3378 1016 3683 1084 pertransit

2116 1108 2303 1171 homo,
2327 1107 2420 1161 sed
2449 1106 2655 1159 frustra
2686 1104 3070 1169 conturbatur,
3101 1105 3433 1159 thesaurizat
3453 1114 3508 1159 et
3532 1106 3684 1174 igno«

2118 1204 2203 1252 rat
2229 1194 2705 1265 cui-congregabit
2733 1209 2797 1248 ea
2828 1194 2892 1245 ".
2934 1212 2952 1243 ι
2986 1193 3082 1246 Isti
3115 1194 3262 1247 enim
3297 1194 3683 1248 thesaurorum

2117 1293 2473 1356 congestores
2493 1286 2697 1338 frustra
2728 1283 2954 1337 sudasse
2986 1283 3424 1351 comperiantur,
3454 1298 3557 1338 nec
3579 1283 3683 1337 sibi

2117 1390 2383 1446 unquam,
2414 1376 2509 1430 sed
2537 1375 2660 1430 aliis
2690 1376 2992 1429 laborasse.
3024 1391 3040 1422 ι
3068 1372 3171 1439 Qui
3202 1377 3353 1427 enim
3389 1374 3580 1428 volunt
3610 1374 3690 1428 di-

2114 1468 2259 1522 vites
2282 1466 2422 1526 ﬁeri.
2457 1467 2709 1523 incidunt
2734 1466 2788 1519 in
2815 1464 3169 1519 tentationem
3205 1474 3262 1518 et
3295 1465 3548 1534 laqueum
3577 1465 3691 1520 dia-

2120 1559 2287 1613 boli“
2311 1576 2324 1611 :
2353 1578 2370 1608 ι
2395 1572 2660 1627 suamque
2685 1567 2746 1610 ut
2768 1555 3063 1625 plurimum
3084 1557 3446 1625 experiuntur
3469 1556 3687 1611 tandem

2118 1648 2507 1717 cupiditatem,
2536 1650 2865 1703 inammnam
2892 1666 3013 1705 esse
3034 1657 3197 1717 atque
3227 1647 3633 1716 dispendiosam
3670 1665 3684 1702 :

2120 1756 2241 1809 qu.e
2261 1740 2482 1809 etjuxta
2504 1738 2827 1807 Apostolum
2849 1739 3120 1809 demergit
3144 1739 3397 1793 homines
3424 1738 3477 1791 in
3501 1739 3687 1806 perni-

451 1828 552 1891 τῆς
598 1831 872 1894 ἀπιστίας.
911 1850 929 1880 ι
967 1809 1144 1885 satis)
1186 1809 1278 1885 οῦν
1322 1836 1472 1896 ἐστιν
1516 1828 1821 1901 ἀπορρῖψαι
1848 1830 1910 1881 τὸ
1955 1830 2018 1881 ὲκ

2125 1831 2261 1884 ciem
2313 1844 2377 1883 ac
2438 1828 2830 1896 perditionem.
2885 1829 3048 1882 Jubet
3083 1842 3301 1881 rursum
3335 1827 3400 1887 is,
3432 1828 3601 1880 multa
3628 1836 3688 1881 ut

454 1921 548 1975 τοῦ
585 1921 815 1975 πλούτου
850 1923 1136 1990 ἀλόγιστον
1162 1924 1445 1993 καύχημα,
1471 1923 1567 1983 τὰς
1592 1922 1802 1983 οἰκείας
1832 1919 2021 1973 ἐπιθυ-

457 2010 586 2076 μίας
638 2012 951 2081 μισήσαντα
985 2029 998 2043 ·
1036 2014 1173 2083 ὅπερ
1221 2014 1370 2065 ἐστὶν
1419 2016 1646 2082 μισῆσαι
1682 2012 1780 2081 τὴν
1823 2008 2020 2063 ἑαυτοῦ

452 2099 651 2169 ψυχὴν,
688 2103 781 2154 καὶ
835 2103 1244 2172 ἀποκτήσασθαι
1292 2104 1470 2156 πάντα
1514 2102 1701 2155 ἕνεκεν
1728 2102 1827 2171 τῆς
1862 2101 2023 2170 δόξης

453 2188 547 2241 τοῦ
575 2190 907 2258 Εὐαγγελίου
938 2192 1029 2244 τοῦ
1053 2192 1212 2246 Θεοῦ.
1256 2194 1316 2245 Ὃ
1345 2192 1454 2261 γὰρ
1478 2191 1650 2260 αῐρων
1679 2189 1777 2260 τὴν
1808 2189 2022 2242 ἔννοιαν

453 2280 618 2333 αὐτοῦ
644 2282 751 2333 ἀπὸ
778 2283 958 2351 πάσης
983 2283 1320 2347 πλεονεξίας,
1349 2282 1571 2335 δύναται
1597 2282 1726 2335 ἰδεῖν
1760 2280 1859 2343 τὰς
1890 2280 2021 2349 μεθ-

452 2371 602 2435 οδίας
645 2371 741 2424 τοῦ
784 2373 1055 2427 διαϐόλου.
1094 2376 1265 2427 Ὅταν
1326 2374 1438 2444 γὰρ
1474 2373 1668 2444 ἐξέλθῃ
1690 2372 1731 2444 ξὸ
1759 2370 1884 2434 νοῦς
1913 2371 2023 2425 τῶν

457 2462 790 2532 σωματικῶν
839 2466 1137 2534 φροντίδων
1163 2504 1177 2526 ,
1219 2465 1406 2535 βλέπει
1436 2464 1578 2519 κατὰ
1602 2464 1895 2532 ἀναλογίαν
1926 2463 2024 2523 τὰς

458 2556 795 2627 πανουργίας
840 2558 948 2610 τῶν
981 2557 1210 2632 ἐχθρῶν.
1246 2559 1421 2629 Φησὶν
1447 2558 1502 2610 δὲ
1533 2558 1627 2610 καὶ
1656 2560 1683 2609 ὁ
1712 2559 2023 2626 Παροιμια-

458 2649 611 2714 στῆς·
645 2667 663 2698 ι
705 2649 818 2701 Οὐκ
841 2648 1215 2717 ὠφελήσουσιν
1241 2648 1504 2718 θησαυροὶ
1532 2648 1761 2717 ἀνόμους
1782 2663 1794 2676 ·
1820 2647 2029 2699 δικαιοο

456 2736 592 2802 σύνη
638 2737 697 2789 δὲ
754 2738 819 2790 ὲκ
863 2738 1094 2791 Θανάτου
1144 2737 1396 2808 ῥύεται.»
1431 2738 1558 2789 Καὶ·
1592 2756 1610 2785 ι
1651 2733 2025 2804 Αίρετώτερον

457 2827 628 2897 ὄνομα
678 2829 860 2888 καλὸν.
897 2829 929 2897 ἢ
965 2829 1195 2891 πλοῦτος
1237 2828 1405 2890 πολύς
1428 2845 1443 2859 ·
1476 2829 1616 2896 ὑπὲρ
1657 2828 1714 2880 δὲ
1761 2825 2025 2895 ἀργύριον

460 2920 556 2972 καὶ
614 2923 859 2990 χρυσίον,
884 2922 1043 2991 χάρις
1092 2922 1293 2990 ἀγαθή.
1338 2940 1356 2973 ι
1395 2950 1463 2960 -
1493 2939 1511 2969 ι
1554 2919 1616 2973 Ὀ
1675 2919 1732 2971 δὲ
1786 2918 2027 2986 συνέχων

463 3015 628 3068 σῖτον.
660 3011 1218 3064 ἀπολείποιτοιαὺτὸν
1275 3015 1388 3075 τοῖς
1432 3011 1658 3063 ἔθνεσιν.
1690 3028 1707 3059 ι
1741 3008 1871 3062 Καί’
1905 3028 1923 3058 ι
1969 3008 2027 3061 Ὀ

461 3102 794 3172 τιμιουλκῶν
849 3105 1015 3165 σῖτον,
1049 3103 1498 3172 δημοκατάρατος
1524 3118 1536 3131 ·
1588 3102 1809 3168 εὐλογία
1845 3102 1902 3154 δὲ
1935 3101 2027 3154 ἐπὶ

461 3192 560 3262 τὴν
595 3193 837 3261 κεφαλὴν
869 3192 961 3246 τοῦ
1016 3193 1409 3261 μεταδιδόντος.
1451 3213 1467 3242 ι
1505 3193 1636 3250 Καὶ.
1673 3211 1691 3243 ι
1742 3193 1800 3242 ’0
1832 3208 2028 3244 πεποι-

463 3281 569 3345 θὼς
593 3283 684 3334 ἐπὶ
711 3283 927 3352 πλούτῳ
953 3286 1139 3344 αὑτοῦ,
1170 3289 1414 3337 πεσεῖται
1436 3303 1448 3316 υ
1480 3288 1508 3336 ὁ
1534 3284 1590 3336 δὲ
1626 3283 2020 3353 ἀντιλαμϐανό-

466 3389 627 3441 μενος
682 3372 943 3438 δικαίων,
981 3370 1136 3440 οὗτος
1193 3375 1475 3430 ἀνατέλλει
1543 3395 1561 3426 ι
1604 3375 1663 3428 ’0
1710 3375 1768 3428 δὲ
1825 3374 2030 3445 Κύριός

464 3476 603 3530 φησι
654 3464 786 3534 περὶ
838 3464 932 3517 τοῦ
987 3465 1313 3534 βουλομένου
1364 3466 1461 3526 τὰς
1511 3463 1704 3517 ἑαυτοῦ
1746 3463 2034 3534 ἀποθήκας

465 3550 738 3616 καθελεῖν,
760 3555 854 3607 καὶ
886 3555 1137 3622 μείζονας
1164 3555 1519 3623 οἰκοδομῆσαι
1543 3570 1556 3583 ο
1592 3572 1609 3604 ι
1640 3555 1887 3623 Ἄφρων,
1910 3553 2036 3606 ταύ-

466 3658 534 3712 τῃ
586 3645 651 3712 τῇ
686 3645 937 3708 νυκτὶ,οί
984 3645 1204 3711 ἄγγελοι
1253 3644 1353 3714 τὴν
1403 3642 1580 3713 ψυχήν
1635 3661 1728 3695 σου
1771 3644 2032 3697 ἀπαιτοῦ-

470 3748 557 3786 σιν
612 3732 720 3785 ἀπὸ
756 3733 849 3786 σοῦ
879 3751 893 3764 ’
924 3734 961 3788 ἃ
1003 3734 1060 3787 δὲ
1100 3736 1434 3804 ἡτοίμασας,
1468 3735 1576 3786 τίνι
1627 3735 1818 3797 anm;
1869 3753 1887 3785 ι
1922 3735 2034 3788 Καὶ

467 3824 686 3891 ιπάγει·
726 3844 745 3875 ι
781 3823 968 3889 Οὕτως
1015 3824 1122 3889 πᾶς
1164 3828 1192 3878 ὁ
1232 3826 1577 3895 θησαυρίζων
1613 3827 1671 3877 ὲν
1699 3824 1904 3894 ἐαυτῷ,
1936 3826 2034 3879 καὶ

473 3914 549 3984 μὴ
578 3916 659 3976 εἰς
696 3914 830 3968 Θεὸν
859 3916 1135 3970 πλουτῶν.’
1161 3935 1179 3968 ι
1210 3916 1368 3986 Αὑτῲ
1395 3917 1429 3985 ἡ
1454 3915 1581 3981 δόξα
1616 3917 1698 3978 είς
1744 3916 1869 3979 τοὺς
1899 3915 2034 3970 αἰῶ-

469 4023 568 4069 νας
596 4006 707 4060 τῶν
735 4006 967 4061 αίὼνων.
1012 4007 1207 4077 Ἀμήν.

2122 1919 2618 1988 circumspectione
2642 1920 2883 1973 vitemus
2904 1919 3237 1987 superfluam
3262 1918 3406 1971 hanc
3436 1932 3537 1971 nec
3564 1916 3690 1970 ullis

2124 2012 2327 2066 ﬁnibus
2352 2010 2826 2080 circumscriptam
2851 2011 3141 2064 avaritiam
3176 2026 3189 2063 :
3228 2030 3245 2060 ι
3289 2008 3419 2073 Quae
3451 2016 3537 2061 est
3572 2007 3692 2061 ido-

2122 2104 2302 2157 lorum
2365 2102 2567 2166 cultus,
2596 2118 2695 2171 per
2747 2117 2910 2171 quam
2970 2101 3127 2154 venit
3174 2101 3254 2154 ira
3310 2100 3407 2154 Dei
3448 2100 3504 2152 in
3552 2099 3691 2152 filios

2122 2193 2440 2250 diffidentiae
2472 2194 2537 2246 ⁸³.
2580 2212 2598 2243 ι
2640 2193 2783 2248 Sane
2824 2209 2987 2262 quam
3039 2193 3300 2246 decorum
3350 2192 3443 2255 sit,
3480 2178 3541 2245 ut
3591 2206 3690 2245 ex—

2125 2294 2324 2355 puneta
2355 2285 2541 2338 animo
2567 2285 2828 2353 jactantia
2855 2285 2991 2338 citra
3030 2287 3296 2338 rationem
3325 2283 3490 2336 ullam
3523 2281 3692 2351 proli-

2124 2373 2365 2427 ciscente
2384 2387 2449 2425 ex
2472 2371 2700 2434 divitiis,
2724 2372 2910 2426 oderis
2938 2372 3162 2441 insuper
3187 2371 3458 2425 incentiva
3488 2372 3694 2439 quaeris

2125 2462 2360 2533 propriae
2388 2462 2856 2531 concupiscentia
2888 2481 2900 2515 :
2935 2463 2987 2516 id
3020 2463 3166 2531 quod
3213 2471 3317 2525 est,
3354 2461 3537 2516 odisse
3570 2461 3689 2521 ani-

2126 2569 2268 2607 mam
2290 2569 2468 2614 suam,
2499 2561 2554 2609 et
2575 2566 2604 2606 a
2627 2568 2684 2607 se
2708 2554 3015 2608 excussisse
3038 2568 3201 2606 omne
3229 2568 3389 2606 suum
3418 2552 3692 2621 peculium

2126 2659 2226 2713 pro
2270 2643 2443 2713 gloria
2501 2641 2780 2710 Evangelii
2833 2641 2949 2695 Dei.
2988 2640 3200 2711 1046
3244 2639 3511 2707 Quisquis
3546 2639 3692 2691 enim

2128 2729 2522 2799 cogitationem
2550 2728 2799 2782 funditus
2833 2728 3098 2782 amolitur
3133 2736 3190 2781 et
3212 2736 3407 2781 avocat
3436 2728 3504 2781 ab
3547 2727 3695 2779 omni

2129 2833 2536 2886 supervacanea
2590 2818 2925 2885 cupiditate,
2962 2816 3008 2869 is
3055 2832 3165 2869 non
3221 2830 3418 2885 magno
3477 2815 3696 2883 negotio

2129 2909 2496 2977 deprehendit
2529 2908 2829 2962 insidiosas
2857 2907 3062 2961 diaboli
3089 2907 3333 2976 pedicas.
3372 2907 3521 2959 Mens
3548 2907 3696 2960 enim

2131 3015 2460 3081 simulatque
2488 3016 2517 3067 a‘
2553 3009 2611 3067 se
2638 3013 2854 3081 depulit
2886 3012 3075 3065 anxias
3104 3011 3354 3080 corporis
3384 3025 3568 3073 curas,
3602 3025 3698 3063 ve-

2053 3137 2095 3193 α
2133 3105 2422 3160 teratorias
2470 3088 2593 3158 illas
2638 3119 2703 3157 ac
2747 3103 2973 3157 fallaces
3012 3103 3296 3157 machinas
3329 3101 3697 3160 inimicorum,

2133 3212 2231 3266 pro
2270 3198 2481 3249 ratione
2510 3195 2708 3248 virium
2743 3208 2880 3263 quas
2910 3196 3104 3249 sortita
3143 3204 3249 3258 est,
3288 3194 3581 3263 perspicue
3614 3193 3700 3249 vi—

2130 3286 2241 3341 det.
2278 3286 2366 3339 Ait
2427 3285 2657 3355 proinde
2708 3285 3129 3340 Parmmiastes:
3165 3305 3184 3337 ι
3218 3286 3338 3340 Non
3393 3286 3703 3354 proderunt

2135 3377 2385 3433 thesauri
2401 3377 2609 3446 iniquis
2633 3394 2647 3441 ;
2669 3378 3089 3446 justitia'autem
3116 3394 3144 3431 a
3177 3386 3353 3432 morte
3374 3378 3576 3431 liberat
3597 3377 3664 3428 “.
3679 3397 3695 3424 ι

2137 3470 2252 3523 Et:
2290 3487 2308 3520 ι
2352 3468 2545 3521 Melius
2601 3475 2687 3522 est
2741 3483 2941 3521 nomen
3003 3467 3209 3521 bonum
3268 3482 3432 3536 quam
3492 3466 3698 3519 divitue

2134 3559 2341 3617 multae.
2374 3573 2541 3626 super
2570 3565 2858 3626 argentum
2888 3564 2943 3610 et
2976 3572 3174 3611 aurum
3201 3557 3371 3627 gratia
3406 3556 3548 3610 bona
3582 3557 3649 3608 ".
3679 3575 3696 3605 ι

2134 3648 2295 3702 ΕΓΖ(
2336 3647 2639 3702 Continens
2728 3648 3066 3702 frumentum
3146 3647 3497 3718 derelinquet
3571 3646 3703 3715 ipsis

2136 3738 2390 3806 gentibus
2417 3739 2482 3791 ⁸⁸.
2541 3757 2559 3789 ι
2622 3738 2728 3792 Et:
2766 3759 2784 3788 ι
2822 3738 2925 3803 Qui
2974 3738 3248 3807 appretiat
3328 3739 3701 3799 frumentum,

2141 3825 2475 3879 maledictus
2500 3825 2554 3879 in
2587 3826 2833 3895 populis;
2879 3826 3200 3882 benedictio
3319 3836 3502 3881 autem
3541 3842 3705 3895 super

2137 3927 2303 3986 caput
2320 3915 2781 3986 dispertientis".
2808 3936 2825 3966 ι
2852 3916 2948 3970 Et:
2980 3935 2996 3968 ι
3026 3916 3131 3982 Qui
3154 3916 3383 3971 conlidit
3401 3917 3455 3970 in
3471 3915 3733 3978 divitiis,.

2070 4034 2073 4041 -
2138 4014 2383 4071 corruet,
2411 4008 2507 4076 qui
2537 4016 2723 4062 autem
2770 4007 3006 4077 benigne
3050 4007 3326 4062 succurrit
3366 4006 3550 4078 justis,
3578 4020 3707 4060 exo-

472 4097 647 4153 rietur
679 4099 744 4152 ⁸⁸.
790 4116 808 4150 ι
842 4099 1106 4153 Dominus
1132 4097 1391 4165 item,gde
1416 4112 1483 4151 eo
1517 4096 1613 4165 qui
1637 4096 1781 4164 apud
1842 4112 1901 4152 se
1963 4099 2329 4153 constituerat
2375 4114 2502 4153 suas
2543 4098 2801 4152 demoliri
2861 4112 2927 4152 ac
2959 4097 3079 4153 solo
3125 4099 3417 4169 adaequare
3474 4099 3707 4169 apothe-

471 4201 587 4251 cas,
617 4187 763 4256 quod
790 4188 1135 4257 angustiores
1166 4187 1502 4247 viderentur,
1542 4185 1761 4254 illisque
1824 4187 2163 4244 exaedificare
2213 4189 2573 4258 capaciores:
2611 4207 2628 4239 ι
2665 4188 2842 4243 Stulte
2877 4229 2892 4253 ,
2960 4190 3077 4255 ait,
3149 4190 3251 4245 hac
3304 4198 3468 4244 nocte
3527 4187 3704 4259 angeli

470 4278 573 4331 abs
612 4287 663 4332 te
699 4282 950 4347 repetent
994 4279 1232 4333 animam
1263 4288 1450 4342 tuam;
1485 4293 1608 4345 qua:
1670 4287 1855 4332 autem
1913 4283 2272 4351 preparasti,
2302 4283 2460 4353 cujus
2523 4291 2687 4335 erunt
2711 4283 2804 4336 "?
2841 4302 2859 4334 ι
2896 4283 3151 4337 lnducit:
3188 4302 3207 4332 ι
3250 4283 3341 4337 Sic
3389 4283 3568 4337 omnis
3611 4280 3704 4350 qui

476 4366 575 4423 tibi
607 4366 710 4436 ipsi
742 4366 1094 4429 thesaurizat,
1120 4363 1228 4421 non
1254 4368 1383 4421 item
1411 4365 1556 4435 apud
1583 4365 1754 4451 Deum
1786 4368 2034 4424 recondit
2070 4370 2292 4425 divitias
2325 4372 2392 4424 ⁷⁸.
2431 4390 2449 4421 ι
2483 4370 2589 4441 Ipsi
2612 4372 2783 4441 gloria
2808 4372 2864 4425 in
2901 4372 3120 4426 saecula.
3157 4373 3350 4429 Amen.

962 4550 965 4551 ν
1067 4479 1284 4533 ΛΟΓΟΣ
1317 4481 1408 4532 ιιι.
1450 4512 1461 4522 .

931 4593 1071 4660 Περὶ
1127 4598 1574 4664 περισπασμοῦ.

544 4704 679 4775 Περὶ
719 4702 814 4758 τοῦ
838 4704 1245 4774 περισπασμοῦ,
1285 4707 1584 4775 ἀναφανδὸν
1615 4711 1857 4765 διδάσκει
1884 4712 2035 4780 ἡμᾶς

475 4799 508 4849 ὁ
552 4796 989 4866 Ἐκκλησιαστὴς
1042 4795 1257 4856 οὕτως’
1314 4816 1333 4847 ι
1376 4800 1592 4887 Ἔδωκα
1652 4805 1749 4870 τὴν
1808 4802 2035 4873 καρδίαν

478 4903 583 4955 μου
627 4885 723 4939 τοῦ
776 4887 1083 4956 ἐπιζητῆσαι
1133 4886 1225 4941 καὶ
1273 4888 1365 4940 τοῦ
1408 4885 1856 4960 καὲασκὲψασθαι
1885 4895 1943 4945 ὲν
1971 4894 2038 4962 τῇ

478 4979 645 5048 σοφίᾳ
704 4978 833 5048 περὶ
863 4980 1079 5033 πάντων
1111 4978 1219 5030 τῶν
1248 4980 1555 5049 γενομένων
1592 4984 1694 5063 ὑπῤ
1732 4985 1824 5037 τὸν
1867 4984 2039 5055 ἥλιον,

475 5067 561 5118 ὅτι
602 5065 1011 5136 περισπασμρνσ
1040 5067 1275 5135 πονηρὸν
1312 5067 1511 5121 ἔδωκεν
1549 5073 1575 5122 ὁ
1600 5073 1730 5134 Θεὸς
1760 5076 1871 5135 τοῖς
1905 5077 2040 5137 υἱοῖς

477 5155 589 5209 τῶν
650 5155 978 5226 ἀνθρώπων,
1012 5158 1072 5209 τι
1109 5158 1481 5225 περισπᾶσθαι
1539 5163 1595 5213 ἐν
1658 5164 1824 5230 αὐτῷ.
1873 5188 1887 5212 ι
1925 5165 2039 5219 Καὶ

476 5234 601 5315 μετέ
639 5246 794 5314 ὀλίγα
815 5260 832 5276 ·
869 5264 886 5297 ι
928 5249 1033 5302 Καὶ
1067 5247 1339 5316 ὲπέὅλεῲα
1366 5248 1474 5315 ἐγὼ
1508 5251 1565 5302 ὲν
1594 5254 1755 5305 πᾶσιν
1801 5256 2039 5322 ποιήμα-

477 5339 564 5392 σίν
597 5353 719 5408 μου,
749 5333 830 5400 οἷς
872 5337 1138 5407 ἐποίησαν
1167 5341 1222 5390 αἱ
1266 5339 1447 5407 χεῖρές
1481 5359 1605 5406 μου,
1633 5344 1725 5394 καὶ
1763 5345 1819 5395 ὲν
1857 5345 2041 5415 μόχθῳ

475 5420 521 5495 ᾧ
552 5427 837 5497 ὲμόχθησα
866 5425 958 5480 τοῦ
1010 5431 1205 5491 ποιεῖν,
1248 5429 1341 5479 καὶ
1379 5429 1487 5481 ἰδοὺ
1512 5430 1581 5483 τὰ
1612 5432 1787 5501 πᾲντα
1817 5435 2044 5500 ματαιό-

2690 4482 2978 4541 HOMILIA
3018 4483 3158 4539 XIV.

2247 4598 2323 4651 De
2347 4600 2707 4661 distractione,
2734 4596 2891 4657 alias,
2915 4598 3217 4670 importuna
3243 4599 3600 4669 occupatione.

2206 4708 2282 4762 Et
2304 4707 2522 4777 quidem
2557 4708 2623 4761 de
2657 4707 3027 4762 distractione
3056 4709 3365 4763 luculenter
3409 4708 3704 4763 admodum

2139 4798 2302 4852 docet
2364 4814 2465 4852 nos
2520 4799 2881 4854 Ecclesiastes
2918 4838 2932 4861 ,
2987 4798 3137 4853 hisce
3189 4799 3376 4854 verbis
3427 4816 3442 4854 :
3511 4819 3529 4850 ι
3569 4798 3704 4853 Dedi

2144 4902 2241 4944 cor
2269 4905 2451 4944 meum
2493 4890 2915 4960 utexquirerem
2956 4898 3011 4944 et
3055 4889 3459 4945 considerarem
3492 4876 3712 4959 sapien-

2147 4988 2231 5035 ter
2282 4981 2350 5035 de
2396 4982 2654 5036 omnibus
2708 4997 2830 5051 quae
2886 4982 3024 5037 fiunt
3078 4982 3182 5038 sub
3233 4984 3385 5046 sole,
3428 4983 3554 5052 quia
3613 4996 3708 5037 oc-

2144 5071 2491 5141 cupationem
2533 5074 2727 5127 malam
2777 5074 2927 5127 dedit
2987 5075 3130 5130 Deus
3181 5074 3307 5129 filiis
3338 5075 3619 5129 hominum
3648 5081 3708 5126 ut

2145 5171 2551 5232 occuparentur
2586 5164 2640 5217 in
2665 5181 2725 5219 ea
2755 5167 2857 5219 ".n
2893 5168 3020 5221 Post
3053 5180 3226 5236 pauca
3256 5184 3269 5220 :
3303 5186 3320 5216 ι
3353 5164 3420 5217 Et
3464 5164 3575 5218 vidi
3606 5179 3707 5233 ego

2148 5255 2202 5308 in
2255 5256 2513 5310 omnibus
2561 5257 2823 5325 operibus
2868 5259 3004 5311 meis
3058 5273 3179 5326 qua:
3226 5256 3476 5309 fecerunt
3519 5270 3712 5308 manus

2150 5346 2304 5407 mete,
2329 5354 2386 5399 et
2432 5346 2487 5399 in
2536 5346 2724 5399 labore
2761 5362 2870 5415 quo
2895 5338 3085 5399 sudavi
3120 5354 3179 5398 ut
3215 5344 3472 5403 facerem,
3505 5351 3561 5396 et
3582 5357 3710 5395 ecce

2151 5435 2405 5488 universa
2438 5435 2648 5489 vanitas
2687 5435 2753 5486 ".
2789 5453 2806 5485 ι
2851 5433 3058 5487 llursus
3088 5449 3100 5485 :
3136 5451 3151 5483 ι
3194 5434 3331 5485 Ante
3380 5430 3570 5485 faciem
3613 5429 3709 5482 ho-

551 5583 595 5613 "
624 5582 784 5634 Prov.
828 5598 991 5652 xxvii,
1016 5582 1101 5633 20.
1186 5584 1230 5613 ⁰⁰
1252 5581 1362 5636 Jac.
1392 5600 1445 5645 ν,
1504 5583 1546 5637 l.
1580 5586 1628 5636 2.
1712 5585 1749 5613 δ’
1775 5585 1913 5639 Paul.
1949 5602 2024 5638 xx:

2133 5604 2166 5646 ι.
2199 5589 2248 5642 7.
2326 5591 2367 5618 ‘”
2394 5588 2411 5639 l
2439 5587 2571 5639 Tim.
2609 5603 2680 5645 vl,
2709 5587 2762 5638 εὶ.
2832 5585 2875 5616 ⁵³
2908 5585 3176 5652 Ειιίιιπις.γ,
3202 5584 3251 5637 6.
3328 5581 3370 5612 ⁵⁸
3407 5583 3706 5652 Prov.x._‘;.

480 5652 526 5683 ⁵⁸
553 5653 712 5704 Prov.
745 5668 872 5713 ml,
906 5651 950 5703 l.
1019 5653 1063 5681 ’τι
1088 5653 1332 5711 Prov.“
1360 5654 1449 5707 36.

479 5720 530 5754 ⁷⁸
570 5721 683 5775 ibid
751 5721 831 5773 Η.

1531 5655 1570 5682 ⁸⁷
1598 5653 1734 5708 lliitl.

1839 5660 1879 5685 "‘
1915 5656 2047 5709 Ibid.
2084 5657 2173 5710 28.
2286 5659 2328 5686 δί’
2367 5657 2496 5710 Luc.
2529 5672 2623 5721 xu,
2651 5657 2740 5708 ‘20.
2817 5656 2861 5687 ⁷ο
2886 5654 3025 5709 Ibid.
3060 5654 3147 5707 il.

3252 5654 3291 5685 “
3328 5652 3506 5706 Ecclo.
3531 5668 3582 5719 ι,
3619 5649 3704 5706 15.
