4020 6146
488 317 614 381 14⁸71

1762 322 2122 383 ANTIOCHI
2165 322 2507 383 MONACHI
2560 390 2563 393 _

3605 323 3739 387 14ῖέ

488 430 655 483 minis
709 428 862 484 dedit
903 429 1230 499 sapientiam
1273 438 1328 484 et
1368 429 1657 486 scientiam
1690 433 2055 505 et_la:titiam,

2164 447 2281 499 της.
2316 451 2336 484 ι
2370 433 2480 485 Καὶ
2519 431 2712 486 πάλιν·
2742 451 2761 483 ι
2797 433 2911 501 [Iph
2958 432 3252 502 προσώπου
3304 434 3399 488 τοῦ
3447 434 3737 507 ἀνθρώπω

485 519 761 589 peccatori
791 527 973 573 autem
1010 520 1161 574 dedit
1187 520 1345 591 (illud
1364 522 1588 586 ἔδωκεν,
1618 521 1794 588 dedit,
1827 522 2057 592 intelligi

486 610 654 665 debet
707 625 807 679 pro
838 609 1235 680 συνεχώρησεν,
1278 612 1526 681 permisit
1586 613 1763 668 libero
1821 612 2060 668 hominis

485 701 765 770 arbitrio),
806 710 867 756 ut
897 701 1062 756 addat
1094 711 1149 755 et
1178 714 1476 773 congreget
1509 721 1525 769 ;
1569 704 1622 758 id
1657 704 1807 774 quod
1847 705 2060 758 vanitas

487 807 704 862 quoque
754 801 839 846 est
866 793 929 845 ⁷³.
967 791 1165 848 Omnia
1233 793 1301 848 de
1356 794 1581 863 pulvere
1633 794 1776 849 facta
1822 806 1972 857 sunt,
2004 803 2095 853 et.

486 883 670 937 omnia
689 883 743 937 in
772 884 1050 953 pulverem
1079 893 1433 939 revertentur
1459 885 1526 938 ⁷⁸.
1560 905 1579 936 ι
1600 885 1873 940 “Ιιιι1ιιοίι’;
1905 905 1922 936 ι
1948 886 2057 940 Me-

484 974 593 1028 lius
614 982 700 1027 est
736 975 935 1043 repleri
972 976 1180 1044 pugillo
1208 977 1435 1045 quietis,
1464 992 1627 1045 quam
1673 976 1884 1045 impleri
1921 977 2059 1031 duo-

486 1067 588 1119 bus
612 1066 831 1135 pugillis
853 1066 1057 1121 laboris
1080 1068 1145 1119 ⁷⁸.
1195 1087 1214 1118 ι
1254 1067 1458 1131 lterum
1493 1086 1505 1120 :
1550 1087 1568 1118 ι
1609 1067 1669 1121 In
1697 1067 1899 1135 quibus
1929 1067 2056 1122 dedi

483 1175 580 1212 cur
617 1174 796 1213 meum
834 1168 891 1213 ut
919 1175 1309 1230 cognoscerem
1341 1169 1626 1229 peccatum
1657 1176 1838 1215 meum
1863 1201 1876 1224 ,
1896 1169 1967 1216 .et
1997 1171 2058 1215 ut

484 1250 726 1304 viderem
784 1251 1146 1305 tentationem
1182 1267 1304 1320 quae
1354 1252 1494 1307 facta
1525 1262 1610 1307 est
1638 1268 1804 1321 super
1830 1262 2054 1317 terram,

482 1342 611 1408 quia
653 1356 753 1394 nec
785 1341 1023 1396 interdiu
1059 1358 1162 1397 nec
1191 1354 1355 1397 noctu
1387 1358 1640 1398 somnum
1675 1344 1827 1398 videt
1864 1345 2057 1399 oculus

480 1432 620 1499 ejus.
650 1440 708 1485 et
736 1433 917 1486 omnis
945 1431 1057 1485 vita
1083 1433 1137 1485 in
1163 1432 1539 1488 sollicitudine
1570 1442 1692 1499 est;
1722 1433 2055 1503 principium

480 1524 628 1578 enim
663 1525 932 1579 malorum
970 1526 1088 1595 ipsa
1155 1526 1437 1581 distractio
1467 1537 1555 1582 est
1585 1529 1651 1580 ⁷⁸.
1700 1547 1717 1580 ι
1762 1528 2056 1597 Perspicue

479 1616 782 1671 admodum
832 1616 1033 1670 divina:
1088 1617 1294 1673 docent
1350 1618 1551 1674 littera:
1580 1628 1638 1672 et
1666 1619 1969 1673 rationibus
2000 1628 2055 1673 et

478 1709 744 1779 exemplis
802 1709 1073 1779 ejusmodi
1108 1696 1551 1778 occupationem,
1591 1711 1760 1764 vitam
1792 1726 1914 1765 esse
1952 1710 2055 1763 im-

478 1803 698 1869 piorum
748 1808 805 1854 et
854 1809 1206 1869 peccatorum
1250 1800 1558 1856 hominum.
1587 1799 1789 1855 Omnes
1829 1801 2052 1869 quidem

482 1892 626 1946 lianc
653 1892 826 1945 vitare
856 1891 1127 1947 debemus
1151 1908 1166 1957 ;
1200 1908 1315 1960 prae
1343 1892 1558 1946 caneris
1585 1900 1770 1946 autem
1793 1892 2050 1957 maxime,

480 2002 581 2040 nos
593 1987 684 2055 qui
703 1985 1085 2055 quadantenus
1109 1986 1314 2041 mundo
1334 1988 1462 2041 huic
1484 1987 1867 2049 valediximus,
1885 1994 1940 2040 et
1957 2002 2055 2040 an-

477 2080 707 2144 gelicam
756 2078 925 2132 vitam
982 2078 1224 2132 ultronei
1268 2077 1614 2147 suscepimus
1664 2076 2048 2131 exercendam.

485 2169 695 2239 105.7
716 2169 859 2225 Sane
880 2170 1039 2239 quies
1061 2170 1238 2224 libera
1262 2177 1320 2223 et
1333 2183 1530 2238 expers
1549 2168 1751 2238 negotii
1774 2167 2055 2222 saecularis

479 2258 653 2311 multo
713 2267 799 2313 est
848 2258 1052 2313 clarior
1101 2266 1266 2328 atque
1317 2257 1586 2312 illustrior
1615 2257 1906 2327 splendore
1948 2256 2052 2311 isto

478 2350 722 2404 nominis
776 2349 871 2417 qui
920 2358 1147 2417 paratur
1196 2348 1473 2402 obeundis
1519 2348 1708 2402 mundi
1762 2347 2049 2414 negotiis;

478 2441 563 2493 vel
606 2447 744 2495 teste
793 2454 919 2495 cum
963 2439 1158 2509 primis
1203 2440 1508 2509 Apostolo:
1546 2459 1563 2489 ι
1606 2440 1778 2493 Nemo
1809 2440 2053 2495 militans

479 2531 794 2598 implicatur
820 2530 947 2586 vitae
972 2531 1133 2600 huius
1159 2532 1414 2602 negotiis,
1442 2538 1505 2584 ut
1532 2532 1582 2585 ei
1622 2532 1836 2602 placeat
1877 2532 1964 2587 cui
1990 2547 2051 2586 se

477 2619 729 2688 probavit
751 2621 817 2674 ".
849 2639 867 2670 ι
898 2620 1110 2675 Rursus
1137 2638 1151 2674 :
1182 2639 1201 2671 ι
1245 2619 1315 2676 Ut
1347 2621 1591 2691 quietam
1615 2630 1672 2676 et
1697 2622 2073 2692 tranquillam-

477 2711 644 2765 vitam
665 2727 891 2780 agamus
910 2710 967 2766 in
993 2713 1144 2766 omni
1179 2713 1386 2781 pietate
1415 2722 1472 2768 et
1500 2713 1754 2768 castitate
1789 2714 1856 2767 ⁷⁸.
1895 2731 1914 2764 ι
1954 2711 2051 2768 His

476 2811 872 2865 consentanea,
900 2802 1047 2857 votis
1097 2804 1356 2858 omnibus
1412 2803 1758 2873 expetendus
1785 2803 2051 2859 Dominus

477 2906 579 2944 nos
617 2907 715 2960 per
745 2892 1011 2947 Martbam
1036 2892 1255 2956 edocet,
1290 2893 1482 2948 dicens
1502 2893 1681 2948 eidem
1714 2911 1728 2947 :
1758 2912 1776 2944 ι
1814 2893 2046 2958 Martha,

477 2978 707 3043 Martha,
733 2982 970 3038 sollicita
1017 2998 1078 3037 es
1119 2991 1175 3037 et
1208 2984 1447 3041 turbaris
1489 2984 1634 3039 circa
1665 2985 1857 3039 multa.
1880 2985 2050 3041 Porro
2098 2988 2099 2991 “

2160 521 2361 576 ἔδωκεν
2439 523 2667 591 σοῳίαν,
2730 524 2822 577 καὶ
2894 524 3116 589 γνῶσιν,
3172 525 3270 579 καὶ
3357 526 3734 600 εὐφροσύνην·

2160 614 2254 667 καὶ
2310 613 2387 682 τῷ
2441 614 2808 683 ἁμαρτάνοντι
2900 614 3105 668 ἔδωκεν
3168 620 3556 688 περισπασμὸν
3632 620 3737 692 (τὸ

2159 702 2269 771 γὰρ
2296 702 2539 766 ἔδωκεν,
2566 704 2688 759 ἀντὶ
2733 703 2831 756 τοῦ
2875 704 3313 775 συνεχώρησεν
3332 746 3348 770 ,
3377 710 3632 778 νοητέον,
3665 714 3734 781 τῇ

2158 796 2603 865 αὐτεξουσιότητι
2675 795 2772 848 τοῦ
2845 794 3179 867 ἀνθρώπου),
3230 796 3325 850 τοῦ
3391 801 3733 868 προσθεῖναι.

2158 888 2251 940 καὶ
2277 889 2368 940 τοῦ
2403 891 2762 956 συναγαγεῖνο
2793 889 2874 942 ὅτι
2911 890 3005 943 καί
3034 906 3097 956 γε
3119 888 3277 942 τοῦτο
3315 892 3634 961 ματαιότηςο
3664 895 3734 946 τά

2159 981 2334 1032 πάντα
2365 979 2583 1045 ἐγένετο
2611 979 2719 1032 άπδ
2745 979 2841 1032 τοῦ
2869 980 3013 1049 χοὸς,
3050 980 3145 1033 καὶ
3183 979 3253 1032 τὰ
3277 982 3457 1035 πάντα
3486 985 3730 1060 ἐστράφη

2158 1070 2251 1123 ἐπὶ
2298 1070 2395 1122 τὸν
2442 1070 2595 1139 χοῦν.
2628 1089 2646 1121 ι
2690 1072 2800 1123 Καὶ
2851 1072 3052 1137 ἐπάγει
3080 1087 3094 1101 ·
3130 1088 3151 1122 ι
3194 1072 3430 1139 ’Δγαθὸν
3457 1075 3734 1145 πλήρωμα

2155 1158 2352 1226 δρακδς
2404 1159 2796 1225 ἀναπαύσεως,
2830 1161 2968 1233 ὑπὲρ
3036 1163 3337 1232 πλήρωμα
3368 1163 3460 1219 δύο
3514 1165 3732 1235 δρακῶν

2161 1249 2361 1318 μόχθου
2400 1265 2414 1280 ’
2459 1268 2478 1299 ι
2514 1250 2608 1309 καὶ
2648 1246 2826 1314 αὖθις,
2856 1253 2881 1302 ἰ
2934 1252 3020 1305 Ἑν
3058 1246 3139 1313 οἷς
3173 1253 3353 1306 ἔδωκα
3378 1255 3476 1324 τὴν
3502 1257 3731 1325 καρδίαν

2158 1357 2284 1406 μου,
2314 1338 2407 1413 τοῦ
2440 1340 2644 1406 γνῶναι
2666 1341 2764 1410 τὴν
2785 1342 3059 1411 ἁμαρτίαν
3086 1360 3208 1412 μου,
3236 1346 3449 1399 καὶτοῦ
3482 1347 3609 1400 ίδείν
3638 1349 3730 1400 τὸν

2156 1428 2541 1499 περισπασμδν
2586 1431 2696 1483 τῶν
2758 1433 3147 1502 πεποιημένων
3191 1436 3287 1487 ἐπὶ
3328 1435 3429 1505 τῆς
3467 1437 3571 1506 γῆς
3599 1454 3613 1467 ’
3643 1439 3728 1490 ὅτι

2158 1528 2256 1580 καὶ
2294 1528 2353 1579 ὲν
2392 1527 2574 1600 ἡμέρα
2610 1531 2708 1583 καὶ
2756 1530 2814 1581 ἐν
2848 1530 3002 1583 νυκτὶ
3040 1528 3206 1584 ὕπνον
3235 1531 3512 1600 ὀφθαλμδς
3560 1533 3725 1585 αὐτοῦ

2154 1617 2261 1670 οὐκ
2282 1618 2430 1670 ἔστιν
2460 1619 2675 1687 βλέπων
2709 1636 2723 1650 ·
2756 1621 2852 1673 καὶ
2887 1621 2994 1682 πᾶς
3021 1622 3048 1672 ὁ
3081 1620 3196 1688 βίος
3224 1621 3458 1684 ἀσεϐοῦς
3483 1626 3540 1675 ὲν
3573 1639 3725 1690 φρον-

2153 1709 2257 1762 τίδι
2284 1727 2297 1740 ο
2330 1712 2426 1762 καὶ
2470 1712 2580 1781 γὰρ
2625 1711 2767 1782 ἀρχὴ
2813 1713 2997 1767 κακῶν
3040 1712 3069 1763 ὁ
3110 1714 3517 1783 περισπασμός.
3558 1732 3578 1763 ι
3614 1714 3722 1782 Τῆς

2156 1798 2306 1861 θείας
2335 1800 2556 1869 Γραφῆς
2577 1800 2843 1870 άριδὴλως
2876 1799 3234 1869 ὑποδειξάσης
3261 1804 3391 1872 ἡμίν
3448 1803 3542 1854 τὸν
3568 1819 3725 1871 περι-

2155 1889 2406 1955 σπασμὸν
2458 1887 2571 1958 βίον
2605 1884 2742 1942 εἶναι
2786 1889 3019 1946 ἀσεϐῶν.
3052 1890 3337 1959 ὀφείλομεν
3374 1891 3563 1943 τοῦτον
3589 1893 3721 1943 dm-

2154 1979 2347 2049 δρᾶσαι
2380 1996 2393 2011 ·
2437 1981 2728 2051 ἐξαιρέτως
2784 1980 2837 2032 δὲ
2881 1983 3044 2049 ἡμεῖς
3098 1982 3146 2033 oi
3198 1982 3276 2051 τῷ
3323 1983 3513 2051 κόσμῳ
3560 1982 3723 2050 δῆθεν

2154 2071 2575 2140 ἀποταξάμενοι,
2611 2071 2823 2125 καὶτὸν
2870 2073 3161 2140 ἀγγελικὸν
3207 2072 3321 2143 βίον
3369 2075 3724 2149 ἐπανῃρημέ-

2153 2176 2255 2213 νοι.
2300 2162 2638 2230 Ἀπράγμων
2665 2161 2773 2232 γάρ
2796 2162 3015 2232 ἡσυχία,
3049 2163 3150 2230 τῆς
3185 2165 3243 2215 ὲν
3273 2165 3594 2233 πράγμασιν
3622 2182 3721 2217 πε-

2158 2252 2439 2322 ριφανείας
2484 2253 2816 2321 τιμιωτέραο
2853 2253 3091 2323 μάλιστα
3141 2252 3237 2306 τοῦ
3292 2254 3616 2307 ’Λποστόλου
3636 2255 3724 2307 λέ-

2153 2358 2366 2410 γοντοςο
2406 2364 2424 2393 ι
2457 2344 2645 2407 Οὐδεὶς
2677 2345 3109 2414 στρατευόμενος
3130 2345 3461 2414 ἐμπλέκεται
3487 2350 3607 2408 ταῖς
3627 2346 3721 2400 τοῦ

2155 2433 2270 2504 βίου
2303 2435 2727 2505 πραγματείαις,
2753 2435 2841 2489 ἵνα
2861 2435 2937 2504 τῷ
2963 2436 3458 2507 στρατολογήσαντι
3478 2438 3668 2508 ἀρέσῃ.
3694 2457 3715 2488 ι

2153 2524 2264 2577 Καὶ
2287 2524 2468 2577 πάλιν*
2503 2541 2522 2574 ι
2559 2523 2657 2576 Ἴν’
2685 2525 2892 2594 ἡρεμον
2937 2526 3029 2577 καὶ
3053 2523 3278 2594 ἡσύχιον
3312 2524 3427 2594 βίον
3446 2525 3723 2594 διάγωμεν

2151 2612 2210 2664 ὲν
2238 2612 2384 2684 πάσῃ
2415 2612 2668 2682 εὐσεϐείᾳ
2700 2614 2791 2665 καὶ
2828 2612 3141 2683 σεμνότητι.
3182 2631 3200 2664 ι
3236 2613 3319 2665 Τὰ
3358 2613 3500 2666 αὐτὰ
3540 2614 3599 2666 δὲ
3627 2614 3721 2667 καὶ

2148 2704 2179 2756 ὁ
2207 2702 2578 2771 πολυπόθητος
2609 2701 2814 2773 Κύριος
2838 2704 2987 2772 ἡμᾶς
3015 2701 3104 2755 διά
3130 2705 3227 2773 τῆς
3261 2702 3495 2775 Μάρθας
3515 2703 3721 2757 ἐκδιδά-

2152 2813 2300 2859 σκει,
2348 2796 2525 2863 λέγων
2559 2796 2699 2867 πρὸς
2754 2795 2949 2856 αὑτήν
2980 2813 2998 2846 ι
3040 2795 3264 2866 Μάρθα,
3296 2794 3521 2865 Μάρθα,
3569 2813 3723 2867 μερι-

2153 2888 2290 2957 μνᾷς
2345 2887 2441 2940 καὶ
2488 2884 2738 2959 τυρσάξῃ
2813 2886 2942 2955 περὶ
3016 2886 3223 2940 σιτολλά⁸
3287 2887 3405 2950 ἑνὸς
3451 2884 3511 2939 δέ
3572 2890 3720 2940 ἐστιν

2150 2976 2332 3046 χρεία.
2369 2996 2388 3028 ι
2427 2978 2619 3047 Μαρία
2645 2978 2752 3047 γὰρ
2796 2977 2896 3048 τὴν
2940 2976 3152 3049 ἀγαθὴν
3181 2978 3373 3057 μερίδα
3417 2976 3719 3042 ἐξελέξατο.

481 3084 648 3123 ιιιιιιιιι
677 3078 760 3125 est
782 3074 1154 3128 necessarium
1175 3075 1237 3145 ⁷ο.
1264 3094 1282 3123 ›
1303 3073 1680 3130 Consimiliter
1705 3090 1801 3144 per
1824 3076 2030 3144 parabo

2164 3065 2396 3136 Ὁμοίως
2420 3066 2476 3121 δὲ
2507 3066 2600 3119 καὶ
2634 3065 2731 3125 διάΔ
2752 3066 2851 3135 τῆς
2878 3066 3198 3136 παραϐολῆς
3231 3066 3326 3120 τοῦ
3380 3067 3717 3135 σπείροντος,

479 3159 584 3212 lam
605 3158 673 3214 de
696 3161 1058 3216 eoinductam
1076 3165 1172 3231 qui
1198 3165 1453 3221 seminat.
1471 3164 1694 3233 quando
1709 3165 1862 3226 dicit.
1884 3165 2052 3234 quod-

478 3250 602 3302 dam
634 3251 854 3320 quidem
887 3252 1152 3308 cecidisse
1178 3256 1319 3308 inter
1348 3256 1560 3323 spinas;
1593 3270 1715 3323 qua:
1742 3255 1831 3309 ubi
1858 3270 2050 3310 ascen-

478 3340 700 3404 derunt,
726 3341 1131 3398 suffocaverunt
1159 3345 1288 3398 illud
1313 3345 1357 3376 “
1379 3362 1391 3397 :
1417 3361 1514 3415 per
1540 3344 2047 3414 interpretationem

479 3431 642 3486 infert
679 3450 692 3485 :
726 3433 818 3487 lllc
840 3444 919 3489 est
948 3436 1040 3504 qui
1062 3436 1290 3490 verbum
1320 3436 1541 3505 quidem
1565 3436 1738 3499 audit,
1767 3437 1860 3492 sed
1898 3437 2051 3493 solli-

478 3523 665 3576 eitudo
699 3525 884 3578 saeculi
914 3526 1078 3595 hujus
1105 3541 1168 3582 ac
1196 3528 1448 3597 deceptio
1484 3528 1800 3583 divitiarum
1841 3529 2050 3598 praefo-

480 3623 607 3668 cant
626 3614 875 3678 verbum,
897 3629 998 3669 nec
1022 3616 1318 3671 fructificat
1346 3638 1358 3670 :
1386 3617 1530 3685 quod
1552 3627 1735 3671 autem
1764 3617 1816 3671 in
1846 3627 2046 3673 terram

481 3703 678 3758 bonam
712 3705 1037 3759 seminatum
1071 3715 1173 3763 est.
1208 3707 1263 3762 hi
1297 3716 1426 3762 sunt
1448 3708 1541 3776 qui
1564 3708 1796 3762 audiunt
1818 3709 2046 3764 verbum

478 3793 643 3847 corde
679 3793 843 3857 bono,
878 3794 983 3848 hoc
1013 3803 1097 3851 est
1122 3797 1370 3864 requiete
1406 3804 1462 3851 et
1505 3797 1818 3866 tranquillo,
1849 3806 1905 3851 et
1956 3797 2045 3852 isti

479 3883 715 3938 fructum
773 3885 1020 3941 referunt
1076 3887 1209 3951 Deo,
1265 3888 1354 3943 illc
1413 3889 1632 3958 quidem
1684 3890 2043 3958 trigesimum,

477 3977 615 4028 alter
642 3985 824 4028 autem
862 3978 1279 4045 sexagesimum,
1315 3978 1455 4033 alius
1494 3996 1625 4033 vero
1663 3981 2043 4039 centesimum.

479 4066 583 4134 Ipsi
609 4066 780 4136 gloria
811 4067 864 4120 in
893 4069 1084 4122 swcula
1114 4070 1456 4127 saeculorum.
1491 4069 1681 4124 Amen.

1046 4175 1327 4235 llOBllLlA
1377 4177 1489 4233 XV.

547 4286 700 4349 Quod
744 4287 828 4340 hic
859 4288 1081 4342 mundus
1114 4275 1419 4359 neutiquam
1444 4290 1617 4342 venint
1656 4289 1972 4362 diligendus.

548 4398 802 4470 Viri,qui
858 4400 980 4470 igne
1033 4401 1317 4456 charitatis
1371 4402 1425 4457 in
1472 4402 1749 4459 Christum
1804 4406 2043 4471 accensi,
2078 4414 2123 4472 ι)

479 4498 735 4557 parentes
771 4490 1117 4560 reliquimus,
1157 4491 1317 4558 filios,
1343 4492 1563 4557 fratres,
1600 4494 1838 4564 denique
1866 4498 2049 4553 omnia

477 4595 601 4647 qua:
638 4580 797 4635 istius
814 4591 942 4637 sunt
974 4583 1157 4637 saeculi
1188 4584 1339 4638 velut
1360 4591 1604 4641 stercora
1637 4589 2048 4652 estimavimus,

480 4678 542 4722 ut
576 4668 791 4724 tandem
823 4669 1104 4725 Christum
1133 4687 1550 4740 promereamur
1573 4676 1895 4732 lucrifacere
1922 4692 2049 4741 :ne,

479 4774 666 4826 qureso
693 4799 706 4821 ,
738 4760 955 4814 inanem
991 4777 1333 4832 aucupemur
1354 4764 1444 4820 hic
1469 4765 1696 4835 gloriam
1718 4809 1732 4831 ,
1760 4783 1833 4831 ne
1862 4783 2050 4825 curam

478 4846 659 4901 carnis
706 4847 1015 4914 fecerimus,
1048 4868 1148 4906 nec
1207 4855 1540 4923 temporaria
1586 4857 1701 4913 hzee
1734 4867 1790 4912 et
1815 4859 2052 4917 obnoxia

479 4952 509 4989 e
532 4938 805 5008 )l‘l‘llplCliP
830 4948 1114 5010 tantopere
1144 4943 1482 5006 deamcmus.
1525 4962 1595 5000 ne
1636 4947 1692 5001 in
1724 4956 1869 5002 terra
1895 4948 2053 5003 defo-

482 5026 702 5081 diamus
734 5028 1000 5082 talentum
1033 5030 1194 5084 nobis
1226 5033 1627 5095 concreditum,
1652 5051 1790 5090 neve
1828 5037 1918 5091 hic
1962 5053 2057 5107 pa-

481 5119 640 5173 triam
662 5121 917 5189 inquilini
940 5138 1271 5192 quzeramus,
1294 5128 1465 5196 magis
1488 5143 1618 5182 vero
1641 5128 1881 5182 futuram
1902 5129 2047 5183 illam

484 5218 600 5263 toto
637 5227 1018 5280 perquiramus
1065 5222 1325 5284 pectore;
1360 5226 1468 5271 tota
1513 5218 1681 5271 animi
1716 5219 2048 5289 cogitatione

483 5301 848 5369 suspiciamus
876 5302 1067 5357 beatos
1093 5304 1218 5358 illos
1244 5306 1434 5360 mundi
1463 5306 1683 5377 quidem
1714 5324 1777 5361 ex
1808 5309 2052 5377 professo

484 5409 690 5457 osores,
744 5409 920 5462 eoque
967 5404 1241 5450 amatores
1275 5398 1392 5451 Dei.
1425 5397 1552 5452 Illos
1597 5398 1929 5461 iutueanmr,
1959 5400 2051 5468 qui

487 5496 721 5538 mentem
777 5502 1045 5556 nusquam
1103 5487 1211 5540 alio
1270 5491 1610 5544 cvariantcm
1651 5490 1706 5544 iu
1735 5498 1937 5544 aeterna
1962 5491 2052 5546 illa

557 5635 604 5665 ⁷³
636 5637 815 5691 Ecele.
863 5655 921 5698 It,
945 5640 1033 5692 26.
1111 5642 1155 5671 ⁷³
1190 5642 1367 5694 Eat-le.
1403 5659 1481 5703 ιιι,
1521 5644 1610 5698 ‘20.

492 5702 533 5733 ⁷³
571 5704 705 5759 Luc.
737 5723 788 5769 Χ,
828 5708 907 5771 Η,
952 5710 1037 5763 i2.
1111 5711 1156 5740 ⁸ο
1194 5712 1382 5765 Matth.
1428 5731 1543 5776 xm,
1585 5716 1688 5767 ί-οδ.

1690 5647 1733 5677 ⁷⁵
1758 5646 1934 5699 Ερςῗρ.
1963 5656 2035 5707 ιν,
2057 5643 2110 5696 (ἱ.

2148 3158 2209 3209 ὲν
2242 3157 2319 3226 τῷ
2341 3157 2540 3223 λέγειν·
2576 3176 2595 3208 ι
2622 3156 2687 3210 Ἀ
2717 3158 2816 3225 μὲν
2850 3156 3045 3209 ἔπεσεν
3073 3158 3165 3231 επὶ
3195 3158 3293 3220 τὰς
3330 3158 3596 3220 ἀκάνθας,
3627 3159 3721 3210 καὶ

2149 3248 2419 3316 ἀνέδησαν
2446 3249 2500 3300 at
2527 3248 2780 3312 ἄκανθαι,
2812 3248 2905 3301 καὶ
2935 3248 3241 3313 ἀπέπνιξαν
3269 3248 3431 3301 αὐτά.
3454 3268 3473 3300 ι
3497 3251 3606 3301 Καὶ
3627 3252 3719 3318 ἑρ-

2152 3337 2399 3408 μηνεύων
2451 3337 2781 3408 ἐπιφέρει,ι
2816 3330 2985 3400 Οὗτός
3034 3338 3188 3390 ἐστιν
3219 3339 3247 3391 6
3298 3338 3389 3391 τὸν
3420 3337 3579 3406 λόγον
3620 3355 3720 3408 μου

2148 3428 2384 3503 ἀκούων,
2425 3428 2575 3497 καὶὴ
2614 3426 2854 3497 μέριμνα
2889 3426 2982 3481 τοῦ
3013 3426 3245 3480 πλούτου
3295 3429 3598 3497 συμπνίγει
3625 3429 3721 3480 τὸν

2148 3517 2327 3587 λόγον,
2354 3518 2450 3570 καὶ
2474 3516 2723 3585 ἄκαρπος
2752 3518 2981 3584 γίνεται.
3002 3517 3059 3570 '0
3085 3518 3141 3570 δὲ
3170 3518 3258 3570 ἐπὶ
3287 3519 3384 3588 τὴν
3423 3518 3592 3587 καλὴν
3615 3521 3716 3586 γῆν

2148 3610 2401 3675 σπαρεὶς,
2446 3600 2591 3661 οὗτοί
2629 3610 2764 3661 εἰσιν
2808 3610 2858 3660 οί
2892 3608 2983 3662 τὴν
3015 3608 3173 3675 λόγον
3222 3626 3322 3675 μου
3374 3609 3665 3673 ἀκούοντες
3694 3627 3716 3660 ι

2147 3701 2203 3752 ὲν
2236 3698 2434 3769 καρδία
2466 3698 2667 3770 ἀγαθῇ.
2700 3701 2979 3753 τουτέστιν
3013 3701 3070 3752 ὲν
3103 3699 3304 3770 ἡσυχίᾳ.
3339 3701 3432 3752 καὶ
3460 3700 3675 3770 γαλήνῃ
3700 3741 3716 3764 ,
3772 3714 3777 3718 ‘

2152 3808 2172 3840 ι
2222 3790 2315 3843 καὶ
2358 3788 2799 3859 καρποφοροῦσιν
2829 3789 2907 3858 τῷ
2954 3789 3092 3858 Θεῷ,
3122 3792 3150 3842 ὁ
3184 3790 3281 3858 μὲν
3336 3789 3652 3858 τριάκοντα,
3688 3792 3721 3841 ὁ

2144 3879 2199 3933 δὲ
2236 3879 2428 3935 ἑκατόν
2459 3877 2641 3949 »Δὺτῷ
2693 3880 2726 3949 ἡ
2769 3879 2897 3943 δόξα
2937 3881 3017 3943 εἰς
3047 3880 3173 3944 τοὺς
3218 3880 3420 3943 αἰῶνας
3446 3880 3557 3934 τῶν
3587 3879 3720 3935 αἰώ-

2144 3986 2265 4023 νων.
2317 3969 2374 4021 Ἀ
2383 3970 2512 4040 μὴν.
2583 4001 2593 4027 .

2740 4164 2958 4220 ΛΟΓΟΣ
3016 4166 3114 4220 lE'.
3212 4172 3217 4177 ’

2375 4279 2515 4349 Περὶ
2554 4280 2660 4335 τοῦ
2686 4279 2771 4349 μὴ
2801 4278 3044 4350 ἀγαπᾷν
3078 4278 3191 4332 τὸν
3214 4279 3467 4347 κόσμον.

2225 4394 2474 4465 Ἄνδρες,
2498 4395 2548 4453 οἱ
2578 4392 2669 4448 διὰ
2697 4393 2794 4464 τὴν
2825 4395 2903 4455 εἰς
2943 4391 3175 4462 Χριστὸν
3204 4392 3426 4461 ἀγάπην
3469 4392 3721 4445 καταλεί-

2148 4485 2347 4555 ψαντες
2381 4488 2576 4554 γονεῖς.
2605 4487 2699 4539 καὶ
2736 4486 2921 4548 τέκνα,
2952 4484 3045 4537 καὶ
3076 4483 3371 4552 ἀδελφοὺς,
3408 4486 3503 4537 καὶ
3542 4485 3720 4538 πάντα

2152 4578 2219 4631 τά
2273 4575 2367 4630 τοῦ
2424 4577 2618 4640 αἰῶνος
2669 4576 2861 4639 τούτου
2920 4573 3162 4629 σκύϐαλα
3219 4576 3558 4645 ἡγησάμενοι
3585 4615 3599 4632 .
3636 4574 3721 4627 ίνα

2151 4667 2385 4738 Χριστὸν
2416 4667 2790 4736 κερδήσωμεν,
2813 4666 2888 4735 μὴ
2923 4664 3157 4719 ἐνταῦθα
3185 4666 3518 4735 ζητήσωμεν
3538 4666 3716 4731 δόξαν,

2155 4758 2230 4830 μὴ
2272 4758 2472 4827 σαρκὸς
2529 4757 2784 4827 πρόνοιαν
2836 4757 3225 4828 ἐργασώμεθά,
3280 4757 3359 4827 μὴ
3410 4759 3720 4827 πρόσκαιρα

2156 4850 2248 4901 καὶ
2287 4847 2500 4919 φθαρτὰ
2545 4846 3488 4917 ἀγαπήσωμεν,“μὴ.κατορύξωμεν
3516 4850 3595 4909 εἰς
3625 4846 3719 4916 τὴν

2154 4941 2256 5009 γῆν
2306 4939 2373 4992 τὸ
2406 4939 2682 5002 τάλαντον,
2717 4935 2793 5006 μὴ
2840 4936 3262 5006 ὲπιζητὴσωμεν
3307 4930 3411 4990 ὦδε
3464 4937 3717 5005 πατρίδα,

2153 5031 2291 5085 ἀλλὰ
2322 5031 2420 5100 τὴν
2466 5028 2767 5101 μέλλουσαν
2809 5025 3254 5097 ὲπιξητήσωμεν.
3300 5027 3719 5096 ’Δποσὶέψωμεν

2154 5123 2208 5176 δὲ
2240 5124 2320 5185 εἰς
2342 5123 2463 5183 τοὺς
2490 5120 2852 5189 μισοκὸσμους
2876 5133 2892 5148 ’
2923 5118 3018 5171 καὶ
3064 5117 3313 5187 ὀψόμεθα
3342 5119 3563 5179 αὐτοὺς,
3594 5118 3717 5187 ὃλην

2154 5216 2252 5277 τὴν
2303 5211 2539 5265 διάνοιαν
2575 5208 2753 5263 αὐτῶν
2808 5208 3229 5278 μετοικισμένην
3283 5211 3414 5278 περὶ
3460 5208 3561 5271 τὰς
3610 5209 3720 5261 ἐκεῖ

2154 5305 2400 5366 αἰωνίους
2448 5300 2637 5371 μονάς·
2685 5319 2704 5351 ι
2747 5299 2810 5353 Οἳ
2843 5299 2936 5353 καὶ
2988 5298 3283 5369 περιῆλθον
3335 5301 3395 5351 ὲν
3445 5298 3718 5367 μηλωταῐς

2156 5399 2249 5451 καὶ
2276 5396 2497 5463 αἰγείοις
2526 5394 2812 5464 δέρμασιν,
2840 5393 3231 5464 ὑστερούμενοι
3256 5431 3273 5456 ,
3306 5392 3620 5462 θλιϐόμενοι
3643 5407 3656 5419 ·
3693 5408 3711 5442 ι

2157 5489 2243 5541 ἵνα
2271 5486 2363 5540 τοῦ
2394 5483 2728 5554 ποθουμένου
2746 5481 3086 5552 κοσμοποιοῦ
3113 5484 3608 5553 κατατρυφὴσωσι.
3633 5480 3713 5534 Διὸ

2156 5645 2200 5675 ⁷⁸
2231 5643 2403 5695 I‘chle.
2485 5655 2603 5703 \‘Ill,
2640 5640 2719 5691 ιϐ.
2797 5640 2841 5671 ⁷⁷
2870 5637 2912 5693 ΙΙ
2938 5638 3077 5693 Tim.
3130 5653 3166 5691 ll
3196 5678 3210 5702 ,
3239 5638 3295 5692 4.
3334 5642 3697 5701 τθ]Τίιη.ιι,Ξ.
