4020 6146
310 344 444 409 14ῗ3

1047 316 1408 400 ιιΟΜιιιΑ
1449 342 1658 402 XV.“
1688 339 1786 400 DE
1826 336 1981 398 NON
2023 329 2451 398 DILIGENDO
2493 320 2785 394 MUNDO.

3431 340 3565 406 1474

309 459 401 513 καὶ
434 461 599 529 1ίγμεῖς
644 459 946 527 ἀφορῶντες
986 458 1060 519 είς
1107 442 1242 513 τοὺς
1292 454 1633 526 θαυμασίους
1679 434 1877 523 ἄνδρας

1998 451 2260 507 lomicilia
2294 444 2786 517 transcripserunt,
2818 452 2913 522 qui
2938 461 2995 508 et
3036 472 3054 504 ‹
3084 454 3481 512 circumierunt
3507 461 3559 513 in

312 554 420 615 τοῖς
462 550 667 620 ἰχνεσιν
709 549 883 602 αὐτῶν
921 540 1479 619 ἑπακολονθήσωμεν,
1518 549 1657 619 πρὸς
1715 547 1880 618 μηδὲν

311 643 499 713 ἕτερον
535 641 847 710 βλέποντες,
889 639 964 712 μὴ
996 640 1130 713 πρὶς
1160 637 1325 704 δόξαν
1359 639 1730 709 ἀνθρωπίνην,
1759 638 1899 708 μηδ’·

312 733 448 794 ὅλως
470 733 540 786 τὰ
564 731 657 784 τοῦ
694 731 888 792 αἰῶνος
915 730 1252 796 τούτου,.ϊνα
1301 733 1676 801 ὲξισχύσωμεν
1714 744 1885 782 κατα·

314 821 496 877 λαϐεῖν
521 822 619 876 σὺν
639 822 825 884 αὐτοῖς
852 820 920 874 τά
951 822 1336 892 ἡτοιμασμένοι
1357 825 1470 885 τοῖς
1496 840 1515 872 ι
1551 819 1843 887 ἀγαπῶσιν
1862 836 1881 869 ι

314 915 406 968 τὸν
420 915 555 967 Θεὸν
588 913 790 981 ἀγαθά.
805 913 1074 984 Φύγωμεν
1094 910 1215 976 οὖν,
1237 915 1532 983 ἀγαπητοὶ,
1568 912 1658 964 τδν
1685 913 1889 979 κόσμον

318 1006 411 1059 καὶ
442 1005 511 1059 τὰ
562 1007 621 1059 δν
655 1003 733 1075 τῷ
764 1005 973 1075 κόσμῳ.
1011 1024 1030 1056 ι
1078 1005 1135 1058 '0
1169 1007 1278 1074 γὰρ
1326 1004 1541 1073 κόσμος
1561 1004 1682 1065 ὅλος
1720 1003 1778 1055 ὲν
1815 999 1890 1069 τῷ

320 1094 542 1168 πονηρῷ
601 1099 801 1157 κεῖται,
838 1115 857 1147 ι
894 1096 1080 1158 καθὼς
1101 1097 1130 1149 δ
1154 1095 1296 1158 θεῖος
1336 1096 1655 1163 ἀπεφήνατο
1682 1092 1838 1159 λόγος
1872 1107 1886 1122 ο

318 1187 465 1257 ψυχὴ
490 1187 600 1258 γάρ
634 1187 712 1256 μὴ
745 1187 854 1240 τῶν
879 1188 1161 1256 κοσμικῶν
1191 1186 1570 1254 ἀπαλλαγεῖσα
1593 1186 1892 1256 φροντίδων

320 1279 442 1333 οὔτε
464 1281 566 1339 ,τὸν
598 1279 732 1332 Θεὸν
761 1282 1041 1348 ἀγαπήσει
1072 1279 1313 1349 γνησίως
1331 1319 1346 1341 ,
1373 1276 1496 1330 οὕτε
1529 1278 1618 1330 τὸν
1647 1277 1892 1331 διάϐολον

324 1367 632 1436 βδελύξεται
664 1369 851 1432 ἀξίως⁶
888 1369 1152 1438 κάλυμμα
1174 1370 1284 1438 γὰρ
1317 1367 1466 1432 ἅπαξ
1495 1368 1605 1438 ἔχει
1635 1366 1892 1438 φορτικὸν

321 1461 420 1530 τὴν
466 1461 736 1531 μέριμναν
787 1459 885 1512 τοῦ
930 1459 1085 1529 βίουν
1128 1460 1253 1512 Ἐὰν
1278 1455 1373 1512 οὖν
1399 1461 1480 1521 είς
1508 1458 1622 1524 ἕξιν
1649 1457 1893 1526 ἔλθωμεν

323 1551 431 1603 τοῦ.
451 1554 811 1619 καταφρονεῖν
839 1551 948 1604 τῶν
973 1553 1033 1603 ἐν
1056 1551 1133 1620 τῷ
1158 1550 1349 1622 κόσμῳ
1378 1550 1561 1605 καλῶν
1577 1593 1588 1607 ,
1617 1549 1894 1620 δυνάμεθα

326 1642 420 1694 καὶ
467 1644 564 1711 τὴν
597 1641 777 1712 γεώδη
821 1643 920 1711 τῆς
950 1642 1126 1711 ψυχῆς
1167 1641 1348 1711 δρεξιν
1382 1644 1447 1712 τῇ
1485 1640 1675 1710 λογικῇ
1720 1640 1892 1708 αὐτῆς

328 1734 561 1802 συνάψαι
579 1734 837 1797 διαθέσει,
856 1736 955 1803 τῆς
972 1732 1258 1795 κοινωνίας
1279 1732 1372 1785 τοῦ
1397 1734 1554 1801 ἀγίου
1575 1734 1713 1785 Πνεύ
1723 1748 1891 1801 ματος

325 1825 482 1879 τοῦτο
526 1825 920 1894 οίκονομούσης
969 1826 1125 1893 ἡμῖν.
1164 1825 1226 1876 Et
1269 1823 1363 1876 οὖν
1397 1825 1491 1877 ἐπὶ
1525 1822 1680 1893 ξένης
1708 1841 1891 1877 κατοι-

328 1916 529 1985 κοῦμεν
550 1957 563 1975 .
590 1918 680 1968 καὶ
712 1918 745 1985 ή
782 1915 937 1977 πόλις
969 1913 1127 1983 ἡμῶν
1159 1915 1377 1985 μακρὰν
1423 1915 1617 1984 ἀπέχει
1649 1914 1755 1968 ἀπὸ
1797 1916 1894 1986 τῆς

330 2007 535 2068 πόλεως
582 2005 786 2073 ταύτης
813 2045 829 2069 ,
857 2006 952 2058 καὶ
983 2005 1205 2073 οίδαμεν
1241 2007 1340 2071 τὴν
1361 2006 1535 2075 γπὸλιν
1569 2007 1727 2074 ἡμῶν
1765 2009 1824 2058 ὲν

332 2096 596 2164 μέλλομεν
628 2098 932 2148 κατοικεῖν’
968 2095 1128 2157 τίείς
1153 2096 1253 2166 τὴν
1278 2097 1567 2168 ἀλλοτρίαν
1612 2099 1898 2168 ἑτοιμάζο-

333 2205 432 2255 μεν
466 2188 675 2253 ἀγροὺς
720 2186 819 2239 καὶ
858 2185 1145 2254 οἰκοδομὰς
1195 2189 1295 2241 καὶ
1338 2189 1614 2257 οἰκήματα
1668 2190 1895 2258 μάταια,

330 2279 417 2329 καὶ
438 2277 771 2345 παρατάξεις
806 2277 1156 2343 πολυτελεῖςς
1195 2279 1380 2331 Ταῦτα
1416 2275 1513 2333 οὖν
1535 2283 1564 2334 ὁ
1591 2281 1899 2350 ὲτοιμάζων

330 2370 410 2430 εἰς
465 2368 751 2437 ἀλλοτρίαν
797 2367 1152 2438 πόλινιδῆλός
1196 2371 1365 2433 ἐστιν,
1392 2370 1477 2423 ὅτι
1519 2371 1579 2423 οὐ
1626 2371 1900 2441 προσδοκᾷ

331 2455 728 2523 ὲπανακάμψαι
754 2458 834 2517 εἰς
861 2456 961 2527 τὴν
992 2456 1132 2510 ἰδίαν
1170 2457 1346 2522 πόλιν,
1376 2459 1654 2512 τουτέστιν
1688 2463 1768 2521 είς
1799 2460 1898 2529 τὴν

330 2548 445 2601 ἀνω
487 2546 866 2615 Ἰερουσαλήμ.
917 2547 976 2599 '0
1009 2547 1118 2615 γὰρ
1145 2547 1401 2617 λογισμός
1438 2543 1618 2612 οὗτος,
1649 2550 1899 2618 ἀφρόνων

336 2638 428 2689 καὶ
444 2635 685 2705 διψύχων
704 2638 799 2689 καὶ
814 2634 1175 2706 ταλαιπώρων
1193 2635 1289 2688 ἀνθ
1299 2638 1494 2706 ρώπων
1519 2639 1688 2691 ἐστίν.
1702 2641 1777 2692 Οὐ
1794 2641 1900 2711 γὰρ

284 2792 286 2794 τ
337 2729 509 2781 συνίει
534 2729 617 2779 ὅτι
639 2727 813 2779 ταῦτα
841 2726 1021 2781 πάντα
1044 2727 1302 2797 ἀλλότρια
1337 2730 1462 2793 είσι,
1496 2732 1589 2791 καὶ
1623 2731 1729 2783 ὑπὸ
1749 2731 1904 2796 ἐξου-

270 2872 279 2879 ,
335 2819 453 2880 σίας
482 2819 671 2885 ἑτέρου
703 2818 811 2869 eici.
832 2856 846 2878 ,
883 2817 1133 2887 τουτέστι
1157 2817 1254 2871 τοῦ
1293 2819 1672 2889 ἄρχοντας’τοῦ
1706 2821 1903 2886 αίῶνος

332 2911 543 2963 τούτου.
574 2909 690 2961 Οὐκ
709 2903 801 2961 οὖν
822 2906 1112 2976 ὀφείλομεν
1129 2907 1204 2969 ὡς
1232 2910 1324 2962 ἐπὶ
1339 2906 1496 2979 ξένης
1518 2910 1903 2976 κατοικοῦντες

336 3002 501 3070 μηδὲν
523 3000 681 3054 πλέον
696 2999 1013 3069 ἑτοιμάζειν
1033 2999 1267 3065 ἑαυτοῖς,
1280 3001 1331 3052 εί
1357 3000 1432 3069 μὴ
1449 3001 1549 3070 τὴν
1569 3002 1903 3073 αὐτάρκειαν

1983 545 2222 611 melotis,
2251 545 2306 599 in
2340 542 2581 614 pellibus
2607 543 2881 611 caprinis,
2913 556 3157 616 egentes.
3190 546 3377 603 afﬂicti
3409 549 3451 581 ⁶¹
3487 567 3500 604 :
3536 572 3554 601 ι

1985 646 2045 689 ut
2075 636 2160 690 vel
2202 637 2600 691 deliciarentur
2632 648 2803 705 seque
2831 634 3174 692 oblectarent
3212 641 3559 710 contempla-

1986 728 2137 783 tione
2166 729 2357 783 mundi
2393 729 2555 783 istius
2584 728 2819 798 opiﬁcis,
2848 729 2982 782 nulli
3015 745 3125 783 non
3154 731 3246 799 pio
3281 733 3423 786 votis
3443 748 3561 787 om-

1986 819 2151 874 nibus
2181 820 2496 889 expetendi,
2528 837 2706 890 eoque
2736 828 2790 875 et
2824 837 2923 876 nos
2956 821 3008 874 in
3036 822 3389 879 admirabiles
3413 826 3559 882 viros
3600 880 3611 895 ,

1987 910 2165 964 oculis
2188 910 2361 963 animi
2389 910 2606 975 defixis,
2641 922 2789 967 recta
2836 912 3053 968 illorum
3086 913 3332 983 vestigiis
3377 918 3529 987 ingre

1988 1000 2226 1065 diamur,
2253 1002 2309 1055 in
2341 1004 2547 1057 nullam
2576 1021 2805 1074 prorsus
2834 1022 2949 1061 rem
2991 1007 3152 1060 aliam
3181 1008 3377 1060 attenti
3405 1024 3418 1070 ;
3451 1023 3559 1062 non

1990 1091 2058 1145 ad
2113 1091 2401 1165 hominum
2439 1091 2508 1147 de
2552 1093 2714 1147 nobis
2760 1094 3213 1153 aestimationem.
3246 1109 3355 1147 non
3410 1093 3561 1148 aliud

1991 1179 2125 1249 item
2180 1182 2404 1251 quidvis
2453 1192 2830 1252 respectantes
2876 1184 3059 1238 saeculi
3097 1184 3260 1238 istius
3292 1202 3307 1237 :
3340 1192 3399 1237 ut
3435 1199 3561 1238 cum

1992 1273 2127 1343 ipsis
2184 1275 2459 1343 possimus
2500 1275 2798 1343 aliquando
2848 1275 3007 1329 bonis
3040 1274 3150 1329 illis
3196 1275 3405 1345 perfrui
3442 1282 3563 1345 qua);

1994 1371 2183 1432 parata
2221 1348 2381 1423 sunt
2417 1384 2435 1415 ι
2477 1364 2814 1435 diligentibus
2864 1383 2884 1417 δ
2937 1364 3108 1420 Deum
3138 1366 3203 1415 δ’.
3269 1364 3568 1435 Fugiamus

1996 1452 2179 1519 itaque
2233 1453 2499 1506 mundum
2531 1452 3016 1523 (charissimi)et
3058 1455 3190 1524 qua:
3245 1454 3299 1507 in
3361 1454 3566 1527 mundo

1994 1550 2161 1594 sunt:
2208 1562 2223 1591 ι
2256 1541 2491 1596 Mundus
2533 1542 2681 1597 enim
2708 1542 2800 1596 hic
2828 1551 2974 1597 totus
3007 1544 3060 1596 in
3091 1544 3331 1613 maligno
3351 1544 3567 1614 positus

1994 1642 2080 1686 est
2102 1632 2169 1695 ⁸⁸,
2203 1651 2222 1683 ι
2263 1641 2431 1701 prout
2465 1634 2686 1688 divinus
2721 1635 3112 1702 praenuntiavit
3140 1651 3341 1689 sermo.
3369 1637 3563 1690 Anima

1996 1721 2145 1774 enim
2177 1734 2298 1790 qua:
2323 1722 2568 1776 nondum
2597 1738 2657 1777 se
2686 1723 2978 1778 extricavit
3022 1725 3211 1779 mundi
3243 1726 3403 1780 istius
3441 1741 3566 1795 pcr-

1996 1811 2170 1881 plexis
2210 1816 2360 1866 curis
2378 1824 2397 1874 ,'
2417 1823 2474 1867 et
2502 1813 2733 1867 liberam
2776 1813 3017 1869 reddidit
3053 1832 3064 1867 :
3095 1815 3266 1869 Deum
3308 1832 3567 1882 germane

1996 1918 2060 1957 ac
2086 1904 2378 1958 sinceriter
2407 1921 2516 1959 non
2548 1913 2732 1975 potest
2760 1905 3014 1975 diligere,
3044 1906 3140 1959 sed
3165 1922 3346 1976 neque
3374 1908 3570 1960 diabo-

1998 1995 2111 2048 lum
2173 2003 2348 2064 prout.
2385 2007 2654 2061 meretur,
2708 1998 2893 2052 odisse
2951 2007 3008 2051 et
3058 1994 3358 2052 cx3rcrari.
3410 1999 3564 2061 Esto,

1998 2087 2241 2140 colorem
2296 2096 2596 2156 praetexere
2631 2088 3071 2159 qualemcunque
3102 2091 3275 2159 possit
3309 2091 3566 2144 tetricum

1997 2187 2053 2232 et
2107 2194 2350 2247 gravem,
2409 2194 2611 2249 nempe
2662 2181 3094 2236 sollicitudinem
3161 2183 3379 2237 anxiam
3439 2185 3568 2238 vitae

2000 2268 2165 2322 istius
2192 2286 2204 2321 :
2244 2262 2458 2340 1048
2485 2285 2617 2327 sane
2644 2271 2688 2324 si
2716 2271 2978 2340 deinceps
3003 2287 3072 2326 eo
3097 2282 3376 2328 vertamus
3410 2288 3568 2328 men-

2001 2367 2131 2423 tem,
2169 2371 2228 2415 ut
2253 2377 2374 2429 quas
2403 2362 2457 2415 in
2490 2363 2697 2416 mundo
2718 2363 3155 2418 videnturbona
3185 2380 3566 2434 aspernemur,

1999 2466 2296 2522 possumus
2344 2452 2635 2507 nobiscum
2681 2453 3035 2522 diSpensaute
3091 2454 3296 2524 Spiritu
3354 2463 3568 2518 sancto,

2000 2544 2371 2611 appetentiam
2396 2544 2541 2599 hanc
2558 2546 2754 2599 anima:
2775 2546 2842 2599 ad
2869 2555 3084 2601 terrena
3110 2546 3569 2616 propendentem.

2001 2635 2329 2687 concordem
2360 2634 2592 2688 reddere
2637 2636 2888 2689 rationali
2932 2636 3109 2705 ipsius
3145 2637 3388 2691 aﬂ'ectui.
3416 2637 3569 2702 Quod

2001 2725 2069 2783 si.
2096 2734 2156 2779 ut
2181 2726 2447 2795 hospites,
2473 2727 2788 2782 habitamus
2806 2727 2915 2794 hic,
2937 2729 2980 2783 si
3004 2728 3203 2783 civitas
3234 2738 3423 2783 nostra
3455 2729 3573 2782 lon-

2002 2811 2153 2882 giore
2201 2814 2611 2883 intercapedine
2650 2815 2925 2885 disjuncta
2957 2825 3044 2871 est
3091 2827 3148 2872 et.
3195 2817 3471 2888 disparata
3503 2819 3573 2873 ab

2004 2902 2119 2957 hae
2137 2915 2303 2973 quam
2337 2906 2656 2971 incolimus,
2681 2915 2738 2962 et
2779 2908 2940 2976 plane
2987 2893 3243 2965 novimus
3289 2910 3569 2964 civitatem

2003 2992 2152 3047 illam
2176 3010 2341 3062 quam
2364 3006 2517 3051 certo
2548 2997 2830 3053 credimus
2855 3014 2958 3053 nos
2980 2999 3407 3065 inhabitaturos,
3437 3001 3570 3070 quid

333 3093 429 3161 τὴν
452 3089 716 3161 ἀρκετὴν.
735 3090 797 3141 Ol
830 3088 940 3157 γὰρ
965 3087 1292 3154 ἀγαπῶντες
1312 3089 1405 3142 τὸν
1436 3090 1646 3143 ἑαυτῶν
1673 3092 1896 3162 Κύριον,

2004 3086 2059 3138 in
2110 3085 2290 3139 aliena
2332 3102 2664 3156 apparamus
2692 3104 2875 3158 agros,
2904 3090 3367 3154 substructiones,
3396 3093 3572 3146 azdili-

334 3184 428 3235 καὶ
458 3181 670 3250 ἔχοντες
710 3178 869 3232 αὐτὸν
895 3178 982 3235 ἀεὶ
1013 3181 1073 3232 ὲν
1099 3181 1164 3248 τῆ
1197 3178 1409 3232 ἑαυτῶν
1439 3180 1657 3250 καρδίᾳ,
1691 3182 1751 3233 ὲν
1778 3185 1902 3245 ταῖς

334 3268 690 3336 ἐπαγγελίαις
747 3265 913 3321 αὐτοῦ
961 3258 1278 3319 πιστεύουσι
1341 3267 1435 3320 καὶ
1513 3269 1900 3339 καραδοκοῦσι.

337 3361 511 3413 Καλὸν
551 3357 643 3412 οὖν
673 3361 821 3410 ἐστιν
854 3358 973 3411 ἀντὶ
1018 3357 1128 3431 τῶν
1163 3358 1481 3428 κτισμάτων
1505 3367 1534 3407 ἵ
1562 3360 1656 3413 καὶ
1678 3364 1903 3431 χρημά-

333 3466 440 3501 των
489 3450 597 3500 τῶν
656 3448 899 3516 σήμερον
952 3444 1053 3513 μὲν
1098 3446 1404 3515 ἡμετέρων,
1441 3443 1631 3516 αὔριον
1662 3448 1720 3501 δὲ
1745 3450 1901 3507 ἀλλο-

334 3539 539 3607 τρίων,
567 3536 903 3604 ὠνήσασθαι
939 3534 1116 3603 ψυχὰς
1171 3535 1520 3605 θλιϐομένας,
1585 3538 1765 3601 καθώς
1821 3558 1904 3604 τις

334 3631 584 3692 δύναται,
641 3632 734 3680 καὶ
776 3629 955 3698 χήρας
984 3614 1091 3678 καὶ
1124 3627 1402 3695 ὀρφανοὺς
1447 3629 1899 3696 ἐπισκέπτεσθαι,

337 3722 430 3775 καὶ
468 3720 541 3788 μὴ
575 3719 945 3787 παραϐλέπειν
970 3716 1193 3776 αὐτούς.
1225 3716 1500 3779 Ὡσαύτως
1532 3720 1627 3771 καὶ
1650 3720 1707 3771 εν
1741 3737 1906 3790 μονα-

338 3812 605 3881 στηρίοις,
647 3811 742 3863 καὶ⁵
775 3808 916 3862 οὓτω
946 3809 1124 3875 καλῶς
1150 3810 1374 3863 διοικεῖν
1396 3810 1464 3864 τὰ
1499 3811 1621 3865 καθ’
1652 3813 1898 3877 ἑαυτούς’

336 3905 431 3956 καὶ
460 3903 548 3954 τὸν
578 3901 805 3955 πλοῦτον
824 3941 838 3964 ,
866 3900 924 3953 ὃν
956 3900 1110 3965 παρὰ
1138 3900 1273 3952 Θεοῦ
1333 3901 1636 3970 εἰλήφαμεν
1671 3905 1729 3956 ὲν
1767 3904 1904 3976 τῴδε

335 3994 414 4063 τῷ
449 3994 567 4061 βίῳ,
600 3994 681 4055 εἰς
723 3992 922 4058 αὐτοὺς
964 3992 1302 4046 ἀναλίσκειν.
1338 3995 1427 4056 Εἰς
1464 3994 1622 4048 τοῦτο
1659 3996 1768 4066 γάρ
1807 3996 1904 4051 καὶ

338 4085 608 4155 παρέσχεν
636 4086 768 4152 ἡμῖν
802 4083 942 4137 αὐτὰ
973 4086 1001 4136 ό
1029 4084 1237 4151 ἀγαθὸς
1281 4087 1438 4154 ἡμῶν
1476 4089 1779 4158 Δεσπότης,
1815 4089 1904 4142 ἴνα

337 4177 418 4238 εἰς
435 4177 530 4245 τὴν
555 4175 829 4227 διακονίαν
846 4174 1050 4245 ταύτην
1075 4175 1449 4245 δαπανηθῶσι,
1471 4179 1566 4231 καὶ
1581 4179 1695 4232 ἀντ’
1724 4180 1906 4234 αὐτῶν

335 4265 692 4336 κομισώμεθα
745 4265 1027 4334 θησαυρὸν,
1069 4268 1618 4323 ἀνέκλειπτον.-Πολὺ
1648 4267 1741 4325 οὖν
1777 4272 1902 4342 βέλ-

334 4357 447 4409 τιόν
479 4359 594 4408 ἐστι
617 4396 629 4415 .
660 4355 935 4416 τοιούτους
962 4355 1165 4424 ἀγροὺς
1184 4357 1289 4408 καὶ
1321 4359 1557 4434 κτήματ’
1585 4360 1898 4431 ἀγοράζειν,

2004 3179 2132 3232 cia?
2160 3178 2304 3234 addo
2333 3180 2649 3250 magniﬁcas
2692 3196 2759 3234 ac
2801 3182 3121 3251 splendidas
3177 3184 3576 3252 prolatationes

2002 3268 2382 3324 trdiliciorum.
2438 3270 2635 3339 Utique
2687 3272 2940 3341 quisquis
2994 3272 3050 3327 in
3114 3274 3293 3328 aliena
3350 3275 3575 3330 civitate

2003 3362 2284 3416 studiosus
2315 3373 2544 3431 apparat
2575 3364 2710 3426 haec,
2743 3366 2923 3432 reipsa
2949 3365 3126 3418 innuit
3158 3366 3294 3419 nihil
3324 3367 3434 3433 jam
3463 3369 3571 3421 sibi

2003 3454 2121 3522 spei
2170 3469 2483 3522 superesse,
2529 3464 2586 3509 ut
2615 3456 2910 3523 aliquando
2942 3455 3197 3509 deﬂectat
3234 3456 3338 3508 iter
3370 3457 3424 3509 in
3449 3472 3571 3510 eam

2002 3557 2127 3610 qua:
2152 3544 2374 3612 prepria
2407 3552 2514 3619 est,
2543 3544 2845 3607 civitatem,
2883 3558 3078 3613 nempe
3110 3545 3389 3600 caelestem
3422 3545 3571 3599 illam

2001 3632 2332 3688 Jerusalem.
2362 3634 2558 3687 lsthzec
2587 3635 2849 3703 cogitatio
2875 3634 3311 3704 imprudentium
3345 3646 3431 3690 est
3471 3639 3571 3690 ho-

2005 3722 2237 3786 minum,
2278 3723 2413 3777 nihil
2461 3724 2616 3792 pensi
2668 3723 2735 3777 de
2782 3725 2958 3779 salute
2986 3726 3183 3780 anima:
3221 3726 3570 3790 habentium,

2003 3829 2180 3882 eoque
2232 3815 2651 3869 miserabilium.
2687 3815 2804 3869 Non
2852 3818 2997 3869 enim
3050 3817 3307 3886 intelligit
3357 3818 3570 3871 exotica

2004 3901 2121 3956 haec
2149 3903 2312 3956 alieni
2342 3917 2463 3958 esse
2486 3905 2651 3974 juris,
2677 3914 2733 3957 et
2762 3905 3017 3972 potestati
3045 3905 3273 3959 subesse
3298 3905 3523 3960 alterius
3554 3921 3569 3959 :

2004 3994 2266 4048 nimirum
2317 3993 2477 4049 istius
2518 3994 2705 4049 saeculi
2756 3994 3042 4063 principis.
3081 3996 3219 4050 Cum
3260 3997 3429 4066 igitur
3483 3998 3574 4053 hic

2006 4085 2319 4140 habitamus
2370 4093 2431 4139 ut
2486 4085 2746 4155 inquilini
2793 4093 2849 4139 et
2873 4086 3063 4150 alieni,
3095 4088 3234 4141 nihil
3293 4096 3376 4142 est
3421 4090 3586 4158 quod

2003 4174 2163 4229 nobis
2209 4175 2345 4243 ipsis
2387 4175 2669 4244 impendio
2687 4190 3036 4245 apparemus,
3065 4186 3263 4245 praeter
3287 4178 3570 4247 frugalita-

2006 4276 2113 4321 tem
2163 4266 2291 4322 vita:
2332 4281 2397 4319 ac
2445 4265 2727 4319 virtutem.
2756 4265 2859 4332 Qui
2905 4281 3033 4335 erga
3072 4282 3231 4320 suum
3275 4268 3567 4322 Dominum

2004 4360 2223 4413 sincera
2259 4356 2529 4410 charitate
2573 4357 2672 4410 toti
2702 4356 3077 4420 inardescunt,
3101 4357 3253 4411 nullo
3291 4374 3400 4411 non
3430 4367 3570 4412 tem-

333 4450 490 4501 ἆτινα
539 4449 633 4501 καὶ
679 4447 970 4517 παράμονά
1038 4449 1166 4509 εἰσι,
1197 4449 1292 4500 καὶ
1327 4451 1658 4519 προάγουσιν
1690 4454 1768 4514 είς
1804 4453 1897 4522 τὴν

2007 4465 2137 4519 pore
2182 4448 2581 4504 circumferunt
2621 4447 2776 4500 illum
2819 4447 2873 4500 in
2907 4448 3166 4502 cordibus
3197 4449 3316 4502 suis
3339 4489 3353 4513 ,
3389 4457 3574 4518 ριρειιο

331 4541 489 4611 ἡμῶν
518 4539 871 4609 μητρόπολιν,
926 4541 1054 4593 ὅταν
1100 4540 1546 4609 άποδημήσωμεν
1583 4544 1662 4604 είς
1708 4544 1900 4613 αὑτήν.

333 4632 829 4700 Ἀμεριμνήσωμεν
845 4630 964 4692 οὖν,
988 4632 1284 4701 ἀγαπητοὶ,
1299 4632 1409 4683 τῶν
1434 4634 1800 4704 προσκαίρων,
1817 4636 1903 4689 ἵνα

329 4723 439 4774 τῶν
470 4723 654 4775 ἀϊδίων
673 4723 1045 4791 ὲπιτύχωμεν·
1078 4723 1526 4793 παραδρὰμωμεν
1550 4724 1641 4777 τὸν
1670 4726 1897 4795 κόσμον,

329 4813 419 4867 ἵνα
444 4813 536 4866 τὸν
563 4815 1342 4883 κοσμοποιδν.καταλάϐωμεν.
1371 4814 1805 4884 Καταλείπωμεν
1833 4818 1901 4873 τὰ

332 4902 407 4973 μὴ
462 4903 729 4973 ἡμέτερα,
777 4903 865 4957 ἵνα
906 4902 974 4955 τὰ
1005 4905 1250 4974 ἡμέτερα
1282 4902 1647 4974 ἀπολαύωμεν
1680 4907 1763 4976 (τὸ
1788 4908 1898 4978 γάρ

329 4993 514 5062 σχῆμα
563 4986 656 5045 τοῦ
712 4993 919 5062 κόσμου
960 4991 1155 5044 τούτου
1211 4993 1452 5061 παράγει
1481 4994 1555 5055 ὡς
1585 4993 1762 5064 δναρ),
1802 4998 1898 5049 καὶ

327 5083 431 5137 κάν
468 5099 522 5134 τι
562 5080 825 5152 χρώμεθα
846 5082 926 5153 τῷ
957 5083 1146 5151 κόσμῳ
1179 5083 1372 5152 τούτῳ,
1407 5081 1693 5152 γενώμεθα
1720 5088 1796 5148 ὡς
1821 5087 1895 5156 μὴ

323 5174 748 5243 καταχρώμενοι
772 5190 785 5204 '
829 5174 1027 5236 καθὼς
1075 5176 1168 5225 καὶ
1227 5175 1256 5224 ό
1313 5174 1582 5244 μακάριος
1646 5174 1897 5246 Ἰωάννης

320 5264 666 5329 ἐντέλλεται,
695 5262 891 5333 λὶγωνι
928 5284 946 5316 ι
988 5264 1079 5334 Μὴ
1107 5265 1355 5331 ἀγαπᾶτε
1388 5264 1479 5318 τὸν
1506 5265 1732 5335 κόσμον,
1763 5270 1900 5335 μήτε

321 5356 396 5410 τά
440 5358 499 5410 ὲν
530 5354 608 5425 τῷ
631 5356 843 5426 κόσμῳ.
890 5355 1017 5409 Ἐάν
1059 5371 1147 5419 τις
1195 5356 1389 5427 ἀγαπᾷ
1421 5355 1513 5409 τὸν
1542 5357 1769 5426 κόσμον,
1799 5358 1901 5410 οὐκ

392 5508 437 5540 ει
470 5508 639 5564 Hebr.
672 5524 748 5573 XI,
780 5506 872 5562 57.
932 5470 995 5539 ὐ
1030 5505 1199 5563 lCor.
1228 5522 1288 5574 η,
1319 5506 1373 5563 9.
1450 5507 1495 5542 σι
1531 5508 1737 5565 lJoan.
1763 5527 1817 5575 ν,
1848 5510 1932 5565 t9.

2003 4542 2175 4612 ipsius
2225 4541 2476 4594 mandata
2526 4540 2796 4594 inoﬂ‘ense
2861 4538 3228 4610 gradiuntur,
3285 4542 3573 4610 promissis

2000 4636 2121 4703 ejus
2166 4631 2273 4686 ﬁde
2319 4632 2458 4686 nihil
2512 4631 2681 4685 dubia
2719 4630 3099 4699 acquiescunt,
3129 4646 3192 4687 ac
3220 4647 3445 4701 scopum
3479 4647 3572 4687 ex-

2000 4721 2362 4791 spectationis
2412 4736 2524 4775 suae
2568 4721 2636 4776 iis
2680 4722 2925 4791 aﬂigunt.
2954 4721 3165 4776 Bonum
3193 4737 3323 4792 ergo
3343 4765 3357 4788 ,
3382 4732 3442 4777 ut
3469 4740 3576 4795 pro

2000 4812 2122 4867 istis
2177 4810 2551 4874 facultatibus,
2587 4825 2689 4879 pro
2744 4809 2964 4879 peculio
3009 4811 3417 4880 qualicunque,
3448 4829 3574 4882 quae

2002 4903 2169 4957 hodie
2193 4902 2415 4972 quidem
2440 4916 2609 4972 penes
2637 4916 2738 4957 nos
2762 4911 2933 4967 sunt,
2960 4910 3014 4956 at
3042 4903 3289 4957 crastino
3322 4911 3415 4958 aut
3447 4918 3575 4974 per-

2001 4992 2165 5048 endie
2189 4994 2249 5046 in
2292 4992 2522 5047 alterius
2559 4994 2976 5047 constituentur
3014 4992 3286 5057 arbitrio;
3326 5009 3426 5060 pro
3459 4993 3569 5055 his,

2004 5084 2251 5153 inquam’,
2276 5082 2492 5137 animas
2544 5083 2882 5138 redimanms
2936 5084 3136 5138 misere
3194 5082 3439 5145 aﬂlictas,
3469 5098 3575 5152 pro

2003 5174 2273 5243 cujusque
2319 5172 2489 5236 virili,
2524 5172 2709 5228 viduis
2762 5173 3153 5242 prospiciendo
3210 5181 3267 5226 et
3324 5172 3569 5242 pupillis,

2000 5280 2113 5318 non
2179 5263 2314 5319 item
2362 5263 2671 5318 aversando
2717 5264 2861 5317 illos.
2895 5262 3076 5331 thue
3118 5262 3173 5316 in
3220 5262 3572 5317 monasteriis

2000 5356 2420 5427 dispensantur,
2476 5355 2564 5410 ita
2620 5353 2880 5409 convenit
2962 5366 3062 5422 per
3121 5366 3569 5424 unumquemque

1591 5622 1825 5677 VMiM'Z
1857 5624 1915 5676 I.l
1945 5621 2257 5677 (ῖΤῖΟΝἶῖὃ.

393 5701 423 5743 1
444 5692 593 5747 Fort.
627 5694 939 5760 κτημάτων.
