4020 6146
561 309 695 377 H75

1828 316 2193 377 ANTIOCHI
2234 315 2577 381 MONACHI

3643 327 3750 391 1476

556 437 863 495 pauperum
928 423 1032 479 rite
1094 424 1391 494 disponere
1451 441 1516 480 ac
1578 425 1863 496 dispertiri
1909 429 2133 482 divitias

2240 428 2389 481 ἐστιν
2421 431 2453 499 ἠ
2486 428 2674 499 ἀγάπη
2724 428 2818 481 τοῦ
2863 430 3077 499 Πατρὶς
3109 432 3167 482 ὲν
3199 429 3363 499 αὐτῷ,
3393 432 3470 485 ὅτι
3499 437 3594 487 πᾶν
3619 437 3670 488 τὸ
3704 442 3750 493 ὲθ

553 531 693 582 quas
746 515 979 584 quisque
1016 529 1046 568 a
1093 516 1201 570 Deo
1232 518 1446 585 accepit
1478 518 1533 571 in
1568 518 1700 581 vita,
1729 529 1784 573 et
1826 518 2134 595 liberaliter

556 609 837 662 insumere
873 608 929 660 in
985 608 1223 678 indiges.
1255 610 1313 663 In
1363 610 1510 664 hunc
1546 610 1818 679 siquidem
1851 626 2009 667 usum
2041 627 2136 666 eas

557 699 718 752 nobis
778 697 1090 766 impertivit
1142 700 1434 763 clementia
1486 702 1727 767 Domini,
1764 712 1823 757 ut
1869 704 1924 758 in
1973 705 2135 759 obse-

554 786 747 854 quium
802 786 1156 841 insumantur
1205 789 1462 858 pietatis,
1499 807 1562 847 ac
1594 792 1954 863 demumpro
1983 794 2134 864 ejus-

553 877 699 930 modi
717 877 770 930 iu
788 894 1060 947 pauperes
1073 881 1768 945 liheralitate,.tbesaurum
1786 894 2135 954 reportemus

549 969 704 1022 nullo
752 985 992 1038 unquam
1043 986 1162 1025 aevo
1223 971 1715 1041 intercipiendum.
1758 974 1903 1029 Sane
1959 978 2133 1031 multo

552 1059 869 1127 przestiterit
896 1060 1075 1124 nobis,
1105 1070 1165 1116 ut
1192 1063 1330 1117 tales
1349 1079 1669 1119 coemamus
1700 1082 1880 1135 agros,
1911 1068 2017 1122 tale
2038 1084 2135 1137 pe-

552 1151 758 1205 culium
781 1152 927 1221 quod
951 1161 1220 1207 aeternum
1243 1154 1427 1219 duret,
1446 1171 1659 1226 nosque
1682 1166 1831 1212 recta
1859 1160 2129 1227 provehat

551 1242 619 1297 ad
652 1244 797 1298 illam
827 1244 989 1299 nobis
1019 1246 1347 1314 promissam
1375 1247 1656 1301 civitatem
1687 1264 1810 1318 quae
1838 1259 1925 1305 est
1955 1258 2132 1304 mater

552 1345 764 1398 nostra,
799 1337 1024 1406 quando
1071 1338 1140 1421 ad
1193 1338 1341 1392 illam
1382 1340 1702 1409 quotidiana
1745 1342 2131 1397 contendimus

551 1432 1015 1502 peregrinatione.
1094 1433 1172 1487 Ne
1241 1433 1407 1504 igitur
1445 1435 1837 1505 (dilectissimi)
1868 1451 1967 1491 ceu
2008 1437 2129 1491 dic-

553 1529 667 1576 tum
727 1531 833 1582 est.
870 1533 979 1578 tam
1028 1527 1189 1581 anxie
1246 1525 1438 1579 mundi
1482 1527 1624 1581 bona
1673 1529 2000 1597 cogitemus,
2066 1537 2129 1583 ut

550 1614 634 1666 vel
670 1614 888 1668 tandem
923 1618 1145 1670 αξιοι-ιιί8
1185 1616 1350 1671 detur
1397 1618 1632 1686 perfrui.
1670 1619 1933 1672 Mundum
1980 1619 2130 1673 hunc

549 1705 700 1759 velut
732 1721 898 1760 cursu
934 1708 1205 1776 praecipiti
1241 1708 1703 1772 transmittamus,
1730 1725 1840 1778 quo
1865 1710 1932 1764 ad
1966 1722 2128 1764 mun-

2242 521 2319 590 τῷ
2349 520 2540 589 κόσμῳ
2569 522 2602 590 ὴ
2650 521 2915 591 ἐπιθυμία
2941 521 3045 590 τῆς
3080 522 3300 593 σαρκὸς,
3339 523 3428 576 καὶ
3455 527 3486 592 ὴ
3533 526 3753 599 ἐπιθυμία

2244 612 2352 664 τῶν
2397 611 2711 682 ὀφθαλμῶν.
2745 614 2843 665 καὶ
2895 615 2929 682 ἡ
2980 612 3273 675 ἀλαζονεία
3330 614 3421 668 τοῦ
3472 616 3595 684 βίον,
3621 620 3651 672 ἃ
3674 622 3755 675 οὐκ

2241 702 2390 755 ἔστιν
2443 698 2507 756 ἐκ
2542 702 2637 756 τοῦ
2687 702 2921 773 Πατρός,
2960 703 3075 758 ἀλλ’
3113 705 3177 756 ὲκ
3225 703 3320 756 τοῦ
3368 707 3560 775 κόσμου
3593 711 3703 763 ἐστί.
3733 729 3749 761 ι

2242 793 2381 846 Καί’
2420 812 2439 844 ‹
2499 793 2558 846 ’0
2586 795 2792 864 κόσμος
2825 795 3160 865 παράγεται,
3187 796 3282 848 καὶ
3302 797 3334 863 ἡ
3361 797 3608 868 ἐπιθυμία
3629 815 3641 829 ⁸
3664 803 3689 854 ό
3707 801 3753 854 δὲ

2241 883 2411 936 ποιῶν
2458 885 2519 936 ea
2548 884 2761 955 θέλημα
2791 885 2886 937 τοῦ
2915 885 3076 950 Θεοῦ,
3109 886 3265 955 μένει
3304 889 3383 949 εὶς
3419 888 3506 941 τὸν
3535 890 3698 945 αἰῶνα.
3736 912 3751 944 ι

2238 976 2408 1044 Φησὶν
2454 975 2513 1027 δὲ
2563 978 2659 1029 καὶ
2708 978 2737 1028 ό
2783 977 3062 1040 Ἰάκωϐος·
3098 995 3116 1027 ι
3165 980 3262 1040 ’³ος
3295 976 3361 1029 ἂν
3392 977 3605 1049 βουληθῇ
3633 982 3755 1048 φίλος

2242 1064 2382 1119 εἶναι
2441 1065 2537 1119 τοῦ
2586 1066 2817 1136 κόσμου.
2853 1067 3050 1136 ἐχθρὸς
3090 1068 3188 1121 τοῦ
3225 1069 3372 1122 ’Θεοῦ
3426 1070 3751 1125 καθίσταται.»

2254 1157 2312 1209 '0
2335 1156 2393 1209 δὲ
2426 1155 2658 1220 Παῦλος,
2689 1176 2709 1207 «
2746 1157 3326 1225 Ἀπεκδυσάμενοιλτδν
3348 1158 3560 1212 παλαιὸν
3586 1159 3756 1229 ἄνθρω-

2238 1264 2342 1300 πον
2375 1248 2471 1299 σὺν
2500 1249 2621 1310 ταῖς
2655 1248 2921 1317 πράξεσιν
2967 1245 3155 1313 αὐτοῦ,
3190 1253 3288 1303 καὶ
3328 1251 3650 1320 ἐνδυσάμενοι
3686 1254 3757 1306 τὸν

2238 1339 2725 1409 ἀνακαινούμενον.
2762 1358 2781 1392 ι
2817 1342 2924 1393 Καὶ
2955 1341 3233 1410 επιφέρειο
3261 1361 3278 1392 ι
3297 1343 3459 1396 Οὐδὲν
3484 1346 3753 1412 εἰσηνέγκα-

2242 1446 2345 1498 μεν
2378 1431 2459 1492 εἷς
2502 1431 2594 1483 τὸν
2632 1431 2859 1500 κόσμον,
2907 1431 3153 1502 δηλονότι
3215 1433 3336 1486 οὐδὲ
3388 1433 3667 1502 ἐξενεγκεῖν
3716 1452 3757 1489 τι

2234 1520 2534 1589 δυνάμεθα·
2566 1521 2780 1591 ἔχοντες
2837 1523 2892 1575 δὲ
2930 1524 3251 1593 διατροφὰς
3296 1525 3390 1579 καὶ
3427 1526 3757 1595 σκεπάσματα,

2234 1611 2454 1675 τούτοις
2513 1612 2991 1681 ἀρκεσθησόμεθα.
3026 1632 3046 1665 ι
3087 1613 3279 1667 Ταῦτα
3332 1616 3423 1668 καὶ
3471 1618 3500 1669 ὁ
3551 1615 3757 1686 Σολομὼν

2185 1740 2189 1745 .
2237 1703 2401 1766 αἰτεῖ,
2434 1702 2637 1769 λέγων·
2679 1721 2699 1754 ε
2744 1700 2980 1757 Πλοῦτον
3036 1706 3131 1758 καὶ
3184 1707 3380 1759 πενίαν
3428 1708 3499 1777 μή
3535 1724 3614 1777 μοι
3636 1707 3755 1775 δῷ;’

547 1794 604 1849 di
645 1790 901 1865 opificem
936 1798 1315 1868 pertingamus
1341 1799 1591 1854 beatiﬁca
1617 1801 1920 1856 fruitione:
1955 1802 2129 1872 siqui.

2237 1792 2496 1857 σύνταξον
2529 1793 2590 1847 δέ
2616 1809 2707 1863 μοι
2737 1795 2806 1847 τὰ
2829 1794 3018 1848 δέοντα
3048 1797 3143 1849 καὶ
3171 1798 3445 1868 αὐτάρκη.
3472 1815 3490 1849 ι
3521 1798 3618 1852 Καὶ
3637 1794 3756 1859 αὖθις

546 1888 676 1941 dem
712 1889 901 1943 mundi
947 1890 1109 1943 istius
1157 1891 1330 1961 ligura
1383 1892 1449 1945 ad
1486 1891 1781 1959 imaginem
1808 1892 2007 1946 transit
2039 1893 2125 1946 in-

548 1979 769 2034 snmuii.
844 1980 1087 2036 Tametsi
1146 1983 1267 2051 ipso
1335 1984 1548 2038 utimur
1627 1982 1860 2045 mundo,
1916 1998 1987 2038 ne
2045 1983 2129 2039 sic

549 2070 775 2139 quidem
809 2087 877 2126 eo
901 2073 1403 2145 abutamur,juxta
1446 2075 1591 2129 beati
1636 2073 1865 2129 Joannis
1907 2074 2133 2128 manda-

554 2166 672 2210 tum
713 2168 725 2210 ξ
766 2177 784 2209 ι
820 2159 999 2214 Nolite
1027 2160 1257 2231 diligere
1291 2163 1582 2225 mundum,
1612 2178 1793 2232 neque
1821 2178 1886 2218 ea
1921 2179 2042 2232 quae
2075 2163 2132 2217 in

553 2248 760 2302 mundo
784 2258 951 2303 sunt:
984 2251 1029 2305 si
1057 2252 1185 2321 quis
1213 2254 1398 2324 diligit
1425 2254 1715 2315 mundum.
1750 2270 1863 2309 non
1889 2263 1974 2309 est
2003 2255 2133 2310 cha-

552 2338 694 2392 ritas
731 2339 913 2394 Patris
963 2341 1019 2393 in
1049 2357 1138 2406 eo,
1163 2344 1293 2412 quia
1324 2358 1488 2397 omne
1512 2344 1658 2413 quod
1702 2354 1786 2398 est
1814 2345 1870 2398 in
1902 2343 2131 2410 mundo,

550 2429 1005 2497 concupiscentia
1030 2434 1215 2488 carnis
1238 2443 1346 2495 est.
1373 2443 1427 2489 et
1459 2435 1909 2504 concupiscentia
1944 2436 2137 2489 oculo-

549 2535 696 2581 rum,
735 2530 792 2573 et
835 2523 1095 2591 superbia
1144 2524 1291 2588 vitaz,
1326 2541 1450 2594 qua:
1496 2541 1606 2579 non
1664 2534 1796 2580 sunt
1850 2540 1919 2579 ex
1950 2527 2134 2591 Patre,

553 2609 768 2682 1049
793 2612 887 2666 sed
912 2629 980 2667 ex
1001 2615 1206 2670 mundo
1227 2618 1439 2672 sunt“.
1465 2636 1485 2669 ι
1515 2618 1619 2672 Et:
1648 2635 1667 2667 ι
1700 2616 1937 2671 Mundus
1957 2626 2137 2672 trans-

554 2703 599 2756 it
632 2710 689 2755 ct
738 2705 1194 2775 concupiscentia
1257 2708 1380 2775 ejus
1408 2726 1423 2773 ;
1456 2710 1551 2777 qui
1579 2717 1764 2777 autem
1792 2708 2137 2761 voluntatem

552 2798 646 2850 Dei
682 2799 834 2863 facit,
860 2810 1045 2853 manet
1078 2800 1133 2852 in
1162 2798 1946 2854 αξιοιοηυιιιυκιΑἰιιῐοοοὺυεε
1978 2818 1995 2849 ι
2032 2797 2136 2863 Qui

551 2889 791 2942 voluerit
832 2891 1045 2944 amicus
1079 2890 1270 2943 mundi
1319 2905 1466 2952 esse,
1492 2889 1759 2943 inimicus
1797 2889 1892 2943 Dei
1927 2890 2135 2942 consti-

556 2980 735 3034 tuitttr
769 2982 836 3035 ⁸⁵.
879 3001 897 3031 ι
932 2983 1134 3035 Paulus
1187 2997 1447 3050 quoque:
1477 2999 1495 3031 ι
1540 2980 1926 3050 Exspoliautes
1976 2989 2133 3035 vete-

2230 1886 2258 1938 ὁ
2281 1885 2514 1949 Παῦλος,
2536 1885 2863 1956 βουλόμενος
2884 1887 3032 1957 ἡμᾶς
3056 1891 3510 1958 μετεωροπορεῖν,
3525 1890 3609 1941 καὶ
3629 1889 3758 1958 οὐραρ

2232 1976 2523 2037 νοπολίτας
2586 1976 2963 2045 καταστῆσαι,
3001 1979 3265 2046 παραινεῖ
3319 1977 3487 2046 λέγων
3512 1994 3526 2008 ·
3562 1998 3578 2029 ι
3609 1973 3757 2030 Εἱοῦν

2233 2065 2619 2138 συνηγέρθητε
2645 2067 2724 2137 τῷ
2749 2067 2992 2138 Χριστῷ,
3024 2068 3092 2121 τὰ
3128 2068 3248 2121 ἄνω
3283 2068 3492 2137 ζητεῖτε
3522 2065 3578 2123 οὖ
3605 2070 3756 2137 όΧρι-

2239 2160 2367 2223 στός
2411 2161 2561 2213 ἐστιν
2617 2161 2676 2212 ὲν
2717 2159 2872 2230 δεξιᾷ
2898 2158 2992 2212 τοῦ
3045 2159 3181 2212 Θεοῦ
3232 2160 3567 2229 καθήμενοςι
3593 2160 3653 2213 τὰ
3673 2161 3759 2215 ἀνω

2235 2252 2514 2321 φρονεῖτε,
2546 2249 2620 2320 μὴ
2651 2250 2719 2303 τὰ
2747 2250 2842 2303 ἐπὶ
2871 2250 2977 2319 τῆς
2994 2250 3117 2320 γῆς.
3147 2250 3471 2306 ’Δπεθάνετε
3498 2252 3599 2321 γὰρ
3625 2253 3673 2302 ὲν
3699 2248 3760 2317 τῷ

2234 2340 2479 2412 Χριστῷ,
2513 2342 2607 2394 καὶ
2637 2343 2670 2410 ἡ
2706 2341 2822 2411 ζωὴ
2857 2338 3011 2412 ὑμῶν
3055 2344 3368 2413 κέκρυπται
3412 2346 3468 2397 ὲν
3492 2343 3565 2412 τῷ
3597 2340 3712 2411 Θεῷ.
3740 2360 3755 2391 υ

2235 2433 2416 2486 Θέλων
2465 2432 2523 2485 δὲ
2554 2433 2703 2502 ἡμᾶς
2744 2435 2846 2502 τὴν
2881 2432 3052 2503 καλὴν
3091 2433 3383 2487 ἀλλοίωσιν
3425 2432 3759 2501 ἀλλοιωθῆναι.

2235 2524 2458 2591 ἐπάγειθ
2494 2542 2514 2574 ‹
2548 2525 2640 2593 Μὴ
2677 2524 3081 2594 σχηματίζεσθε
3130 2525 3213 2595 τῷ
3260 2526 3418 2597 αἰῶνι
3459 2524 3636 2592 τούτῳ,
3654 2519 3761 2575 ἀλλὰ

2242 2615 2696 2686 μεταμορφοῦσθε
2747 2619 2813 2687 τῇ
2848 2615 3216 2669 ἀνακαινώσει
3250 2615 3346 2669 τοῦ
3389 2615 3502 2673 νοὸς
3528 2613 3679 2684 ἡμῶν.
3714 2609 3762 2663 ’0

2235 2709 2292 2761 δὲ
2322 2708 2525 2776 ἀγαθὸς
2573 2708 2733 2779 ἡμῶν
2787 2710 2994 2779 Κύριος
3049 2710 3338 2781 ὶπικυρῶν
3381 2707 3475 2760 τὸν
3516 2705 3654 2772 λόγον
3675 2700 3760 2753 τῶν

2234 2796 2434 2853 ἑαυτοῦ
2471 2798 2756 2868 μαθητῶν,
2779 2798 2906 2866 ἔφη·
2939 2816 2959 2848 ι
2999 2799 3064 2851 Τί
3091 2802 3206 2869 γάρ
3232 2798 3503 2868 ὠφελήσει
3524 2794 3757 2866 ἄνθρωπος

2239 2888 2335 2941 ἐὰν
2375 2889 2467 2942 τὸν
2516 2891 2721 2959 κόσμον
2774 2891 2898 2943 ὅλον
2945 2891 3219 2963 κερδήσῃ.
3256 2890 3357 2964 τὴν
3401 2893 3456 2945 δὲ
3495 2891 3653 2961 ψυχὴν
3686 2886 3761 2954 ζη-

2237 2979 2410 3050 μιωθῇ
2436 2997 2453 3046 ;
2493 2980 2525 3051 ἢ
2556 2981 2608 3033 τι
2640 2980 2802 3034 δώσει
2827 2980 3189 3052 ἀντάλλαγμα
3215 2983 3319 3053 τῆς
3337 2983 3511 3052 ψυχῆς
3534 2976 3675 3033 αὐτοῦ
3699 2994 3711 3040 ς
3741 2992 3756 3024 ι

554 3085 671 3124 rem
726 3072 1011 3126 hominem
1062 3087 1189 3125 cum
1241 3072 1480 3133 actibus,
1518 3072 1731 3127 induite
1783 3087 1988 3124 novum
2041 3072 2133 3141 qui

2240 3072 2399 3142 Αὐτῷ
2451 3074 2483 3142 ἠ
2537 3072 2664 3136 δόξα
2707 3075 2788 3135 εἰς
2847 3071 2974 3136 τοὺς
3027 3072 3260 3138 αἰῶνας.
3303 3074 3494 3144 ’Δμὴν.

554 3172 858 3216 renovatur
885 3162 953 3215 ⁸“.
996 3180 1013 3211 ι
1054 3162 1267 3215 Infert:
1310 3182 1327 3212 ι
1358 3161 1509 3215 Nihil
1552 3163 1702 3216 enim
1763 3163 2055 3217 intulimus
2115 3165 2168 3217 in
2213 3165 2503 3228 mundum,
2569 3164 2921 3218 manifestum
2984 3175 3071 3219 est
3117 3168 3253 3234 quia
3309 3181 3414 3220 nec
3454 3164 3632 3218 eﬂ‘erre
3661 3152 3763 3224 quid

552 3268 868 3319 possumus.
907 3254 1184 3308 Habentes
1251 3263 1436 3309 autem
1506 3255 1767 3309 alimenta
1807 3272 1872 3310 ac
1921 3267 2254 3327 tegumenta,
2325 3259 2411 3313 his
2466 3260 2711 3313 contenti
2765 3260 2974 3315 erimus
3002 3261 3067 3315 ⁸⁷.
3110 3280 3128 3312 ι
3160 3261 3233 3316 Et
3280 3261 3397 3315 hazc
3447 3255 3660 3329 postulat
3689 3249 3765 3304 Sa-

554 3344 738 3398 lomon
772 3360 803 3399 a
860 3345 1134 3399 Domino:
1180 3364 1196 3395 ι
1239 3346 1471 3399 Divitias
1512 3354 1569 3400 et
1618 3356 1998 3415 paupertatem
2051 3365 2120 3402 ne
2160 3349 2385 3404 dederis
2414 3351 2572 3411 mihi,
2608 3350 2705 3404 sed
2737 3352 3002 3406 coordina
3034 3353 3169 3406 mihi
3207 3351 3521 3407 necessaria
3578 3356 3627 3401 ct
3670 3355 3765 3411 (ιη

552 3434 830 3492 eufiiciant
864 3437 929 3490 ⁸⁸.
974 3437 1261 3491 tRursum
1293 3437 1519 3500 Paulus,
1573 3439 1806 3507 cupiens
1869 3455 2201 3509 magnopere
2245 3452 2305 3497 ut
2353 3443 2617 3511 neglectis
2663 3442 2923 3506 terrenis,
2956 3445 3205 3498 caelestia
3257 3433 3762 3498 inambulentus,si-

555 3530 782 3598 malque
841 3531 1032 3584 volens
1097 3547 1201 3585 nos
1252 3532 1593 3585 constituere
1655 3531 1900 3585 cmlestis
1946 3532 2136 3600 patrita
2207 3534 2555 3602 municipes,
2622 3533 2886 3586 admonet
2924 3533 3164 3587 dicens:
3214 3553 3233 3584 ι
3270 3532 3329 3587 Si
3374 3532 3537 3603 igitur
3576 3538 3761 3583 consur-

556 3624 783 3678 rexistis
841 3640 967 3678 cum
1010 3625 1254 3685 Christo,
1292 3641 1414 3694 qua:
1465 3640 1682 3679 sursum
1762 3632 1928 3678 suut'
1956 3628 2210 3694 quaerite,
2252 3627 2344 3680 ubi
2398 3626 2653 3681 Christus
2694 3627 2746 3679 in
2798 3627 3019 3680 dextera
3056 3627 3141 3681 dei
3173 3626 3379 3682 sedens
3404 3644 3417 3679 :
3442 3639 3555 3695 qua:
3586 3628 3763 3675 sursum

552 3725 682 3769 sunt
724 3715 918 3785 sapite,
957 3732 1063 3770 non
1097 3733 1219 3786 qua:
1250 3732 1417 3785 super
1484 3728 1732 3770 terram:
1768 3718 1969 3770 mortui
2014 3717 2162 3770 enim
2202 3718 2335 3773 estis
2390 3734 2516 3772 cum
2563 3716 2805 3779 Christo,
2873 3725 2929 3770 et
2987 3717 3095 3770 vita
3143 3726 3336 3772 vestra
3381 3712 3674 3772 abscondita
3702 3715 3766 3759 est

554 3820 679 3858 cum
718 3804 943 3860 Christo
1011 3807 1076 3859 ⁸⁸.
1110 3826 1126 3856 ι
1197 3805 1362 3875 Optat
1419 3821 1605 3860 autem
1675 3821 1775 3860 nos
1814 3808 2117 3876 permutari
2160 3809 2397 3878 eleganti
2448 3807 2745 3862 admodum
2800 3807 3285 3871 transmutatione,
3326 3821 3500 3875 eoque
3549 3798 3762 3856 inducit:

561 3917 580 3950 ε
626 3899 806 3953 Nolite
833 3898 1171 3952 conformari
1200 3899 1331 3952 huic
1398 3899 1622 3959 saeculo,
1693 3897 1788 3951 sed
1832 3898 2204 3952 reformamini
2244 3901 2297 3953 in
2355 3900 2597 3953 novitate
2661 3885 2871 3952 lmentis
2919 3907 3121 3952 vestrze
3145 3899 3215 3953 '°.
3260 3917 3279 3950 1
3346 3890 3768 3952 Clementissituus

555 3991 825 4044 Dominus
849 3998 1039 4043 noster
1079 3990 1477 4058 discipulorum
1513 3996 1740 4043 suorum
1775 4003 2087 4043 sermonem
2119 4031 2133 4053 ,
2175 4007 2289 4046 suae
2320 3974 2560 4060 pondere
2620 3991 2925 4060 majestatis
2946 3987 3201 4043 sanciens
3219 3998 3275 4040 et
3295 3987 3636 4041 corroborans
3666 3979 3763 4033 ait:

559 4098 581 4132 α
622 4081 759 4147 Quid
785 4079 932 4133 enim
960 4082 1208 4148 proderit
1258 4081 1468 4134 homini
1497 4081 1541 4134 si
1572 4081 1820 4135 lucretur
1886 4082 2206 4135 universum
2246 4082 2534 4145 mundum,
2572 4082 2768 4135 anima:
2803 4096 2934 4136 vero
2960 4095 3072 4136 sua:
3095 4081 3491 4135 detrimentum
3532 4064 3769 4146 patiatur?

556 4179 654 4224 aut
697 4185 859 4239 quam
888 4169 1043 4223 dabit
1077 4169 1244 4223 homo
1276 4169 1769 4224 commutationem
1816 4186 1919 4239 pro
1966 4171 2133 4225 anim:

2237 4186 2285 4224 Ia
2312 4171 2395 4222 "‘I
2437 4189 2455 4221 ι
2489 4169 2800 4239 ipsi,.g'loria
2830 4169 2883 4221 in
2907 4170 3122 4224 szeeula.
3156 4170 3358 4224 Amen.

1107 4278 1393 4333 uomLIA
1439 4278 1580 4334 xvr.
2095 4265 2127 4292 '

691 4398 767 4453 De
799 4396 1080 4451 immodica
1112 4405 1158 4448 et
1188 4394 1473 4447 audaciora
1503 4392 1700 4462 ﬁducia
1731 4393 1995 4465 loquendi.

626 4509 947 4564 Temeraria
974 4486 1073 4560 illa
1091 4515 1147 4559 et
1170 4504 1466 4575 impudens
1491 4504 1757 4574 loquendi
1788 4505 2021 4558 libertas
2048 4505 2136 4557 vi-

557 4603 679 4657 deri
706 4602 883 4670 possit
946 4599 1212 4653 assimilis
1264 4598 1442 4652 titioui
1486 4614 1686 4667 magno
1734 4615 1751 4663 ;
1786 4598 1927 4652 febri
1967 4596 2128 4652 uimi-

557 4710 679 4748 rum
699 4692 1046 4753 exmstuanti,
1067 4692 1227 4760 cujus
1256 4689 1575 4743 incendium
1600 4689 1785 4743 czeteri
1813 4690 2135 4757 neutiquam

558 4786 806 4839 ferentes
854 4783 1012 4836 illinc
1058 4798 1116 4836 se
1153 4781 1493 4850 proripiunt,
1546 4794 1828 4848 cursuque
1860 4777 2135 4848 praecipiti

560 4877 618 4930 in
651 4876 835 4929 locum
881 4874 1196 4927 concedunt
1230 4873 1586 4927 umbratilem
1608 4911 1623 4932 ,
1661 4872 1860 4925 anima:
1899 4870 2134 4940 refrige-

561 4965 751 5021 randa’.
787 4965 988 5035 gratia.
1017 4963 1227 5018 Utnbra
1286 4962 1402 5016 haec
1441 4959 1824 5031 reirigeratrix
1877 4969 2136 5014 censetur

560 5060 609 5116 is
655 5058 750 5129 qui
799 5058 855 5112 iu
891 5055 1169 5125 loquendo
1202 5054 1510 5108 modestior
1534 5063 1620 5107 est
1643 5092 1659 5115 ,
1684 5067 1862 5121 eoque
1890 5052 2132 5105 circum-

558 5152 825 5223 spectior.
867 5149 1001 5203 Nam
1024 5149 1095 5202 ab
1128 5147 1224 5200 illo
1264 5146 1493 5214 quidem
1534 5159 1640 5198 nec
1687 5144 1930 5197 salutato
1982 5143 2143 5197 defu-

559 5247 739 5315 giunt,
775 5242 923 5297 utab
959 5243 1073 5296 acri
1120 5249 1175 5295 et
1219 5253 1381 5293 nares
1414 5235 1714 5291 obturante
1756 5234 1908 5289 ltuuo
1938 5235 2137 5303 linguae

560 5338 849 5407 procacis,
882 5350 1006 5389 sese
1038 5331 1394 5386 commodum
1434 5329 1772 5396 recipientes
1801 5326 1871 5380 ad
1905 5335 2134 5395 captau-

558 5431 684 5483 dam
710 5443 900 5484 auram
929 5426 1204 5479 amoenius
1236 5423 1564 5491 spirantem,
1595 5419 1661 5473 ad
1688 5434 1854 5473 suave
1884 5418 2101 5488 fragran
2121 5445 2135 5457 -

563 5521 634 5572 tis
663 5519 877 5573 int-ensi
912 5515 1348 5577 exhalationem,
1377 5527 1499 5583 qua:
1529 5509 1815 5564 silentium
1861 5517 1963 5562 est.
2003 5507 2135 5577 Ejus

648 5648 693 5676 “
728 5648 742 5698 Ι
773 5648 928 5703 Jnau.
961 5662 1021 5706 !I,
1066 5647 1150 5702 l5.
1189 5645 1272 5699 16.
1349 5645 1418 5676 ’δ’
1454 5646 1582 5699 ibid.
1612 5647 1699 5700 l7.

2824 4281 3045 4347 ΛΟΓΟΣ
3094 4281 3210 4349 tq'.

2753 4396 2887 4464 Περὶ
2920 4398 3284 4464 παρῥησίας.

2314 4509 2532 4560 ’Ἔοικεν
2560 4509 2591 4575 ἡ
2628 4509 2913 4579 παρρησία
2940 4509 3173 4579 καύσονι
3222 4514 3463 4583 μεγάλῳ·
3501 4503 3686 4569 οὗτινος
3708 4507 3767 4574 μὴ

2240 4598 2498 4668 φέροντες
2551 4597 2642 4649 τὸν
2685 4598 2929 4667 φλογμὸν
2963 4600 3256 4667 φεύγουσιν
3309 4604 3359 4655 οἱ
3407 4601 3665 4672 ἄνθρωποι
3692 4593 3766 4648 ἀπ’

2239 4688 2428 4751 αὐτοῦ,
2461 4690 2557 4741 καὶ
2584 4691 2650 4759 τῇ
2674 4691 2801 4761 σκιᾷ
2835 4692 3270 4761 προστρέχουσιν
3288 4693 3378 4746 διὰ
3412 4692 3472 4745 τὸ
3492 4691 3765 4758 ἀναψύχειν·

2242 4781 2364 4851 ἥτις
2397 4781 2545 4832 ἐστὶν
2584 4780 2646 4833 τὸ
2676 4783 3125 4855 ἀπαρρησίαστον
3171 4785 3269 4837 καὶ
3323 4784 3564 4847 εὐλαϐές.
3604 4783 3767 4834 ’Λπαυο

2240 4874 2561 4943 τομολοῦσιν
2592 4875 2683 4927 τοῦ
2713 4874 2931 4945 δριμέος
2976 4875 3183 4928 καπνοῦ
3208 4877 3312 4945 τῆς
3342 4876 3658 4948 παρρησίας.
3687 4868 3767 4921 Καὶ

2242 4963 2635 5032 αὐτομολοῦσιν
2684 4966 2822 5035 πρὸς
2857 4968 2955 5032 τὴν
2986 4967 3185 5036 ἀτμίδα
3222 4967 3323 5019 τοῦ
3354 4967 3578 5028 εὐώδους
3605 4958 3768 5029 θυμιίὶ⁸

2243 5070 2432 5123 ματος·
2466 5054 2586 5122 ἣτις
2652 5055 2800 5107 ἐστὶν
2861 5058 2892 5125 ἡ
2937 5058 3156 5127 ἡσυχία.
3203 5059 3503 5125 Φεύγουσιν
3549 5056 3637 5122 τὴν
3670 5052 3770 5102 δυσ-

2242 5146 2409 5198 ωδίαν
2435 5144 2533 5197 τοῦ
2562 5148 2993 5218 σκοροδοφὰγου,
3031 5151 3122 5202 καὶ
3165 5150 3557 5219 πλησιάζουσιν
3585 5146 3654 5215 τῷ
3681 5158 3770 5212 μυ·

2247 5237 2466 5306 ροφόρῳ
2521 5238 2617 5289 καὶ
2652 5240 3039 5310 γλυκορήμονι,
3076 5242 3153 5312 τῷ
3202 5241 3612 5313 ἐξερευγομένῳ
3644 5237 3772 5300 λόγον

2245 5330 2474 5396 ἀγαθὸν,
2510 5332 2603 5383 καὶ
2650 5332 2955 5400 πηγάζοντι
3001 5335 3155 5403 λόγια
3198 5337 3409 5405 Κυρίου
3454 5336 3605 5403 ἁγνά.
3635 5325 3771 5381 Οὐδὲν

2243 5423 2351 5490 γὰρ
2377 5422 2553 5485 οὕτως
2587 5423 2931 5491 ὲξαφανίζειν
2979 5426 3075 5496 τὴν
3123 5429 3329 5497 ἀρετὴν
3380 5429 3632 5495 πέφυκεν,
3660 5416 3769 5478 ὠςή

2244 5512 2600 5582 εὐτραπελία,
2643 5515 2738 5567 καὶ
2768 5517 2829 5567 to
2871 5516 3106 5583 παῑζειν,
3140 5517 3233 5570 καὶ
3271 5518 3304 5587 ἡ
3349 5514 3645 5589 άργολογία.
3686 5500 3769 5559 Καὶ

1775 5646 1819 5679 ⁸⁸
1843 5645 1957 5701 εἰςιν.
1991 5661 2065 5699 tv.
2094 5647 2126 5698 δ

2237 5646 2266 5678 ¹⁶
2292 5647 2497 5701 Cnlnss.
2533 5662 2608 5708 ιιι,
2636 5645 2691 5703 9.
2768 5645 2854 5701 "l
2888 5648 3029 5703 Tim.
3064 5662 3132 5713 vr,
3180 5646 3233 5712 7,
3263 5645 3322 5702 8.
3402 5646 3450 5679 ⁸³
3483 5646 3629 5703 Prov.
3657 5651 3760 5699 ιιι»

574 5718 624 5769 8.
708 5718 752 5747 ⁸⁹
784 5717 995 5771 Culuss.
1028 5716 1159 5778 ttt,i
1195 5717 1257 5771 5.
1331 5717 1377 5747 ⁹⁰
1414 5717 1574 5772 liont.
1610 5734 1705 5784 xu,
1729 5719 1781 5771 εὶ.
1860 5719 1901 5748 ⁹¹
1933 5718 2122 5770 Matth.

2237 5736 2260 5782 τ,
2301 5718 2391 5771 ‘26.
