4020 6146
346 344 483 427 ῙίῖἸ,

961 337 1305 418 nonILIA
1353 362 1508 423 XVI.
1544 389 1610 399 —
1650 364 1748 425 DE
1790 365 2165 425 nuncnum
2206 342 2616 434 LOQUENDI
2653 355 2986 430 FIDUCIA.

3476 371 3606 435 H78

345 460 526 519 πάλιν.
564 460 717 514 οὐδὲν
747 462 917 528 οὕτως
944 467 1037 537 τὴν
1065 463 1548 539 πεπᾲλαιωμὲνην
1589 470 1767 542 ψυχὴν
1797 472 1913 524 ἀνα-

2029 472 2205 525 vizant
2236 462 2678 542 gravcolcnliam
2706 512 2719 535 ,
2751 475 2846 542 qui
2887 475 3013 529 aliis
3042 474 3281 528 vescitur
3305 513 3318 537 ,
3350 486 3408 529 et
3444 478 3495 528 ei
3541 491 3600 530 se

341 554 599 618 καινίζει,
636 554 713 618 ὡς
760 556 791 608 ό
829 556 992 624 φόϐος
1028 554 1120 610 τοῦ
1150 552 1316 622 Θεοῦ,
1369 561 1522 632 καὶὴ
1569 560 1706 632 καλὴ
1748 580 1917 631 προσ·

342 645 501 715 ευχὴ,
542 645 639 699 καὶ
687 646 749 700 τὸ
791 647 1039 720 μελετᾷν-
1066 645 1366 716 ἀπαύστως
1408 654 1476 705 τά
1505 652 1662 720 λόγια
1690 654 1917 724 Κυρίου,

343 736 435 787 καὶ
475 735 541 806 τῇ
578 741 858 808 προσευχῇ
904 740 989 792 ἀεὶ
1034 737 1231 793 ἐαυτὸν
1272 741 1641 806 καθοπλίζειν,
1686 746 1783 796 καὶ
1821 745 1919 811 τῆς

2026 562 2335 633 adjungunt
2359 556 2625 631 propius,
2666 563 2759 630 qui
2794 565 3051 643 quopiam
3073 562 3462 634 fragratnobili
3501 582 3599 619 un-

2025 662 2260 723 guento,
2295 654 2401 708 hoc
2426 659 2551 713 est,
2584 655 2943 724 suaviloquo,
2992 655 3086 724 qui
3117 655 3306 708 sedula
3339 655 3599 724 indagine

2026 753 2407 813 perscrutatur
2448 744 2684 799 verbum
2741 747 2988 811 bonum,
3046 754 3101 799 et
3155 747 3252 815 qui
3302 756 3450 802 casta
3498 747 3596 802 Dei

343 827 655 898 ἀγρυπνίας
687 828 747 880 τδ
783 830 972 899 κέρδος
1004 832 1334 902 ίχνηλατεϊν.
1380 832 1444 886 'H
1479 835 1585 906 γάρ
1633 834 1913 905 παρρησία

2023 835 2244 904 eloquia
2277 836 2501 890 abunde
2530 836 2791 892 eli'undit.
2816 836 2969 891 Nihil
3001 836 3151 889 enim
3189 837 3271 891 sic
3293 838 3596 893 obscurare

345 921 607 992 βδελυκτή
652 924 825 988 ἐστιν,
875 924 1060 987 καθὼς
1106 927 1418 996 γέγραπται
1466 930 1526 980 ἐν
1564 928 1642 998 τῷ
1685 928 1917 999 Ἐκκλη-

344 1006 562 1084 etiam,
616 1014 700 1067 ὅτι
737 1014 1024 1086 Βδέλυγμα
1070 1018 1263 1088 Κυρίῳ
1311 1018 1584 1089 στηρίζων
1616 1017 1916 1088 ὀφθαλμόν·

342 1108 436 1161 καὶ
472 1108 523 1162 οί
563 1107 903 1174 ἀπαίδευτοι,
952 1112 1211 1181 ἀκρατεῖς
1245 1111 1516 1184 γλώσσης.
1561 1113 1687 1166 Ἐὰν
1720 1130 1918 1183 μαστι-

342 1199 529 1270 γώσῃς
557 1199 771 1270 ἄφρονα
799 1201 871 1253 -ἐν
905 1200 1058 1272 μέσῳ
1091 1202 1369 1272 συνεδρίου
1397 1203 1703 1273 ἀτιμάζων,
1737 1206 1798 1257 οὐ
1840 1204 1916 1276 μὴ

344 1290 619 1359 περιελεῖς
643 1289 744 1362 τὴν
772 1290 1086 1360 ἀφροσύνην
1115 1291 1305 1345 αὑτοῦ.
1340 1294 1449 1345 Καὶ
1487 1292 1667 1357 αὖθις·
1699 1310 1718 1344 ι
1750 1294 1917 1362 Σοφία

342 1380 634 1452 ἀνθρώπου
664 1383 858 1449 φωτιετ
883 1362 1176 1452 πρόσωπον
1203 1382 1392 1436 αὐτοῦ·
1421 1383 1642 1453 ἀναιδὴς
1665 1384 1721 1436 δέ
1749 1400 1916 1453 προσ-

340 1470 477 1539 ώπῳ
511 1470 699 1537 αὐτοῦ,
732 1471 1118 1542 μισηθήσεται.
1149 1493 1169 1525 ι
1195 1474 1306 1526 Kal
1337 1473 1396 1524 ἐν
1420 1474 1541 1536 ταῖς
1566 1474 1913 1544 Παροιμίαις·

348 1579 368 1612 ι
405 1562 643 1623 Σπάνιον
667 1561 866 1631 ιεῐσαγε
895 1563 986 1616 σὺν
1016 1563 1153 1618 πόδα
1185 1564 1319 1635 πρὸς
1348 1563 1440 1617 σδν
1473 1563 1648 1633 φίλον,
1684 1566 1758 1635 μή
1786 1582 1915 1619 ποτε

342 1651 606 1720 πλησθεὶς
638 1653 913 1723 μισήσειε.
944 1672 963 1704 ι
994 1684 1064 1694 —
1089 1672 1109 1705 ι
1132 1654 1500 1724 Ἀπόστρεψον
1552 1653 1661 1708 ἀπὸ
1691 1654 1786 1707 σοῦ
1817 1656 1916 1709 ἐπ-

343 1742 674 1806 ονειδίστους
713 1743 925 1811 λόγους.
968 1763 988 1798 ι
1032 1745 1144 1798 Kal
1173 1745 1356 1799 πάλινο
1399 1765 1428 1797 ι.
1464 1746 1560 1809 Ὃς
1612 1745 1678 1799 ἂν
1717 1747 1913 1816 εὐλογῇ

2024 924 2314 979 consuevit
2344 933 2400 979 et
2428 925 2654 979 abolere
2682 925 3030 994 splendorem
3070 926 3314 989 virtutis,
3343 933 3406 978 ut
3438 927 3597 981 blan-
3694 931 3700 938 ’

2024 1014 2246 1085 diloqua
2282 1026 2449 1085 atque
2477 1017 2744 1071 urbanior
2778 1017 3088 1072 scurrilitas
3114 1058 3128 1078 ,
3179 1024 3242 1071 ut
3270 1018 3484 1073 ludicra
3531 1035 3597 1075 ac

2025 1109 2284 1176 petulans
2314 1110 2632 1179 nugacitas,
2685 1119 2747 1164 ut
2795 1111 3011 1164 otiosus
3060 1126 3241 1165 sermo
3286 1119 3345 1165 et
3397 1128 3598 1181 expers

2023 1197 2201 1267 frugis
2249 1198 2427 1252 bonae.
2476 1199 2612 1253 Item
2661 1198 2799 1252 nihil
2848 1200 2931 1254 sic
2960 1209 3192 1255 renovat
3223 1210 3280 1255 et
3326 1203 3596 1271 quodam-

2025 1288 2191 1341 modo
2225 1288 2599 1358 repubescere
2621 1281 2760 1344 'l'acit
2788 1291 3027 1345 animam
3062 1292 3270 1362 alioqui
3314 1294 3596 1349 invetera-

2024 1384 2156 1443 tam,
2192 1387 2253 1430 ut
2279 1378 2445 1432 timor
2468 1379 2565 1434 Dei
2592 1419 2607 1443 ,
2643 1389 2702 1433 ut
2734 1382 2914 1434 oratio
2953 1396 3086 1437 sane
3116 1398 3283 1452 quam
3312 1386 3593 1454 speciosa,

2024 1475 2086 1521 ut
2122 1484 2326 1539 perpes
2369 1479 2425 1525 et
2469 1471 2744 1527 indefessa
2774 1473 3060 1527 meditatio
3090 1475 3441 1544 eloquiorum
3486 1478 3596 1531 Do-

2023 1558 2159 1637 mini
2191 1601 2204 1625 ,
2235 1569 2296 1615 ut
2325 1561 2371 1615 si
2407 1562 2646 1631 teipsum
2676 1563 2935 1618 obarmes
2989 1574 3043 1619 et
3090 1568 3436 1622 communias
3476 1569 3594 1639 jugi

2023 1650 2344 1718 precatione
2370 1693 2385 1716 ,
2423 1653 2470 1707 si
2505 1655 2698 1707 sedulo
2743 1670 2807 1710 ac
2855 1655 3024 1709 veluti
3065 1671 3167 1726 per
3204 1659 3434 1729 vestigia
3480 1662 3594 1714 sci-

2022 1740 2231 1809 scitere
2290 1751 2556 1812 quantum
2606 1760 2675 1798 ex
2732 1745 2941 1816 vigiliis
2987 1749 3199 1803 resiliat
3255 1751 3591 1820 compendii.

342 1832 498 1900 φίλον
526 1833 674 1904 πρωῒ
726 1834 940 1907 μεγάλῃ
982 1837 1050 1906 τῇ
1089 1836 1263 1906 φωνῆ,
1318 1836 1717 1908 καταρωμένου
1764 1837 1913 1889 οὐδὲν

2027 1828 2242 1899 1050
2268 1830 2362 1884 illa
2397 1846 2563 1900 porro
2594 1833 2861 1888 audacior
2890 1843 3056 1904 atque
3092 1836 3386 1905 imperiosa
3419 1838 3595 1894 liber-

340 1923 623 1995 διαφέρειν
659 1923 822 1989 δόξει.
862 1945 881 1978 ι
916 1927 1027 1980 Καὶ
1049 1926 1236 1981 πάλιν⁶
1265 1927 1399 1991 «Ὃς
1422 1927 1689 1996 φυλάσσει
1711 1929 1772 1980 τὸ
1807 1929 1920 1981 στό-

344 2030 420 2079 μα
454 2012 621 2066 αὐτοῦ
680 2014 774 2067 καὶ
807 2014 909 2084 τὴν
953 2015 1227 2083 γλῶσσαν,
1277 2015 1528 2092 διατηρεῖ
1578 2016 1644 2069 ἐκ
1686 2015 1919 2086 θλίψεως

339 2103 438 2171 τὴν
464 2103 646 2174 ψυχὴν
698 2104 887 2159 αὑτοῦ.
939 2124 958 2157 ι
1011 2105 1434 2178 ’Δγωνισώμεθα
1469 2105 1584 2173 οὖν,
1615 2110 1914 2180 ἀγαπητοὶ,

348 2195 499 2273 πάσῃ
547 2196 779 2265 δυνάμει
813 2196 888 2268 μὴ
925 2196 1108 2251 δοῦναι
1150 2198 1337 2269 χώραν
1377 2198 1472 2252 τοῦ
1500 2200 1918 2272 κατακυριεύειν

340 2284 498 2354 ἡμῶν
527 2285 589 2339 τὸ
609 2285 781 2349 πάθος
808 2286 910 2357 τῆς
940 2288 1123 2358 δεινῆς
1154 2290 1494 2361 παρρησίας.
1524 2291 1775 2346 Χαλεπὸν
1809 2296 1916 2366 γάρ

341 2377 491 2429 ἐστιν
528 2376 674 2440 λίαν,
707 2377 803 2430 καὶ
842 2379 1158 2450 γεννητικὸν
1189 2381 1407 2434 πάντων
1435 2381 1545 2435 τῶν
1576 2383 1792 2447 παθῶν,
1822 2386 1918 2439 καὶ

240 2478 245 2485 ·
340 2466 653 2538 διαφθεῖρον
692 2468 850 2532 ὅλους
872 2470 1001 2527 τοὺς
1035 2472 1308 2541 καρποὺς.
1334 2473 1432 2527 καὶ
1457 2473 1558 2539 τάς
1591 2476 1792 2549 ἀρετὰς
1821 2477 1916 2530 τοῦ

340 2557 649 2629 ἀνθρώπου·
679 2561 1057 2631 μεμισημένον
1083 2562 1142 2616 δέ
1161 2564 1309 2616 ἐστιν
1337 2566 1432 2618 καὶ
1459 2566 1611 2638 παρά
1636 2564 1731 2620 τοῦ
1754 2566 1915 2621 Θεοῦ.

342 2649 506 2704 Ὅθεν
537 2651 632 2705 xal
658 2651 752 2705 τὸν
802 2653 990 2717 Ὦζᾶν,
1023 2655 1375 2729 τολμήσαντα
1398 2658 1638 2711 ἐκτεῖναι
1666 2658 1765 2724 τὴν
1799 2660 1920 2729 xei;

340 2758 433 2813 ρα,
464 2742 560 2795 καὶ
591 2742 1003 2814 περισώσασθαι
1048 2728 1148 2816 τὴν
1197 2746 1431 2802 κιϐωτὸν
1465 2747 1560 2801 τοῦ
1613 2747 1772 2804 Θεοῦ.
1806 2750 1915 2804 tta-4

340 2830 513 2901 ραχρῆ
524 2848 620 2900 μα,
645 2830 721 2895 ὡς
742 2832 911 2902 ἐναγῆ
938 2835 1031 2886 καὶ
1058 2833 1272 2906 ἀνίερον
1294 2834 1655 2891 ἐθανάτωσεν.
1680 2837 1756 2890 Τὸ
1775 2840 1916 2910 παῤ-

342 2921 698 2993 ῥησιάζεσθαι
738 2917 853 2999 οὖν,
903 2926 999 2979 καὶ
1055 2926 1408 2998 ἐπαίρεσθαι,
1453 2928 1784 3000 δυσάρεστον
1836 2929 1915 3001 τῷ

337 3013 456 3085 Θεῷ
490 3015 586 3068 καὶ
620 3013 932 3086 ἀνθρώποις
973 3018 1146 3072 ἐστίν.
1206 3020 1318 3073 Kal
1368 3018 1526 3073 τοῦτο
1579 3020 1767 3090 σαφῶς
1800 3022 1917 3075 ’ἐπ’

344 3107 636 3176 ιστάμενος
688 3111 717 3162 ὁ
747 3107 930 3173 Δαυῒδ,
978 3108 1184 3177 ἔλεγεν·
1215 3128 1234 3161 ι
1269 3109 1500 3177 ’Ᾱγαθόν
1548 3128 1639 3181 μοι
1685 3112 1766 3166 ὅτι
1793 3114 1917 3166 ἐτα-

2024 1922 2421 1990 tasloqnendi
2503 1923 2843 1978 abominatio
2883 1936 3009 1991 est,
3062 1938 3232 1996 utque
3305 1929 3595 2000 Scriptura

2019 2012 2273 2065 continet
2298 2012 2351 2065 in
2380 2013 2709 2068 Ecclesiaste
2742 2032 2754 2067 :
2784 2017 3122 2079 exsecratio,
3162 2018 3409 2086 inquam,
3444 2019 3592 2089 apud

2018 2096 2339 2163 Dominum,
2373 2101 2467 2169 qui
2519 2100 2700 2156 lirmat
2728 2104 2981 2169 oculum;
3024 2105 3121 2158 sed
3148 2114 3205 2160 et
3251 2106 3480 2169 indocti,
3514 2108 3596 2162 in-

2018 2193 2386 2261 temperantis
2410 2194 2611 2264 linguae
2641 2196 2856 2249 sunt".
2885 2196 2943 2251 Si
2978 2198 3365 2253 verberaveris
3387 2199 3595 2269 impru-

2017 2280 2261 2345 dentem,
2309 2283 2363 2335 in
2417 2284 2603 2337 medio
2657 2286 2874 2340 consilii
2919 2287 2999 2340 illi
3049 2289 3596 2358 opprobrans,nun—

2016 2386 2182 2441 quam
2234 2372 2536 2428 abstuleris
2592 2376 2883 2430 stultitiam
2943 2377 3115 2431 illius.
3144 2361 3401 2434 Rursus:
3457 2379 3598 2435 «Sa-

2016 2465 2221 2535 pientia
2275 2464 2516 2522 hominis
2561 2468 2804 2524 illustrat
2848 2468 3045 2523 t‘aciem
3095 2470 3250 2539 ejus;
3302 2469 3596 2539 impudens

2016 2566 2201 2609 autem
2263 2554 2402 2610 facie
2460 2557 2689 2613 Odlllilis
2733 2558 2842 2613 erit
2870 2559 2936 2612 ”.
2976 2577 2994 2607 ι
3029 2556 3097 2613 Et
3132 2559 3186 2612 in
3224 2559 3589 2613 Proverbiis:

2024 2665 2043 2697 ι
2079 2648 2281 2702 Rarius
2317 2649 2461 2703 infer
2490 2650 2685 2719 pedem
2721 2659 2875 2705 tuum
2912 2652 2967 2705 in
3013 2651 3237 2705 domum
3272 2652 3472 2713 amici,
3525 2668 3595 2705 ne

2014 2738 2159 2793 lbrte
2180 2740 2412 2794 satiatus
2434 2742 2617 2797 oderit
2645 2751 2697 2797 te
2725 2744 2927 2795 ’ἣν-ι
2958 2742 3159 2798 Averte
3187 2742 3285 2797 abs
3300 2752 3358 2798 te
3384 2758 3595 2797 sermo-

2015 2824 2117 2885 nes
2147 2832 2430 2900 Opprobrii
2462 2833 2530 2884 ”.
2578 2852 2596 2885 ι
2650 2814 2860 2888 lterum
2891 2832 2917 2886 ε’
2944 2851 2961 2883 ι
2997 2832 3097 2898 Qui
3128 2832 3407 2886 benedicit
3434 2846 3594 2886 mane

2014 2921 2253 2976 amicum
2290 2934 2504 2977 exserta
2534 2939 2694 2989 voce,
2742 2923 2880 2979 nihil
2908 2924 3133 2979 dill‘errc
3160 2924 3383 2978 videtur
3419 2924 3486 2978 ab
3526 2937 3594 2978 eo

2015 3015 2110 3082 qui
2170 3010 2538 3069 maledicit“.
2579 3035 2597 3066 ι
2648 3016 2889 3070 Rursum
2946 3033 2960 3069 :
3033 3034 3051 3065 ι
3088 3014 3191 3080 Qui
3233 3014 3489 3069 custodit
3530 3028 3596 3071 os

2014 3120 2179 3159 suum
2200 3113 2255 3158 et
2279 3104 2545 3176 linguam,
2578 3114 2872 3161 conservat
2901 3122 2930 3160 a
2967 3106 3329 3161 tribulatione
3350 3107 3592 3160 animam

341 3168 627 3263 avehi-imae
651 3218 740 3270 με,
779 3168 928 3265 ὅπως
964 3203 1031 3255 ἂν
1064 3168 1221 3271 μάθω
1249 3202 1321 3256 τά
1343 3168 1707 3274 ’δικαιώματά
1736 3222 1850 3259 σου.
1887 3223 1906 3257 ι

2018 3210 2169 3250 suam
2196 3197 2261 3249 ’⁷.
2297 3215 2314 3246 ι
2356 3196 2425 3250 Ει
2459 3212 2560 3251 nos
2607 3196 2776 3267 igitur
2810 3213 2912 3267 pro
2956 3192 3102 3252 virili
3132 3239 3146 3263 ,
3177 3198 3381 3253 fratres
3405 3239 3419 3262 ,
3477 3207 3594 3255 toto

338 3290 471 3356 Kal,
518 3309 536 3342 ι
592 3291 924 3363 Καθήλωσον
955 3295 1020 3346 ἐκ
1057 3293 1150 3347 τοῦ
1199 3293 1366 3363 φόϐου
1418 3311 1511 3347 σου
1557 3295 1656 3361 τάς
1707 3296 1913 3366 σάρκας

2018 3289 2142 3344 nixu
2167 3288 2579 3359 provideamus,
2606 3305 2675 3344 ne
2698 3305 2864 3359 quem
2889 3291 3069 3345 locum
3090 3291 3143 3345 in
3169 3292 3331 3346 nobis
3357 3290 3595 3345 vitiosus

342 3399 463 3447 μου·
501 3383 607 3436 ἀπὸ
635 3386 745 3455 γὰρ
769 3385 877 3438 τῶν
906 3385 1193 3467 κριμάτων
1225 3402 1318 3439 σου
1352 3386 1654 3456 ἐφοϐήθην.
1696 3405 1714 3437 ι
1738 3379 1854 3440 Kal
1886 3390 1913 3440 ό

2018 3379 2102 3434 hic
2132 3381 2491 3435 nanciscatur
2506 3380 2960 3451 allectuslinguze
2989 3382 3263 3450 procacis.
3299 3381 3594 3449 nequando

341 3472 550 3535 Παῦλός
578 3491 761 3542 φησιν·
800 3495 818 3527 ι
856 3475 1160 3545 Ἐδόθημοι
1185 3476 1420 3544 σκώλωψ
1452 3479 1518 3546 τῇ
1551 3478 1714 3547 σαρκὶ
1743 3478 1912 3546 ἄγγε-

338 3561 429 3624 λος
457 3563 654 3624 Σατᾶν,
690 3566 778 3618 ἴνα
811 3583 877 3635 με
908 3567 1199 3638 κολαφίζῃ.
1237 3569 1323 3620 ἵνα
1354 3569 1427 3638 μὴ
1457 3569 1902 3639 ὑπεραίρωμαι.ι

340 3651 449 3701 Καὶ
477 3644 652 3713 ἄλλος·
696 3671 714 3703 ι
760 3653 857 3716 Τίς
892 3657 1229 3725 καυχήσεται
1270 3656 1441 3727 ἀγνὴν
1473 3655 1618 3725 ἔχειν
1649 3656 1747 3727 τὴν
1775 3674 1911 3727 καρ-

335 3742 486 3805 δίαν;
522 3743 553 3812 ἢ
584 3743 667 3805 τίς
696 3745 1145 3815 -παρῤησιάσεται
1181 3745 1411 3798 ἐνώπιον
1440 3745 1646 3812 αὐτοῦς
1687 3765 1706 3798 ι
1744 3746 1907 3799 Ὅθεν

338 3830 433 3884 καὶ
460 3832 488 3883 ὁ
515 3833 718 3901 Κύριος
744 3834 1253 3905 παῤῥησιασαμένῳ
1270 3833 1347 3905 τῷ
1375 3835 1587 3906 Πέτρῳ,
1609 3835 1705 3903 xal
1724 3834 1908 3888 εἰπόν-

335 3937 410 3974 τι’
450 3940 469 3973 ι
504 3922 696 3986 Ἵλεώς
733 3942 837 3987 σοι,
881 3925 1079 3995 Κύριε,
1112 3927 1173 3978 οὐ
1224 3926 1299 3994 μὴ
1341 3925 1494 3979 ἔσται
1538 3942 1620 3978 σοι
1659 3924 1838 3989 τοῦτο,
1883 3944 1901 3976 ι

339 4015 691 4085 ἐπετίμησεν,
715 4015 909 4069 εἰπών’
940 4035 958 4069 ι
989 4018 1209 4083 ’Ὕπαγε
1235 4017 1412 4070 ὀπίσω
1449 4034 1577 4085 μου,
1615 4018 1847 4070 Σατανᾶ.
1881 4035 1899 4067 ι

351 4102 750 4174 Ἐπερωτηθεὶς
798 4106 855 4158 δέ
893 4107 1035 4175 μετά
1065 4106 1163 4176 τὴν
1204 4108 1500 4160 ἀνάστασιν
1531 4106 1638 4159 ὑπὸ
1664 4105 1759 4159 τοῦ
1793 4108 1905 4159 Ku-

340 4194 475 4264 ρίου’
511 4198 763 4267 ιιῐΙὲτρε,
792 4199 968 4266 φιλεῖς
1006 4215 1118 4269 με;
1167 4217 1186 4250 ι
1220 4200 1319 4251 σὺν
1351 4198 1500 4270 πάισῂ
1535 4197 1789 4268 εὐλαϐείᾳ
1809 4199 1914 4251 ἀπ-

2014 3470 2308 3526 adversum
2380 3486 2481 3525 nos
2546 3470 2845 3525 invalescat
2904 3470 3276 3539 imperiosius.
3314 3471 3593 3539 Pcrquam

2014 3558 2246 3613 molesta
2270 3566 2357 3612 est
2397 3557 2515 3613 hac
2548 3557 2744 3611 anima:
2771 3557 3150 3626 intemperies,
3184 3571 3214 3610 e
3234 3571 3343 3626 qua
3362 3572 3465 3611 cen
3495 3571 3592 3626 pa-

2016 3653 2172 3699 rente
2206 3654 2419 3699 caetera:
2477 3644 2899 3713 progerminant
2929 3650 2985 3698 et
3035 3652 3364 3715 emergunt:
3415 3659 3594 3713 coque

2015 3736 2230 3791 fructus
2264 3735 2513 3790 exercitii
2565 3735 2729 3804 hujus
2763 3734 2940 3788 nostri
2998 3750 3200 3788 omnes
3255 3734 3592 3804 putrilagine

2016 3840 2081 3879 ac
2113 3840 2363 3880 marcore
2394 3825 2578 3895 perdit
2607 3865 2622 3889 ,
2658 3824 2895 3879 virtutes
2924 3824 3070 3894 ipsas
3110 3823 3356 3879 hominis
3411 3823 3593 3878 reddit

2015 3915 2211 3969 inanes
2257 3913 2436 3984 frugis
2484 3914 2664 3968 bonae.
2715 3914 2771 3968 ln
2809 3930 2906 3970 eos
2937 3914 3085 3969 cadit
3109 3914 3347 3969 vitiosus
3381 3913 3473 3969 hic
3506 3912 3592 3967 af-

2012 4006 2216 4069 fectus,
2242 4021 2384 4075 quos
2406 4006 2523 4060 odit
2552 4007 2699 4059 Deus
2733 4005 3128 4061 infensissime.
3152 4005 3307 4061 Unde
3347 4014 3403 4060 et
3440 4004 3589 4059 Ozan

2011 4099 2105 4168 qui
2137 4115 2235 4168 per
2259 4098 2625 4153 temeritatem
2657 4098 3012 4168 exporrigere
3036 4113 3256 4153 manum
3283 4113 3450 4152 ausus
3478 4104 3583 4160 est,

2011 4196 2072 4243 ut
2104 4205 2235 4243 arca
2258 4188 2355 4244 Dei
2388 4198 2706 4244 servaretur
2741 4188 3066 4256 incolumis;
3100 4197 3163 4245 ut
3189 4188 3585 4244 exsecrabilem

337 4283 553 4355 εκρίθη,
590 4303 608 4334 ι
640 4287 769 4351 Nal,
803 4287 996 4359 Κύριε,
1024 4287 1088 4339 σὺ
1118 4282 1270 4350 οἶδας
1293 4288 1375 4340 ὅτι
1419 4285 1558 4355 φιλῶ
1585 4303 1665 4339 σε.
1700 4305 1718 4337 ι
1750 4284 1908 4356 Αὐτῷ

2018 4293 2074 4333 ac
2098 4279 2393 4347 profanum
2428 4279 2483 4333 in
2516 4280 2753 4349 vestigio
2777 4288 2954 4333 morte
2990 4279 3244 4333 multavit
3266 4279 3332 4332 ".
3351 4277 3585 4330 Temere

335 4374 368 4441 ή
398 4372 544 4437 δόξα.
587 4376 781 4445 Ἀμήν.
1103 4412 1113 4421 .
1350 4372 1353 4373 ’

2018 4386 2140 4443 ergo
2175 4372 2325 4441 loqui
2360 4387 2425 4426 ac
2455 4387 2576 4427 sese
2615 4371 2813 4426 efferre
2862 4370 3222 4439 impotentius
3249 4410 3262 4430 ,
3285 4378 3586 4435 utrumque

334 4464 479 4533 apud
517 4466 686 4521 Deum
714 4479 770 4522 et
820 4469 1076 4524 homines
1106 4478 1258 4525 caret
1312 4469 1507 4540 gratia.
1566 4468 1723 4535 Quod
1775 4483 1901 4523 cum
1938 4465 2229 4535 perspicue
2290 4472 2476 4518 nosset
2545 4462 2753 4529 David,
2798 4463 3019 4518 dicebat
3053 4479 3067 4516 :
3132 4481 3150 4512 ι
3185 4461 3396 4515 Bonum
3426 4458 3584 4541 rmihi

334 4553 483 4620 quod
541 4555 846 4611 humiliasti
900 4573 987 4612 me
1017 4596 1032 4621 ,
1101 4565 1162 4611 ut
1218 4557 1424 4611 discam
1477 4555 1902 4627 iustiﬁcationes
1942 4562 2064 4609 tuas
2087 4555 2156 4605 θ’.
2188 4571 2206 4602 ι
2278 4552 2347 4606 Et
2382 4570 2394 4605 :
2459 4570 2476 4602 ι
2518 4551 2740 4622 Conlige
2767 4552 2962 4608 timore
2990 4560 3085 4607 tuo
3105 4566 3304 4605 carnes
3324 4565 3518 4614 meas;
3552 4565 3583 4605 a

334 4643 559 4712 iudiciis
604 4645 751 4700 enim
780 4646 893 4701 tuis
930 4647 1091 4702 timui
1125 4647 1164 4700 ί.
1202 4666 1220 4697 ι
1256 4646 1363 4701 Sed
1392 4654 1449 4700 et
1512 4646 1749 4701 Paulus:
1788 4666 1804 4696 ι
1843 4644 2015 4699 Datus
2038 4651 2124 4697 est
2153 4642 2291 4697 mihi
2355 4641 2612 4696 stimulus
2660 4641 2847 4697 carnis
2893 4641 3121 4712 angelus
3177 4639 3430 4707 Satanae,
3488 4640 3582 4709 qui

336 4749 422 4789 me
477 4734 825 4804 colaphizet,
861 4743 923 4789 ut
971 4750 1042 4790 ne
1103 4734 1336 4790 extollar
1378 4737 1419 4788 ³.
1460 4754 1481 4786 ι
1534 4734 1692 4789 Alius
1734 4734 1909 4788 item:
1957 4750 1976 4783 ι
2015 4731 2150 4797 Quis
2169 4729 2499 4801 gloriabitur
2520 4716 2786 4783 rntiudum
2845 4744 2904 4783 se
2956 4728 3309 4784 haberecor?
3331 4727 3586 4799 Autquis

333 4826 509 4881 libere
557 4828 822 4895 loquetur
869 4840 1056 4881 coram
1124 4843 1191 4880 eo
1230 4828 1343 4880 ³7»
1378 4827 1536 4883 Unde
1610 4835 1667 4882 et
1717 4825 1984 4881 Dominus
2021 4825 2184 4879 Petro
2240 4821 2505 4877 audacius
2557 4836 2720 4893 quam
2779 4821 3146 4877 conveniebat
3177 4816 3406 4886 locuto;
3454 4837 3582 4876 cum

331 4920 479 4973 enim
507 4920 555 4974 is
587 4920 862 4976 dixisset:
904 4940 921 4971 ι
956 4919 1239 4989 Propitius
1293 4930 1414 4974 esto
1461 4920 1591 4985 tibi,
1648 4920 1909 4981 Domine,
1951 4932 2060 4972 non
2090 4917 2199 4971 erit
2228 4917 2328 4971 tibi
2357 4915 2484 4980 hoc,
2518 4933 2538 4966 ι
2598 4914 2809 4970 acriter
2872 4929 2999 4970 eum
3060 4914 3355 4984 coarguit:
3393 4913 3585 4968 «Vade

334 5021 507 5076 retro,
540 5012 745 5067 Satana
768 5012 809 5068 ⁸.
849 5033 867 5064 ι
905 5013 1070 5082 Atqui
1103 5012 1251 5067 idem
1316 5027 1441 5066 mox
1478 5030 1507 5066 a
1549 5014 1961 5067 resurrectione
1989 5027 2019 5065 a
2041 5009 2276 5065 Domino
2305 5010 2714 5077 interrogatus:
2747 5025 2765 5056 ι
2797 5006 2980 5071 Petre,
3006 5005 3190 5076 diligis
3222 5021 3309 5060 me
3330 5005 3354 5058 ’ἔ
3379 5024 3397 5056 ι
3434 5003 3581 5058 omni

331 5119 457 5158 cum
491 5104 693 5160 timore
724 5119 789 5159 ac
822 5105 1134 5160 reverentia
1166 5104 1490 5173 respondit:
1536 5126 1553 5156 ι
1579 5104 1770 5167 Certe,
1805 5105 2056 5169 Domine,
2080 5113 2137 5160 tu
2167 5101 2295 5160 scis.
2328 5102 2455 5170 quia
2513 5115 2637 5155 amo
2694 5110 2749 5156 te
2772 5101 2854 5155 ⁵.»
2918 5100 3024 5170 ipsi
3074 5098 3248 5169 gloria
3276 5097 3330 5150 in
3358 5096 3577 5151 smeula.

329 5195 526 5250 Amen.
566 5206 569 5209 '
2232 5200 2235 5203 ’

967 5372 1013 5406 ⁸³
1042 5372 1224 5427 Eccle.
1249 5390 1364 5437 vni,
1401 5374 1452 5428 1.
1529 5371 1574 5405 ⁵⁸
1603 5374 1765 5426 Prov.
1802 5386 1924 5434 xxv,
1965 5370 2051 5425 l7.
2128 5372 2174 5404 "
2208 5370 2376 5425 Eceli.
2405 5386 2511 5434 xtl,
2543 5371 2632 5426 28.
2710 5371 2755 5403 "
2779 5370 2943 5424 Prov.
2992 5384 3154 5432 xxvn,
3195 5370 3280 5422 l4.
3333 5366 3386 5437 A”
3415 5364 3576 5437 Prov.

394 5375 634 5429 "Ecc‘c.
671 5388 765 5433 xu,
801 5372 891 5426 29..
967 5372 1013 5406 °‘
1042 5372 1224 5427 Eccle.
1249 5390 1364 5437 vm,
1401 5374 1452 5428 1.
1529 5372 1574 5405 ⁵⁸
1603 5374 1765 5426 Prov.
1802 5386 1924 5434 xxv,
1965 5372 2051 5425 l7.
2128 5372 2174 5404 "
2208 5372 2376 5425 Eceli.
2405 5386 2511 5434 xtl,
2543 5372 2632 5426 28.
2710 5372 2755 5403 ⁹⁶
2779 5372 2943 5424 Prov.
2992 5384 3154 5432 xxvn,
3195 5372 3280 5422 M.
3342 5372 3385 5398 "
3416 5372 3575 5420 Prov.

394 5458 448 5503 LI,
483 5443 571 5495 Q3.
642 5446 692 5473 "
728 5443 769 5496 ll
796 5443 927 5505 Reg.
950 5458 1025 5505 Vl,
1059 5444 1113 5496 6.
1191 5445 1238 5474 ”
1269 5444 1411 5497 Psal.
1439 5459 1619 5505 c.\vut,
1649 5447 1737 5502 7|.
1819 5444 1832 5472 ¹
1862 5441 1993 5495 ibid.
2028 5441 2147 5495 ιεο.
2221 5443 2239 5472 ³
2270 5441 2314 5495 ll
2339 5440 2465 5495 Cor.
2500 5457 2590 5505 xu,
2652 5441 2704 5495 7.
2819 5440 2838 5471 ³
2873 5440 3033 5493 Prov.
3069 5455 3155 5495 xx.
3177 5438 3234 5493 9.
3329 5435 3352 5468 ⁸
3382 5435 3575 5490 Matth.

333 5458 448 5503 ut,
483 5443 571 5495 Q3.
642 5446 692 5473 "
728 5443 769 5496 ll
796 5443 927 5512 Reg.
950 5458 1025 5505 Vl,
1059 5444 1113 5496 6.
1191 5445 1238 5474 ”
1269 5444 1411 5497 Psal.
1439 5459 1619 5505 c.\vut,
1649 5447 1737 5502 7|.

334 5531 441 5576 xvi,
474 5514 565 5575 2‘3,
599 5512 688 5567 25.
768 5513 788 5543 ⁸
812 5513 970 5566 Joan.
1006 5528 1115 5575 xxx,
1151 5512 1237 5577 l5,
1273 5513 1357 5571 l7.
