4020 6146
512 325 646 391 147g
1779 320 2144 380 ANTIOCHI
2170 323 2528 384 'MONACHI
3573 335 3686 399 “‘0

1030 433 1316 492 HOMILIA
1387 434 1549 488 XVII.
2105 435 2148 490 Α

1542 472 1549 485 .
2105 435 2148 490 Α
2792 436 3006 488 ΛΟΓΟΣ
3037 437 3129 487 1Ζ’.

502 531 653 597 Quod
707 528 1074 584 abstinendum
1132 529 1216 649 alii.
1250 546 1283 581 a
1335 527 1594 596 familiari
1643 524 1901 595 colloquio
1954 539 2071 575 mu—

910 634 917 639 -
1200 613 1389 650 aerum.

1859 526 1901 577 io
1954 539 2071 575 mu—
2462 525 2598 591 Περὶ
2641 522 2746 576 τοῦ
2785 526 3115 594 ἀπέχεσθαι
3144 528 3446 595 γυναικῶν.

575 691 941 759 Maximopere
968 688 1383 742 accommodum
1415 696 1500 741 est
1529 702 1593 741 ac
1623 687 1821 740 rationi
1847 700 2077 754 prorsus

2250 676 2321 727 Τὸ
2351 677 2655 745 ἀπέχεσθαι
2676 678 2975 745 γυναικῶν,
3010 681 3151 734 πάνυ
3187 682 3480 751 πρόσφορον
3508 685 3590 737 καὶ
3611 686 3688 755 ἆρ-

503 789 959 841 consentaneum,
982 788 1042 831 ut
1075 779 1113 832 ii
1141 778 1236 847 qui
1265 779 1498 849 cupiunt
1528 778 1696 832 vitam
1722 778 1863 831 hanc
1889 786 2072 830 trans-

2184 767 2361 836 μόδιόν
2397 771 2513 847 ἐστι
2551 773 2661 832 τοῖς
2693 770 2935 825 ἐθέλουσι
2964 771 3079 842 βίον
3102 774 3335 842 ἄμωμον
3359 774 3447 826 καὶ
3468 776 3695 845 ἀκηλίδω-

503 876 729 929 mittere
786 872 1149 941 inculpatam,
1180 887 1283 925 nec
1312 871 1423 925 ulla
1459 870 1513 924 in
1561 880 1716 940 parte
1741 869 2075 929 defedatam,

2181 871 2272 907 τον
2304 856 2534 923 διάγειν.
2585 858 2953 930 Ἀνάρμοστον
3010 865 3119 932 γὰρ
3172 866 3285 924 τοῖς
3335 862 3473 929 ἅπαξ
3503 867 3694 934 φυγοῦσι

503 983 534 1021 a
581 964 842 1019 familiari
904 962 1202 1017 mulierum
1256 962 1555 1031 congressu
1605 962 1709 1015 sibi
1747 967 2077 1029 temperent.

2180 945 2269 1009 τὸν
2293 947 2496 1017 κόσμον
2525 950 2735 1018 ὁμιλεῖν
2766 953 3035 1020 γυναιξὶν,
3065 954 3098 1022 ἢ
3138 954 3418 1023 γλίχεσθαι
3452 958 3694 1027 συντυχειις

504 1060 650 1116 Nihil
689 1057 836 1113 enim
889 1057 1071 1110 minus
1114 1054 1374 1109 convenit
1401 1093 1415 1113 ,
1451 1068 1613 1122 quam
1668 1060 1728 1105 ut
1777 1053 1871 1120 qui
1906 1051 2076 1113 semel

2178 1039 2671 1104 γυναικῶν..Τινές
2709 1042 2819 1113 γὰρ
2858 1045 3127 1119 προφάσει
3152 1045 3327 1113 δῆθεν
3376 1047 3697 1115 συμπαθείας,

505 1149 772 1206 mundum
796 1148 942 1200 hunc
970 1144 1233 1215 fugerunt
1258 1186 1272 1209 ,
1311 1126 1642 1197 mulieribus
1685 1158 1745 1197 se
1793 1143 2080 1196 insinuent

2180 1125 2407 1187 εὐσεϐὲς
2463 1127 2665 1182 οἴονται
2706 1131 3013 1199 συνδιάγειν
3066 1135 3315 1202 γυναιξί·
3361 1136 3697 1206 ῥιψοκινδύνως

509 1238 767 1295 familiari
797 1236 1095 1304 colloquio,
1128 1244 1224 1288 aut
1252 1250 1350 1303 per
1373 1248 1564 1287 earum
1604 1247 1963 1302 congressum
2012 1247 2079 1286 ac

2185 1216 2485 1284 μονώτατοι
2525 1219 2683 1273 τοῦτο
2716 1224 3046 1293 πράττοντες
3071 1242 3084 1255 ·
3137 1227 3189 1279 οἳ
3246 1226 3338 1280 καὶ
3386 1228 3701 1297 εὐλοιδόρητοι

510 1308 741 1386 delicias
794 1334 1064 1381 enervent
1103 1333 1161 1379 et
1190 1325 1485 1393 inquinent
1516 1334 1799 1392 arreptum
1830 1323 2080 1392 proposi-

2183 1308 2277 1357 καὶ
2311 1310 2625 1365 σκανδάλων
2650 1312 2861 1366 πολλῶν
2899 1315 3063 1371 αἴτιοι
3096 1316 3358 1384 γίνονται.
3394 1314 3497 1370 Καὶ
3522 1334 3701 1386 πρεφα-
3737 1334 3740 1339 ·

510 1430 649 1475 tum.
684 1418 916 1484 Quidam
944 1416 1116 1479 enim,
1166 1423 1430 1485 praetextu
1467 1431 1496 1468 a
1528 1414 1910 1483 compassione
1957 1413 2044 1466 fru
2066 1442 2080 1451 -

2186 1397 2291 1463 νὼς
2326 1399 2499 1464 οὕτως
2547 1403 2989 1474 ἀσχημονοῦντες
3008 1407 3117 1491 ,οὐκ
3151 1407 3463 1478 ἐρυθριῶσι.
3504 1409 3561 1460 Τί
3592 1409 3629 1460 δ’
3650 1405 3701 1458 ἂν

509 1521 626 1568 stra
669 1512 924 1581 quaesito,
983 1509 1299 1578 religiosqu
1347 1522 1471 1560 esse
1523 1513 1751 1559 censent
1797 1521 1860 1559 ac
1905 1505 2079 1573 pium,

2181 1488 2241 1540 οὖ
2280 1495 2541 1571 ποιήσωσι
2574 1494 2683 1548 τῶν
2724 1496 2946 1562 ἀφανῶν
2977 1488 3183 1561 κακῶν,
3216 1500 3268 1549 ει
3295 1498 3386 1549 ἐπὶ
3407 1502 3510 1561 τοῖς
3537 1496 3698 1568 προδή·

509 1580 921 1666 vitamexigere
946 1595 1315 1649 communiter
1351 1610 1476 1647 cum
1518 1593 1870 1646 mulieribus.
1903 1592 2079 1657 Quoto-

2182 1580 2295 1643 λοις
2322 1583 2492 1647 οὕτως
2526 1585 2915 1655 ἐναϐρύνονται
2936 1604 2961 1656 ;~
3000 1590 3131 1663 Πῶς
3154 1590 3213 1641 δέ
3250 1590 3702 1660 σωφρονισθείησαν

510 1695 645 1756 quot
677 1686 783 1740 hoc
817 1684 1025 1738 faciunt
1072 1684 1311 1753 aggressi
1364 1698 1429 1737 ex
1478 1684 1727 1751 professo
1775 1683 2077 1738 solitariam

2182 1673 2296 1739 οἵγε
2347 1679 2440 1728 καὶ
2491 1678 2617 1740 τοὺς
2676 1680 3088 1750 σωφρονοῦντας
3141 1682 3444 1750 γελῶντες;
3499 1684 3608 1745 Πῶς
3658 1684 3703 1734 δὲ

509 1779 703 1841 vitam,
738 1777 928 1845 utique
953 1791 1056 1830 suo
1074 1775 1182 1830 hoc
1201 1774 1410 1829 faciunt
1442 1776 1709 1843 periculo.
1740 1790 1910 1843 seque
1935 1776 2081 1830 ultro

2117 1768 2156 1822 Β
2183 1765 2531 1849 ἐλεγχόμενοι
2576 1769 2896 1835 παύσονται,
2945 1772 3062 1840 οἵγε
3108 1778 3207 1825 καὶ
3258 1774 3381 1838 τοὺς
3427 1774 3704 1840 ἐλέγχοντας

514 1869 747 1923 trudunt
781 1870 837 1923 in
869 1866 1266 1936 praecipitium,
1304 1865 1469 1925 iidem
1497 1865 1573 1919 ad
1615 1866 1914 1936 ingerenda
1947 1881 2080 1920 con-

2184 1858 2560 1929 διασύροντεςς
2592 1861 2713 1924 litin;
2738 1863 2795 1915 δέ
2822 1864 3063 1928 καὶτοὺς
3092 1864 3273 1929 θείους
3302 1867 3565 1935 χρησμοὺς
3585 1865 3705 1917 αἰδε-

511 1961 655 2014 vicia
676 1959 1182 2029 propensissimi,et
1198 1958 1584 2013 scandalorum
1602 1974 1704 2012 nec
1721 1942 2083 2013 mediocrium

2186 1947 2476 2012 σθῶσιν,οἴ
2496 1967 2558 2016 γε
2594 1950 2797 2020 μύθους
2828 1953 3024 2016 αὐτοὺς
3053 1954 3399 2024 νομίζουσιν;
3424 1955 3539 2019 Πῶς
3556 1955 3606 2007 δὲ
3624 1955 3705 2024 τὴν

513 2053 638 2106 miri
670 2052 915 2119 opiﬁces.
973 2050 1176 2120 1051
1235 2048 1484 2117 Cumque
1528 2050 1582 2103 in
1628 2050 1875 2104 omnium
1907 2049 2085 2111 oculis

2185 2036 2362 2107 κρίσιν
2396 2038 2826 2109 φοϐηθήσονται,
2867 2043 2981 2111 οἵγε
3029 2044 3167 2113 μηδὲ
3222 2042 3360 2097 εἶναι
3412 2044 3596 2114 ταύτην
3636 2044 3707 2097 διὰ

514 2158 574 2197 se
595 2158 765 2210 usque
779 2141 918 2195 adeo
942 2149 1139 2210 gerant
1156 2139 1440 2201 indecore,
1474 2156 1576 2194 nec
1601 2140 1682 2194 vel
1708 2140 1787 2194 sic
1809 2140 2082 2193 tantillum

2182 2129 2291 2182 τῶν
2336 2130 2512 2202 ἔργων
2542 2133 2935 2202 κηρύττοντες;
2965 2135 3087 2197 Πῶς
3138 2136 3314 2205 δὲμμτῷ
3363 2135 3567 2206 Χριστῷ
3608 2152 3708 2188 πειο

514 2228 951 2297 suppudescunt.
981 2225 1123 2292 Quid
1156 2242 1265 2280 non
1299 2226 1390 2280 isti
1420 2226 1715 2295 designent
1751 2226 2083 2297 ﬂagitiorum

2188 2223 2516 2294 σθήσονται,
2571 2227 2621 2277 οἱ
2674 2227 2749 2295 μὴ
2794 2226 3108 2296 βουλόμενοι
3154 2230 3260 2291 τὰς
3318 2228 3528 2293 ἐντολὰς
3570 2225 3707 2281 αὐτοῦ

515 2321 571 2375 in
590 2320 830 2378 occulto.
855 2326 912 2372 et
934 2334 1055 2387 quae
1076 2317 1361 2371 hominum
1385 2317 1576 2371 fallant
1598 2318 1846 2381 obtutus,
1865 2319 2084 2388 quando

2184 2312 2463 2388 κατέχειν,
2495 2319 2633 2372 ἀλλὰ
2660 2323 2773 2383 τοῖς
2811 2320 3019 2373 ἑαυτῶν
3051 2321 3328 2390 θελήμασι
3360 2323 3706 2392 πορευόμενοις

517 2410 570 2464 in
602 2417 892 2479 prospectu
923 2407 1167 2461 omnium
1207 2408 1287 2461 sic
1312 2407 1663 2476 impudenter
1705 2425 1762 2462 se
1800 2410 2087 2463 venditant

2187 2406 2365 2477 Ὅπερ
2397 2408 2458 2459 οὐ
2505 2406 2668 2477 θέμις
2710 2411 2819 2469 τοῖς
2874 2409 3127 2461 εὐσεϐέσι
3174 2411 3536 2480 Χριστιανοῖς.
3565 2408 3708 2461 Καλὸν

513 2510 571 2555 et
601 2499 942 2569 gloriantur?
1004 2497 1250 2563 Quonam
1298 2507 1457 2566 pacto
1504 2499 1570 2552 ad
1622 2499 1976 2553 sobrietatem
2020 2515 2086 2565 ac

2183 2492 2276 2551 οὖν
2311 2499 2459 2553 ἑστιν
2483 2498 2885 2570 ἀπαυτομολεῖν
2917 2501 3010 2552 ἀπ’
3034 2501 3245 2569 αὐτῶν,
3275 2502 3439 2555 Τοῦτο
3463 2501 3563 2571 γάρ
3590 2502 3711 2552 ἐστιν

515 2591 641 2645 vitae
673 2590 1038 2660 frugalitatem
1068 2604 1126 2644 se
1161 2589 1454 2658 recipient.
1477 2591 1569 2658 qui
1602 2589 1950 2652 dcridieulis,
1982 2606 2085 2644 nec

2185 2590 2480 2660 εὐάρεστον
2510 2589 2629 2660 Θεῷ
2655 2590 2749 2644 καὶ
2776 2590 3101 2663 ἀνθρώποις.
3136 2593 3205 2645 Ἠ
3229 2594 3337 2662 γὰρ
3367 2594 3462 2662 τῆς
3492 2589 3711 2658 γυναικὸς

515 2680 759 2737 ferendis
786 2680 975 2735 sannis
1012 2679 1378 2749 proscindunt
1422 2695 1521 2734 eos
1568 2696 1707 2749 quos
1747 2681 1935 2736 vident
1978 2682 2082 2747 sibi

2185 2680 2306 2749 ὄψις
2340 2681 2495 2750 βέλος
2528 2681 2645 2735 ἐστὶ
2670 2684 3223 2752 πεφαρμακευμένον.
3248 2686 3488 2755 Ἔτρωσε
3512 2682 3600 2754 τὴν
3624 2680 3710 2749 ψυ-

515 2781 818 2842 temperate
852 2788 915 2827 ac
934 2772 1215 2825 moderate
1233 2771 1610 2837 vivere?Qua,
1636 2788 1844 2841 quaeso,
1873 2774 2086 2829 ratione

2185 2770 2308 2840 χὴν,
2340 2771 2433 2825 καὶ
2470 2772 2560 2823 τὸν
2595 2771 2671 2824 ἰὸν
2702 2772 3018 2845 ἐναπέθετο,
3062 2774 3156 2826 καὶ
3191 2777 3304 2846 ὅσῳ
3344 2773 3583 2843 χρονίζει,
3612 2783 3712 2821 τοσ-

516 2878 707 2932 speres
730 2864 866 2917 istos
892 2862 1325 2930 interquicturos
1352 2863 1497 2917 etab
1535 2863 1891 2933 improbitate
1941 2865 2087 2920 desi-

2185 2862 2340 2916 οὗτον
2364 2863 2462 2932 τὴν
2495 2862 2658 2933 σῆψιν
2702 2863 3017 2933 ἐργάζεται⁸
3059 2865 3088 2917 ὁ
3119 2864 3179 2918 δὲ
3211 2864 3613 2933 φυλασσόμενος,
3628 2860 3711 2912 οὐκ

518 2963 695 3018 turos,
737 2953 834 3023 qui
860 2954 1162 3021 quamlibet
1188 2953 1544 3008 evidentibus
1581 2957 1922 3025 argumentis
1954 2973 2087 3012 con-

2186 2954 2403 3026 ἐμπέσῃ
2435 2956 2517 3016 εἰς
2547 2954 2735 3023 αὐτήν·
2770 2956 2863 3007 καὶ
2888 2956 2950 3008 οὐ
2993 2955 3068 3026 μὴ
3101 2956 3291 3027 τρωθῇ
3319 2957 3421 3010 ὑπὸ
3448 2956 3546 3008 τῶν
3573 2950 3711 3022 βελῶν

515 3042 673 3107 victi,
696 3042 898 3096 misere
931 3051 1278 3111 concerpuut
1302 3059 1366 3097 ac
1387 3044 1668 3100 lancinaut
1697 3062 1755 3100 se
1782 3062 2054 3117 coarguen
2076 3075 2088 3090 -

2125 3087 2158 3146 Β
2189 3046 2379 3116 αὐτῆς.
2412 3046 2621 3146 ’ίέσπερ
2652 3045 3013 3146 γὰρ“τὴν.τοῠ
3029 3046 3247 3146 ,λύχνου
3281 3043 3712 3146 lauandus-pios:

516 3133 639 3188 tes?
673 3132 780 3185 Aut
804 3147 916 3200 quo
952 3133 1173 3187 tandem
1199 3134 1362 3187 modo
1391 3134 1578 3188 divina
1613 3139 1834 3191 oracula
1863 3138 2089 3194 indubia

2127 3126 2158 3146 “
2189 3135 2390 3197 ἔλαιον,
2418 3133 2563 3187 οὕτω
2600 3135 2693 3187 καὶ
2734 3133 2827 3186 τὸν
2855 3133 2955 3201 τῆς
2987 3133 3185 3203 ἡδονῆς
3226 3133 3435 3204 πυρσὸν
3472 3126 3714 3197 ἐξάπτειὴ

516 3221 625 3277 ﬁde
660 3221 750 3275 isti
788 3232 1147 3277 revereantur
1166 3231 1221 3277 et
1251 3224 1455 3279 habere
1475 3226 1686 3293 possint
1719 3229 2087 3293 venerationi,

2183 3222 2286 3292 τῆς
2315 3222 2573 3291 γυναικὸς
2601 3220 2880 3290 συντυχία·
2909 3223 3002 3273 καὶ
3023 3220 3217 3292 ὥσπερ
3247 3220 3479 3291 σπινθὴρ
3498 3218 3714 3288 χρονίσας

517 3313 613 3383 qui
657 3312 966 3367 fabularum
1014 3313 1137 3368 loco
1204 3329 1359 3369 sacra
1397 3316 1602 3370 habent
1668 3318 1933 3386 eloquia?
1983 3320 2089 3386 Qui

2184 3312 2493 3382 ἐνςάχύροις
2524 3310 2669 3381 αἴρει
2710 3311 2905 3379 φλόγα,
2955 3310 3098 3367 οὓτω
3139 3316 3332 3382 μνήμη
3364 3309 3607 3379 γυναικὸς
3629 3320 3716 3357 πα-

516 3402 818 3456 etiamnum
870 3403 1144 3473 judicium
1192 3404 1329 3459 illud
1364 3405 1689 3472 formidant,
1742 3409 1836 3477 qui
1888 3409 1970 3462 vel
2006 3419 2088 3464 te-

2188 3403 2498 3472 ραμένουσα
2526 3400 2747 3467 ἐξάπτει
2789 3400 3103 3470 ἐπιθυμίαν*
3138 3402 3241 3454 καὶ
3281 3401 3469 3472 ὥσπερ
3502 3400 3548 3451 οἱ
3577 3411 3716 3464 mpo—

515 3494 714 3548 nendis
764 3494 1027 3548 memoria
1060 3495 1154 3549 Dei
1207 3496 1521 3560 mandatis,
1556 3513 1685 3551 suas
1735 3514 1933 3567 operas
1980 3508 2088 3555 tam

2188 3493 2332 3545 δόλοι
2363 3491 2500 3545 λίθοι
2533 3494 2581 3545 οἱ
2614 3494 2672 3543 ἐν
2695 3491 2773 3561 τῷ
2804 3489 3109 3560 ἀνατολικῷ
3136 3490 3280 3561 ὄρει,
3319 3492 3348 3544 ὀ
3374 3492 3543 3560 ἄρρην
3569 3486 3649 3543 καὶ
3669 3483 3715 3534 rb

517 3584 822 3639 oscitanter
852 3586 1200 3641 commodam
1226 3627 1239 3648 ,
1270 3603 1370 3656 pro
1395 3589 1798 3644 consuetudine
1845 3604 1957 3645 sure
1992 3607 2085 3645 ex-

2188 3584 2347 3653 θῆλυ,
2375 3586 2430 3637 ἐν
2525 3587 2659 3638 εἰσιν
2692 3582 2913 3654 μακρὰν
2953 3584 3047 3637 ἀπ’
3079 3585 3352 3655 ἀλλήλων,
3380 3579 3601 3649 οὐδαμοῦ
3626 3574 3716 3642 πῦρ

518 3672 652 3742 legis
687 3673 813 3727 vitae
837 3673 1060 3728 interim
1085 3676 1525 3737 obambulantes.
1563 3678 1617 3735 id
1664 3679 1810 3747 quod
1856 3697 1959 3735 nec
2000 3682 2085 3735 fas

2190 3675 2356 3727 καίει·
2404 3675 2500 3726 ἐὰν
2535 3675 2591 3727 δὲ
2619 3673 2816 3745 ἐγγίσῃ
2849 3674 2927 3743 τῷ
2959 3675 3151 3745 ἇρῤενι
3184 3677 3218 3744 ἠ
3260 3674 3425 3751 θῆλυς
3456 3672 3717 3724 ἁνάπτετσι

518 3764 617 3818 ulli
643 3763 958 3820 Christiano
988 3805 1003 3830 ,
1042 3766 1166 3834 pius
1213 3767 1306 3834 qui
1357 3768 1449 3821 sit.
1507 3768 1801 3837 Egregium
1851 3772 2082 3839 proinde

2189 3765 2323 3835 πῦρ,
2346 3765 2433 3823 καὶ
2461 3765 2756 3835 ἐμπυρίζει
2788 3764 2985 3817 πάντα·
3017 3763 3159 3819 οὕτω
3192 3765 3288 3819 καὶ
3322 3766 3380 3816 τὸ
3411 3763 3611 3830 λογικὸν
3638 3758 3718 3825 ἁρ-

516 3853 705 3915 iuerit,
731 3870 762 3908 a
811 3853 1102 3908 mulierum
1131 3870 1428 3925 congressu
1457 3857 1501 3910 si
1549 3871 1650 3910 nos
1673 3857 1819 3926 ipsos
1851 3861 2081 3913 amolie-
2190 3855 2469 3927 ρενόθηλυ.

519 3963 644 4001 mur
674 3961 835 4015 quam
861 3946 1201 4016 longissime.
1251 3945 1365 4000 Hoc
1427 3946 1573 4001 enim
1619 3948 1731 4001 Deo
1796 3964 1919 4002 eum
1966 3953 2157 4020 primis
2194 3950 2527 4022 gratiosum,
2581 3957 2639 4001 et
2684 3947 3006 4003 hominibus
3036 3964 3299 4018 perquam
3324 3947 3569 4003 amabile.
3621 3944 3719 4012 Ipse

520 4043 667 4096 enirn
693 4041 777 4094 vel
806 4050 1063 4109 aspectus
1088 4040 1529 4095 mulieristelum
1570 4052 1655 4096 est
1699 4058 1914 4098 veneno
1943 4046 2132 4100 lcthali
2171 4047 2351 4101 litum.
2382 4045 2447 4099 Ut
2471 4043 2709 4114 primum
2763 4043 2964 4097 vulnus
2991 4042 3157 4096 allixit
3191 4045 3412 4105 animae,
3453 4056 3514 4099 ac
3552 4039 3721 4097 misere

521 4133 789 4189 sauciavit
817 4133 1178 4203 impressione
1197 4136 1429 4205 sagitta},
1481 4147 1690 4204 quanto
1751 4136 2158 4199 diuturniorem
2195 4138 2418 4195 conficit
2446 4153 2676 4201 moram,
2702 4145 2854 4190 tanto
2883 4138 3342 4205 periculosiorem
3372 4134 3719 4206 putrilaginem

522 4227 577 4280 in
600 4241 664 4278 ea
686 4235 970 4294 operatur.
1023 4223 1125 4290 Qui
1157 4235 1342 4278 autem
1380 4224 1712 4279 vitabundus
1744 4241 1802 4279 se
1832 4241 1863 4279 a
1890 4227 2137 4280 mulieris
2162 4227 2453 4298 submovet
2481 4226 2762 4280 consortio
2782 4267 2796 4291 ,
2859 4227 2907 4280 is
2959 4243 3072 4282 non
3141 4228 3307 4282 facile
3338 4228 3392 4281 id
3455 4221 3724 4280 incurrerit

523 4317 777 4388 periculi,
809 4332 992 4385 neque
1027 4318 1136 4370 telo
1164 4316 1407 4371 mulieris
1435 4317 1657 4370 saucius
1683 4316 1978 4385 aliquando
2011 4318 2285 4372 concidet.
2320 4315 2792 4383 Quemadmodum
2822 4317 2970 4370 enim
2997 4318 3370 4385 .splendorem
3398 4319 3623 4371 lucerna:
3642 4309 3723 4365 alit

521 4412 727 4475 oleum,
759 4412 839 4465 sic
858 4420 916 4464 et
933 4410 1269 4478 colloquium
1296 4410 1545 4463 mulieris
1576 4410 1755 4479 ignem
1820 4410 2171 4465 redaceendit
2200 4411 2514 4480 voluptatis.
2539 4411 2736 4477 Utique
2778 4410 3015 4465 scintilla
3036 4450 3050 4473 ,
3088 4410 3306 4465 diutius
3349 4412 3394 4465 si
3433 4410 3723 4463 immorctur

521 4503 902 4557 adluerescens
921 4502 1115 4571 paleis,
1148 4503 1385 4569 erumpit
1419 4501 1473 4556 in
1505 4500 1777 4557 ﬂatumam
1814 4519 1828 4556 :
1865 4505 1944 4557 sic
1981 4503 2251 4558 memoria
2284 4505 2593 4574 cuiuspiam
2637 4503 3003 4569 muliercula,
3054 4504 3097 4557 si
3136 4506 3222 4559 vel
3267 4504 3539 4558 tantillum
3562 4500 3720 4556 duret,

522 4598 838 4651 incendium
874 4597 1075 4651 excitat
1103 4598 1583 4666 concupiscentim
1621 4600 1776 4653 Sicut
1815 4599 1945 4653 item
1977 4598 2190 4668 lapides
2213 4599 2288 4653 illi
2315 4599 2369 4652 in
2395 4607 2580 4652 monte
2625 4598 2794 4651 anm
2822 4598 3034 4667 plagam
3076 4576 3447 4667 respiciente,
3480 4611 3512 4653 e
3534 4590 3724 4649 venalis

520 4690 637 4743 suis
700 4691 889 4743 attritu
924 4698 1022 4742 aut
1052 4691 1410 4760 contignitate
1441 4694 1787 4759 ejaculantur
1808 4693 2020 4761 ignem:
2048 4693 2264 4748 itamas
2290 4702 2347 4747 et
2375 4692 2575 4747 femina
2597 4692 2644 4746 si
2690 4692 2758 4746 ab
2805 4692 3038 4746 invicem
3078 4693 3348 4747 semotius
3377 4693 3720 4760 disparentur.

524 4782 842 4848 neutiquam
898 4781 1219 4835 exardeseet
1250 4781 1391 4850 ignis
1433 4783 1558 4837 :siu
1598 4784 1734 4836 mari
1770 4799 1831 4837 se
1873 4783 2073 4837 femina
2139 4783 2367 4853 propius
2409 4781 2732 4845 admoverit,
2771 4781 2913 4851 ignis
2976 4782 3371 4851 conﬂagrabit,
3423 4792 3580 4849 atque
3616 4773 3723 4831 uni-

521 4888 677 4928 versa
728 4872 985 4939 depaseet
1036 4871 1312 4926 incendio.
1368 4872 1448 4927 Ad
1486 4889 1611 4928 eum
1640 4875 1861 4927 modum
1893 4890 1951 4929 se
1989 4875 2155 4930 habet
2181 4872 2384 4928 animal
2429 4873 2563 4926 illud
2595 4873 2887 4936 rationale,
2935 4872 3043 4935 vir,
3082 4872 3173 4927 sed
3200 4871 3566 4926 eﬂeminatus.

592 4963 888 5031 Fugiamus
916 4961 1099 5029 itaque
1138 4962 1494 5029 (charissimi)
1523 4963 1743 5017 illarum
1779 4963 2077 5028 consortia,
2114 4968 2156 5021 Β

2135 4969 2156 5020 )
2255 4961 2518 5030 Φύγωμεν
2573 4956 2668 5014 οὖν
2715 4962 2810 5013 ἀπ’
2849 4960 3049 5023 αὐτῶν,
3079 4960 3378 5028 ἀγαπητοὶ,
3409 4960 3491 5011 ὅτι
3519 4952 3722 5025 δηλητή-

521 5062 651 5109 sunt
699 5050 846 5105 cnim
896 5050 1044 5105 aliud
1076 5050 1215 5104 nihil
1245 5050 1365 5104 viro
1399 5066 1562 5119 quam
1598 5052 1749 5106 virus
1793 5061 2082 5120 praesenta—

2188 5069 2306 5123 ριον
2335 5052 2675 5121 ὑπάρχουσιν
2708 5052 2764 5105 αἱ
2795 5051 2975 5105 αὐτῶν
3024 5050 3307 5119 συντυχίαι
3326 5089 3343 5115 ,
3372 5050 3467 5103 καὶ
3510 5043 3723 5116 εὐχερῶς

521 5156 706 5202 neum,
733 5146 793 5192 ut
815 5154 936 5207 quae
963 5141 1172 5193 animas
1198 5148 1413 5193 nostras
1447 5140 1764 5210 procliviter
1788 5140 2078 5195 admodum

2184 5142 2482 5212 ἀγρεύουσι
2511 5144 2608 5218 τὰς
2630 5143 2810 5212 ψυχὰς
2836 5143 3010 5212 ἡμῶν.
3058 5142 3409 5211 Ἀκούσωμεν
3428 5136 3518 5193 οὖν
3547 5138 3595 5191 τί
3617 5133 3724 5204 περὶ

519 5232 636 5285 suis
663 5231 918 5284 irretiant
939 5229 1149 5298 pedicis
1172 5270 1185 5294 ,
1210 5244 1310 5283 ceu
1351 5230 1525 5299 plagis
1553 5230 1837 5284 venaticis.
1888 5230 2080 5285 Audia-

2184 5232 2366 5285 αὐτῶν
2398 5236 2486 5285 καὶ
2527 5235 2560 5302 ἡ
2589 5233 2707 5285 θεία
2744 5231 2934 5302 Γραφὴ
2974 5233 3305 5303 διαγορεύει.
3342 5231 3558 5300 Πρῶτος
3582 5228 3609 5279 ό
3631 5228 3723 5277 lla-

522 5339 644 5376 mus
674 5320 894 5375 interim
930 5320 1062 5389 quid
1096 5319 1164 5374 de
1211 5319 1417 5375 eisdem
1456 5320 1640 5374 divina
1690 5320 1881 5389 iubeat
1928 5318 2080 5374 Scri-

2185 5324 2512 5393 ροιμιαστής
2543 5338 2728 5392 φησιν·
2764 5341 2782 5373 ι
2826 5323 2959 5375 Ἀπὸ
2998 5321 3257 5389 γυναικος
3283 5321 3428 5391 ἁρχὴ
3454 5314 3720 5388 ἁμαρτίας,

451 5402 463 5414 ’
522 5422 702 5481 ptura.
764 5412 980 5466 Primus
1032 5412 1084 5466 in
1149 5427 1331 5466 aream
1373 5412 1603 5481 prodeat
1658 5411 2035 5466 Parmmiastes

2184 5415 2277 5467 καὶ
2307 5413 2377 5466 δι’
2407 5413 2576 5482 αὐτῆς
2616 5415 3037 5483 ἀποθνήσκομεν
3064 5414 3285 5475 πάντες.
3327 5433 3345 5462 ι
3380 5413 3487 5465 Καὶ
3520 5407 3719 5473 ἐπάγει·

528 5521 547 5552 ι
572 5502 614 5555 Δ
647 5502 877 5555 muliere
914 5502 1245 5571 principium
1273 5504 1485 5572 peccati
1517 5544 1529 5560 .
1568 5512 1625 5556 et
1672 5519 1768 5572 per
1801 5518 1918 5556 eam
1967 5514 2085 5553 mo-

2190 5522 2207 5553 ι
2252 5502 2343 5571 Μὴ
2374 5501 2479 5572 δῷς
2508 5503 2657 5555 ὕδατι
2689 5502 2887 5566 ἔξιδον,
2918 5504 3014 5555 καὶ
3046 5504 3267 5570 γυναικὶ
3299 5501 3510 5571 πονηρᾷ
3535 5498 3723 5565 παρρηο

522 5591 695 5643 rimur
729 5607 923 5644 omnes
955 5593 993 5645 “.
1028 5612 1044 5641 ι
1085 5593 1299 5646 lmlurit
1332 5613 1342 5647 :
1384 5615 1399 5643 ι
1436 5595 1509 5647 Nu
1546 5594 1645 5647 des
1672 5610 1824 5662 aqum.
1851 5593 2078 5656 exitum,

2185 5593 2324 5646 σειν.
2360 5613 2375 5644 ι
2415 5593 2543 5645 Καὶ”
2577 5616 2593 5643 ι
2628 5594 2717 5662 Μὴ
2759 5594 3075 5663 προσπέσῃς
3100 5595 3191 5646 ἐπὶ
3208 5592 3409 5654 κάλλος
3438 5589 3673 5659 γυναικός
3706 5604 3717 5631 ι

588 5685 609 5715 ⁶
638 5685 803 5741 Eccii.
834 5705 952 5750 xxv,
980 5688 1065 5741 57:.
