4020 6146
410 342 566 408 inst
842 326 1162 408 nommA
1206 334 1493 405 xvu.-—
1536 344 1634 404 DE
1667 339 1964 403 ABSTIN.
2004 391 2007 397 .

2106 321 2543 409 SOLLOQUIO
2579 323 2740 401 CUM
2777 342 3273 412 MULIERIBUS.
3564 353 3698 415 isse

432 463 579 520 Kai°
624 483 641 515 ι
677 466 907 531 γυναῖκα
954 464 1025 535 μὴ
1048 451 1436 534 ἐπιθυμήσῃς,
1478 482 1496 513 ι
1536 461 1642 514 Καὶ
1669 459 1869 513 nam:
1911 476 1929 507 ι
1960 456 2007 508 οἱ

2111 462 2167 509 et
2202 452 2425 510 mulieri
2456 443 2625 515 malae
2653 451 2913 513 fiduciam
2942 460 3202 531 loquendi
3230 463 3520 517 adversum
3550 469 3698 520 ιε’.»

431 555 701 625 ὀφθαλμοί
744 572 837 608 σου
891 556 1025 626 ὀρθὰ
1073 550 1454 624 βλεπέτωσαν,
1499 555 1583 607 ὅτι
1630 550 1862 605 ἐνώπιόν
1901 550 2007 602 εἰσι

2111 548 2225 602 Et:
2263 567 2281 599 ι
2312 548 2391 603 Ne
2438 547 2743 617 imPEgeris
2785 552 2840 605 in
2879 553 3350 621 pulchritudinem
3402 556 3684 623 mulieris,

431 645 542 697 τῶν
588 643 681 695 τοῦ
739 644 874 696 Θεοῦ
911 641 1215 712 ὀφθαλμῶν
1247 644 1361 696 ὁδοὶ
1407 643 1621 712 ἀνδρός.
1669 640 1863 709 Ὀρθὰς
1894 655 2007 711 τρο-

2109 648 2166 694 et
2191 641 2479 695 mulierem
2516 653 2587 695 ne
2628 644 2992 712 concupiscas
3010 645 3052 697 ⁸.
3092 663 3113 695 ι
3168 644 3421 698 Rursus:
3476 664 3494 696 ι
3532 645 3686 700 Oculi

430 739 559 806 χιὰς
583 736 810 803 ποίησον
830 738 945 799 σοῖς
968 736 1115 789 ποσί*
1144 735 1219 805 μῆ
1243 735 1496 806 ἐκκλίνῃς
1524 736 1604 796 είς
1622 734 1690 785 τὰ
1710 732 1878 796 δεξιὰ,
1905 748 2007 799 μη-

2106 734 2191 788 tui
2218 744 2369 789 recta
2398 734 2647 798 videant,
2679 738 2809 807 quia
2838 751 3027 790 coram
3059 736 3237 791 oculis
3264 736 3360 790 Dei
3384 738 3485 791 vite
3510 738 3684 792 homi-

430 827 487 880 δὲ
526 829 606 891 εἰς
636 828 704 880 τὰ
741 830 1030 898 ἀριστερά.
1070 826 1439 899 Ἀπόστρεψον
1464 827 1555 879 τὸν
1586 826 1723 880 πόδα
1752 824 1862 878 ἀπὸ
1889 822 2007 876 ὁδοῦ

2109 826 2198 880 nis
2227 835 2388 892 sunt;
2412 837 2618 882 'rectas
2655 829 2867 884 orbitas
2907 827 3076 882 facito
3101 828 3337 897 pedibus
3382 829 3526 895 luis;
3575 845 3683 883 non

432 922 630 989 κακῆς.
672 941 690 973 ι
726 922 837 975 Καὶ
885 923 1086 975 πάλιν·
1124 940 1142 972 ι
1178 922 1267 974 re
1322 922 1395 991 μή
1444 936 1503 972 as
1542 919 1739 988 νικήσῃ
1779 914 2009 977 κάλλους

431 1014 719 1095 ἐπιθυμία·
754 1014 891 1084 μηδὲ
924 1015 1205 1086 ἀγρευθῇς
1234 1017 1348 1076 σοῖς
1370 1012 1693 1081 ὀφθαλμοῖς,
1731 1010 1863 1080 μηδὲ
1896 1025 2009 1062 συν⁸

2092 917 2421 991 -decliuabi_s
2470 920 2539 974 ad
2594 919 2902 984 dexteram,
2961 934 3145 988 neque
3224 920 3290 974 ad
3359 920 3683 975 sinistram.‘

2109 1018 2298 1063 averte
2350 1011 2549 1079 pedem
2596 1018 2752 1064 tuum
2811 1026 2842 1063 a
2897 1011 2985 1063 via
3041 1010 3250 1063 mala’.
3301 1028 3319 1061 ι
3381 1011 3619 1064 Rursum
3669 1029 3683 1063 :

431 1109 688 1176 αρπαγῇς
743 1110 859 1166 σοῖς
914 1107 1229 1176 βλεφάροις,
1252 1108 1334 1159 ὅτι
1372 1106 1531 1172 γυνὴ,
1564 1103 1773 1175 ἀνδρῶν
1810 1101 2007 1171 τιμίων

2111 1101 2233 1164 Fili,
2289 1116 2359 1155 ne
2414 1110 2467 1156 te
2506 1110 2738 1172 superet
2778 1102 3135 1171 pulchritudo
3195 1102 3681 1171 concupiscentim,

429 1196 605 1266 ψυχὰς
628 1198 873 1267 ἀγρεύει.
908 1198 1094 1270 Πλανᾷ
1126 1199 1234 1268 γὰρ
1258 1199 1349 1252 τὶν
1375 1198 1667 1267 ἄνθικυπον
1690 1196 1860 1266 πολλὴ
1891 1198 2010 1265 ὁμι-

428 1289 541 1343 λία.
581 1289 795 1360 βρόχοις
835 1308 892 1344 τε
926 1294 1043 1354 τοῖς
1075 1294 1182 1345 ἀπὸ
1219 1293 1440 1362 χειλέων
1484 1291 1775 1357 ἐξώκειλεν
1820 1289 2005 1343 αὐτὸν.

444 1380 503 1434 Ὀ
534 1382 590 1434 δὲ
616 1372 1083 1453 ’ἐπηκολούθησεν
1115 1387 1277 1454 αὐτῇ,
1314 1385 1628 1453 κεπφωθεὶς
1654 1383 1844 1452 ὥσπερ
1882 1381 2008 1453 βοῦς

430 1475 524 1528 ἐπὶ
563 1479 777 1543 σφαγὴν
820 1476 1035 1541 ἄγεται,
1083 1478 1177 1528 καὶ
1223 1476 1412 1546 ὥσπερ
1445 1474 1590 1528 κύων
1621 1474 1713 1527 ἐπὶ
1748 1472 2005 1542 δεσμοὺς,

429 1566 528 1617 οὐκ
560 1563 717 1619 εἰδὼς
746 1566 827 1617 δτι
854 1567 983 1635 περὶ
1024 1565 1202 1635 ψυχῆς
1226 1566 1435 1635 τρέχει.
1467 1565 1557 1634 Μὴ
1588 1560 1682 1619 οὖν
1704 1564 2007 1617 ἐκκλινάτω

428 1655 509 1716 είς
539 1654 636 1715 τὰς
663 1654 814 1715 ὁδοὺς
838 1654 1010 1721 αὐτῆς
1037 1655 1069 1724 ἡ
1100 1654 1300 1723 καρδία
1326 1670 1443 1706 σου·
1479 1653 1707 1715 πολλοὺς
1735 1653 1844 1725 γὰρ
1872 1652 2008 1723 τρώο

431 1760 574 1797 σασα
602 1743 887 1797 κατέϐαλε.
933 1745 1041 1797 Καὶ
1086 1743 1457 1815 ἀναρίθμητοι
1496 1746 1658 1808 εἰσιν,
1689 1743 1785 1807 οὒς
1829 1745 2005 1811 πεφό-
2038 1789 2097 1848 B,

430 1851 641 1889 νευκενο
664 1836 773 1888 ὁδοὶ
803 1836 911 1904 γὰρ
942 1833 1069 1905 ᾅδου
1103 1837 1131 1887 6
1161 1830 1309 1896 οἶκος
1335 1834 1529 1902 αὐτῆς,
1560 1834 1898 1903 κατάγουσαι
1927 1836 2006 1898 είς

426 1930 652 1997 ταμιεῖα
682 1927 937 1980 θανάτου.
984 1946 1002 1978 ι
1040 1925 1230 1980 Ταῦτα
1282 1925 1381 1995 μὲν
1421 1928 1449 1979 6
1478 1926 1748 1995 Σολομῶν.
1782 1928 1908 1989 Πῶς
1947 1928 2007 1981 δὲ

428 2020 522 2071 καὶ
549 2020 584 2089 ἡ
609 2019 882 2086 Αἰγυπτία
911 2034 926 2084 ;
975 2018 1010 2087 ἢ
1052 2018 1151 2084 τὴν
1184 2018 1398 2089 μορφὴν
1440 2017 1536 2072 τοῦ
1577 2019 1777 2090 Ἰωσὴφ
1803 2018 2007 2072 ἐπεπό-

408 2109 562 2183 ,θησε
591 2110 794 2181 σαρκὸς
830 2109 1003 2178 πόθῳ,
1037 2108 1131 2162 τοῦ
1163 2109 1318 2172 ὄντος
1359 2111 1695 2179 σεμνοτάτου
1717 2129 1731 2143 ·
1762 2113 1856 2165 καὶ
1884 2111 2007 2165 σού-

426 2214 522 2254 του
557 2200 631 2270 μὴ
661 2200 1071 2263 ἐπινεύσαντος,
1126 2201 1207 2262 είς
1251 2199 1460 2268 θλίψεις
1506 2201 1602 2255 καὶ
1645 2202 2007 2272 στενοχωρίας

426 2291 516 2346 διὰ
564 2293 662 2362 τῆς
698 2291 1067 2361 ψευδηγορίας
1118 2292 1209 2343 τὸν
1255 2291 1460 2361 εὐσεϐῆ
1505 2294 1855 2366 περιέπειρεν
1901 2292 2029 2357 ἓωςτ

429 2382 685 2437 θανάτου.
736 2382 919 2455 Ὀρᾷς,
961 2385 1042 2437 ὅτι
1072 2386 1100 2437 6
1137 2383 1522 2453 ὲντελεχισμὸς
1555 2385 1756 2456 σαρκὸς
1785 2386 1882 2454 τῆς
1913 2387 2007 2439 Αί-

428 2478 665 2545 γυπτίας
701 2478 874 2546 πόσην
924 2477 1334 2548 κατειργάσατο
1382 2477 1477 2530 τοῦ
1530 2477 1740 2530 δικαίου
1795 2477 2003 2547 θλίψινς

427 2571 527 2623 Διὰ
574 2568 732 2621 τοῦτο
786 2565 881 2622 οὖν
939 2571 1075 2622 πᾶσι
1128 2569 1351 2638 τρόποις
1381 2570 1657 2641 συμφέρον
1690 2571 1821 2639 ἡμῖν
1858 2570 2007 2624 ἐστιν

428 2660 734 2730 ἀπέχεσθαι
766 2660 860 2712 ἀπ’
887 2660 1089 2714 αὐτῶν.
1118 2662 1191 2713 ()6
1232 2661 1340 2731 γὰρ
1373 2661 1552 2731 ἔχουσι
1586 2662 1922 2715 λυσιτέλειαν
1948 2663 2007 2716 αἱ

429 2755 611 2808 αὐτῶν
644 2748 1058 2823 συντυχίαιτοῖς
1094 2753 1339 2808 θέλουσιν
1374 2756 1431 2807 ὲν
1460 2753 1688 2824 ἀληθείᾳ
1709 2753 1807 2824 τὴν
1836 2756 2005 2824 ὀσφὺν

428 2844 865 2916 περιζώσασθαι.
899 2847 1012 2899 Οὐκ
1039 2846 1278 2916 ἤκουσας
1316 2846 1444 2917 περὶ
1486 2844 1575 2899 τοῦ
1609 2844 1850 2915 Σαμψὼν
1894 2846 2007 2900 Να-

429 2939 695 3014 ζωραίου,
726 2942 846 3012 μεθ’
881 2936 941 2997 οὗ
972 2941 1033 2994 τὸ
1068 2942 1292 3011 Πνεῦμα
1320 2940 1414 2995 τοῦ
1446 2942 1656 3014 Κυρίου
1682 2943 2002 3017 ἐπορεύετος

429 3034 653 3086 καὶτὸν
694 3032 938 3085 τοιοῦτον
989 3032 1143 3101 ἆγιον
1201 3034 1233 3102 ἡ
1281 3032 1416 3102 γυνὴ
1479 3032 1725 3105 ἀπώλεσε
1775 3034 1861 3088 διὰ
1905 3035 2007 3103 τῆς

432 3123 737 3195 μοχθηρᾶςὶ
769 3121 1009 3191 σαρκὸς,
1064 3120 1472 3199 καὶάθεμίτου
1530 3122 1846 3192 ἐπιθυμίας.
1906 3124 2003 3179 Διά

428 3213 588 3266 τοῦτο
618 3212 725 3265 οὐδ’
757 3213 890 3275 ὅλως
924 3211 1355 3282 ὲπιτρεπόμεθα,
1390 3212 1528 3279 μετὰ
1583 3216 1839 3280 γυναικὸς
1872 3217 2004 3269 καθ-

437 3305 574 3370 ίσαι,
612 3306 644 3376 ἦ
688 3305 832 3375 ἔχειν
887 3305 1197 3375 συντυχίας,
1249 3305 1311 3358 τὸ
1348 3304 1586 3361 σύνολον.
1634 3305 1868 3377 Ὁμοίως
1911 3311 2005 3363 καὶ

429 3397 556 3466 περὶ
589 3396 682 3449 τοῦ
711 3394 872 3448 Δαυῖδ
904 3397 963 3448 οὐ
1000 3395 1385 3458 πεπαίδευσαι,
1413 3396 1471 3450 ὃν
1497 3397 1590 3451 καὶ
1619 3393 1777 3469 εὗρεν
1801 3397 1829 3449 6
1872 3400 2003 3464 θεὸς

429 3489 597 3558 ἄνδρα
632 3488 773 3541 κατά
801 3489 899 3555 τὴν
941 3486 1171 3556 καρδίαν
1199 3486 1365 3539 αὑτοῦ
1394 3503 1409 3551 ;
1447 3486 1568 3550 Πῶς
1601 3491 1782 3559 μορφῇ
1818 3506 2006 3557 γυναι-

431 3583 546 3646 κὸς,
579 3582 723 3649 λέγω
751 3581 806 3633 δὲ
833 3578 930 3648 τῆς
964 3578 1260 3649 Βερσαὸεὲ,
1298 3577 1665 3649 ἐπιθυμήσας,
1691 3580 1878 3642 πόσοις
1907 3598 2005 3634 κα-

432 3676 549 3738 κοῖς
603 3672 937 3741 περιέπεσε;
984 3673 1193 3741 ταύτην
1238 3670 1347 3740 γὰρ
1381 3669 1502 3723 ἰδὼν
1539 3673 1566 3722 6
1594 3670 1745 3738 ἅγιος
1790 3671 2006 3742 ἀληθῶς

430 3764 729 3834 λουομένην
750 3801 765 3825 ,
805 3765 863 3814 ὲν
894 3761 1160 3831 ἐπιθυμίᾳ.
1197 3759 1297 3829 τῆς
1338 3760 1550 3829 μορφῆς
1577 3760 1746 3829 αὐτῆς
1776 3762 2004 3831 γενόμε-

429 3874 542 3922 νος,
593 3856 767 3926 πόσην
818 3853 1019 3906 κακίαν
1046 3854 1072 3904 6
1104 3851 1490 3921 παμμέγιστος
1543 3851 1682 3921 ἀνὴρ
1715 3852 2005 3922 κατειργά-

431 3964 601 4013 σατο;
662 3946 771 3999 Καὶ
820 3945 1070 4015 ἥμαρτεν
1120 3944 1199 4005 εἰς
1233 3941 1366 3994 Θεὸν
1406 3942 1466 3993 οὐ
1505 3941 1666 4011 μόνον
1704 3944 1768 4012 τῇ
1818 3943 2006 4015 μοιχία

431 4037 771 4110 περιπεσὼν,
804 4036 941 4089 ἀλλά
976 4035 1068 4086 καὶ
1108 4034 1200 4086 τὸν
1238 4032 1403 4102 ἄνδρα
1434 4033 1609 4103 αὐτῆς
1652 4034 2005 4105 ἀναιρεθῆναι

430 4130 712 4193 κελεύσαςο
742 4129 873 4199 ὁρᾷς
910 4127 1086 4197 πόσην
1113 4124 1563 4196 δραματουργίαν
1600 4125 1800 4189 κακίας
1828 4127 2006 4178 ἐτελε-

433 4222 727 4291 σιούργησε
790 4220 879 4272 διά
935 4219 1034 4289 τὴν
1093 4215 1388 4284 ἐπιθυμίαν
1444 4220 1471 4268 6
1521 4216 1737 4287 χριστὸς
1799 4218 2003 4286 Κυρίου

430 4309 627 4376 Δαυῒδς
661 4307 1040 4377 παιδευθῶμεν
1082 4304 1175 4357 τοῦ
1222 4305 1294 4373 μὴ
1337 4304 1645 4374 ἐπιθυμεῖν.
1680 4307 1744 4358 El
1778 4306 1886 4378 γὰρ
1910 4323 2006 4378 τη-

430 4399 666 4452 λικοῦτοι
691 4400 883 4469 ἄνδρες
913 4398 1003 4451 διὰ
1030 4396 1303 4465 γυναικῶν
1328 4395 1594 4459 ἑάλωσαν,
1630 4401 1746 4459 πῶς
1777 4399 1934 4467 ἡμεῖς
1955 4398 2004 4451 οί

2100 1206 2249 1246 neve
2299 1193 2538 1262 capiaris
2584 1193 2811 1261 pupillis
2868 1192 3015 1257 tuis,
3059 1192 3189 1262 quia
3231 1194 3437 1247 mulier
3474 1194 3686 1247 animas

2106 1290 2349 1335 venatur
2369 1283 2612 1335 virorum
2648 1282 3076 1337 honorabilium.
3118 1285 3382 1353 lmplanat
3406 1284 3683 1338 hominem

2108 1374 2280 1429 multa
2335 1376 2751 1439 collocutione,
2792 1387 2849 1429 et
2906 1377 3119 1445 laqueis
3171 1378 3444 1431 labiorum
3504 1380 3685 1431 illexit

2107 1478 2234 1519 eum
2292 1474 2353 1520 et
2409 1465 2667 1520 irrctivit.
2718 1467 2928 1535 1052
2985 1467 3080 1520 [tle
3119 1476 3302 1522 autem
3335 1479 3559 1521 secutus
3597 1477 3683 1521 est:

2107 1556 2561 1626 eam,deceptus,
2591 1557 2748 1625 quasi
2785 1557 2886 1610 bos
2914 1557 3008 1626 qui
3039 1558 3263 1612 ducitur
3288 1558 3353 1611 ad
3379 1557 3679 1618 \ictimanz,

2106 1659 2163 1706 et
2185 1652 2342 1720 quasi
2372 1650 2528 1705 canis
2553 1651 2621 1705 ad
2646 1651 2893 1714 vincula,
2918 1652 3176 1705 nesciens
3201 1652 3334 1720 quia
3367 1667 3470 1720 pro
3500 1652 3685 1705 anima

2106 1743 2311 1796 currit.
2368 1742 2447 1796 Ne
2481 1741 2652 1812 igitur
2682 1742 2928 1801 declinet
2961 1742 3016 1796 in
3046 1743 3164 1797 vias
3190 1742 3340 1797 illius
3367 1758 3464 1798 cor
3505 1751 3681 1798 tuun..

2109 1831 2311 1886 Multos
2340 1832 2491 1887 enim
2542 1840 2832 1901 postquam
2870 1833 3206 1897 vulneravit,
3236 1834 3440 1905 dejecit
3469 1854 3482 1890 :
3516 1846 3572 1891 et
3600 1836 3687 1889 in-

2105 1925 2481 1979 numerabiles
2509 1934 2640 1980 sunt
2662 1940 2805 1994 quos
2834 1925 3131 1980 interfecit.
3183 1928 3291 1983 Vite
3316 1928 3465 1983 enim
3495 1928 3681 1991 inferi.

2104 2017 2307 2071 domus
2338 2017 2460 2087 ejus
2484 2018 2824 2072 deducentes
2847 2017 2903 2079 in
2930 2019 3308 2087 promptuaria
3331 2021 3527 2075 mortis
3549 2022 3614 2075 ὀ.
3658 2042 3676 2072 ι

2106 2108 2175 2164 Ει
2201 2107 2319 2161 ιιωο
2347 2107 2570 2177 quidem
2611 2106 2890 2163 Salomon.
2944 2108 3052 2177 sed
3078 2111 3209 2179 quid
3233 2111 3256 2165 ?
3278 2111 3541 2181 Nunquid
3572 2122 3682 2166 non"

2092 2197 2358 2269 dilgyptia
2391 2194 2739 2266 illa.“Joseph
2764 2198 3101 2267 concupivit
3131 2200 3341 2268 perfrui
3370 2200 3648 2269 pulchritu
3670 2230 3683 2240 -

2107 2291 2257 2353 dine,
2287 2290 2505 2345 carnali
2537 2289 2818 2346 desiderio
2844 2291 3251 2357 exardescens,
3291 2308 3415 2347 cum
3463 2293 3555 2347 ille
3589 2309 3684 2348 eae

2107 2383 2383 2437 stissimus
2426 2382 2614 2437 esset?
2658 2381 2796 2437 Cum
2849 2381 3138 2437 abnuisset
3167 2383 3436 2437 adultera:
3462 2384 3685 2452 explere

2107 2473 2636 2543 concupiscentiam,
2674 2474 3028 2529 tribulatione
3055 2490 3119 2529 ac
3150 2475 3439 2545 multijuga
3488 2490 3685 2530 neces-

2107 2566 2270 2620 sitate
2293 2581 2392 2635 per
2415 2564 2753 2619 delationem
2777 2566 3068 2627 mendacio
3094 2566 3500 2626 adumbratam.
3531 2568 3682 2636 pium

2108 2654 2262 2708 illum
2283 2670 2348 2709 ea
2373 2655 2645 2710 transﬁxit
2667 2664 2722 2710 et
2754 2657 2907 2710 velut
2939 2656 3299 2720 insubulavit,
3323 2658 3485 2727 plane
3512 2658 3685 2728 usque

2107 2750 2176 2801 ad
2202 2755 2435 2801 mortem
2468 2790 2482 2802 .
2513 2748 2657 2802 Num
2686 2748 2841 2803 vides
2866 2765 2881 2802 :
2908 2764 3038 2818 vaga
3068 2749 3158 2803 illa
3188 2765 3291 2804 nec
3330 2764 3516 2805 secum
3552 2766 3682 2807 can-

2108 2843 2313 2899 sistens
2352 2842 2529 2898 motio
2583 2844 2768 2899 carnis
2817 2844 3084 2916 Egyptize
3141 2854 3402 2915 quantam
3471 2847 3686 2915 peperit

2101 2936 2254 3004 justo
2289 2935 2745 2991 tribulationem?
2771 2937 2867 2991 Vel
2896 2937 2967 2989 ob
2999 2937 3104 2992 hoc
3134 2953 3265 2991 sane
3292 2938 3470 2991 modis
3503 2940 3683 2991 omn-I-

2106 3025 2212 3082 bus
2241 3028 2514 3097 profuerit
2556 3027 2629 3083 ab
2664 3030 2941 3099 ejusmodi
2993 3039 3052 3083 ut
3085 3030 3483 3085 abstineamus.
3537 3031 3677 3084 Nili‘l

2107 3120 2255 3174 enim
2288 3119 2527 3175 afferunt
2560 3121 2841 3175 commodi
2873 3121 3070 3175 barum
3112 3131 3319 3176 mutuae
3360 3120 3680 3197 confabuia-

2108 3214 2288 3268 tiones
2319 3214 2486 3268 nobis
2519 3212 2874 3282 cupientibus
2907 3214 3154 3269 lumbum
3180 3216 3535 3285 praecingere.
3572 3217 3687 3269 Au:

2104 3321 2218 3361 non
2254 3307 2458 3362 audisti
2491 3306 2560 3361 de
2593 3306 2860 3362 Samsone
2886 3309 3145 3362 Nazarteo
3175 3349 3188 3373 ,
3225 3314 3465 3378 quocum
3502 3308 3683 3361 inam-

2106 3399 2335 3454 bulabat
2358 3398 2602 3469 Spiritus
2629 3397 2885 3453 Domini?
2912 3398 2981 3452 Et
3003 3414 3153 3451 nunc
3185 3399 3264 3452 sic
3282 3408 3531 3453 sanctum
3563 3416 3671 3452 mu-

2105 3494 2208 3547 lier
2240 3493 2307 3546 ad
2342 3500 2645 3546 extremam
2685 3507 2858 3560 usque
2889 3492 3011 3545 vita:
3059 3490 3268 3544 cladem
3304 3491 3559 3560 perduxit
3584 3488 3684 3559 per

2104 3583 2389 3637 molestam
2426 3582 2568 3635 hanc
2591 3597 2813 3636 carnem
2860 3596 2925 3635 ac
2973 3580 3233 3634 nefariam
3287 3582 3683 3651 concupiscen-

2106 3674 2259 3728 tiam.
2286 3672 2369 3728 Ob
2394 3674 2500 3728 hoc
2531 3673 2685 3726 nullo
2706 3682 2869 3742 pacto
2894 3672 3054 3726 nobis
3098 3672 3233 3742 ipsis
3272 3675 3677 3742 permittamus.

2108 3774 2167 3821 ut
2202 3781 2327 3821 cum
2374 3765 2609 3820 muliere
2634 3766 2722 3818 vel
2768 3763 2980 3818 sedisse
3028 3765 3453 3833 comperiamur.
3485 3775 3576 3829 et,
3617 3778 3683 3822 ut

2107 3857 2435 3928 compendio
2491 3854 2803 3918 absolvam,
2852 3855 3058 3908 nullam
3102 3870 3226 3909 cum
3275 3856 3384 3910 illis
3433 3858 3683 3914 ineamus

2106 3946 2583 4003 consuetudinem.
2616 3945 2727 4000 Nec
2748 3952 2906 3998 secus
2931 3943 2998 3999 de
3024 3944 3248 4010 Davide,‘
3275 3958 3438 4015 quem
3473 3955 3529 4000 et
3550 3963 3681 4001 eru—

2106 4038 2245 4092 divit
2273 4045 2329 4092 et
2356 4037 2568 4091 invenit
2595 4036 2739 4091 Deus
2766 4036 2944 4089 virum
2992 4037 3296 4090 secundum
3339 4050 3437 4090 cor
3482 4051 3681 4104 suum,

2105 4130 2384 4202 quomodo
2411 4129 2756 4197 concupierit
2787 4127 2993 4197 perfrui
3025 4127 3274 4181 mulieris
3307 4128 3482 4191 illius,
3510 4128 3682 4183 Belb-

2106 4221 2284 4276 sabeae
2309 4219 2455 4284 dico,
2479 4218 2681 4272 decore
2720 4214 3051 4270 incredibili.
3087 4214 3187 4269 Hic
3232 4215 3426 4269 beatus
3464 4217 3518 4269 in
3547 4222 3683 4284 quot

2105 4311 2325 4367 tandem
2375 4309 2683 4365 devolutus
2715 4317 2801 4362 est
2839 4306 3022 4361 mala?
3069 4304 3222 4361 Hanc
3277 4320 3403 4361 cum
3450 4306 3681 4362 vidisset

2106 4402 2330 4457 sanctus
2385 4401 2589 4471 alioqui
2638 4414 2699 4455 se
2756 4400 3068 4462 lavantem,
3123 4407 3182 4452 et
3231 4400 3681 4468 concupiscentia

430 4491 684 4560 ἀνίσχυες
727 4491 866 4560 μετά
903 4489 1004 4559 τῆς
1065 4489 1272 4543 ἑαυτῶν
1317 4488 1576 4551 πτώσεως
1616 4490 2002 4558 διαπορευόμε-

2106 4493 2290 4547 carnis
2319 4491 2469 4546 illius
2495 4491 2811 4554 exarsisset,
2832 4497 3097 4558 quantam
3120 4488 3447 4559 flagitiorum
3470 4489 3680 4543 lernam

429 4596 532 4645 νοι,
560 4584 652 4632 καὶ
676 4583 732 4630 ἐν
760 4580 910 4648 μέσῳ
940 4579 1165 4646 παγίδος
1188 4578 1556 4639 διαϐαίνοντες
1575 4579 1999 4649 ὲκφέυξώμεθας

442 4656 675 4739 Ὁμοίως
706 4671 803 4722 καὶ
845 4670 1085 4739 ’Δμμὼν
1126 4669 1219 4725 καὶ
1275 4671 1365 4725 διὰ
1405 4672 1503 4753 τῆς
1551 4671 1784 4740 ἀδελφῆς
1838 4671 2001 4723 αὑτοῦ

430 4763 629 4835 Θάμαρ
682 4763 920 4834 ἀνῃρέθη
953 4763 1156 4825 καλῶξ.
1203 4763 1478 4833 Ὡσαύτως
1535 4765 1628 4818 καὶ
1681 4766 1709 4818 6
1755 4763 2004 4834 Σολομὼν

431 4855 570 4928 ἔχων
602 4857 791 4926 σοφίαν
831 4857 922 4908 καὶ
958 4857 1241 4927 φρόνησιν,
1292 4858 1385 4909 καὶ
1432 4856 1580 4927 χύμα
1627 4857 1875 4927 καρδίας,
1911 4857 2006 4910 καὶ

432 4946 683 5011 πλοῦτον,
727 4947 819 5002 καὶ
853 4946 1009 5012 δόξαν
1055 4946 1252 5017 πολλὴν
1287 4948 1424 5017 ὑπὲρ
1456 4948 1683 5012 πάντας,
1730 4950 1823 5001 καὶ
1846 4940 2005 5011 οὗτος

432 5037 517 5091 διὰ
562 5038 819 5105 γυναικὸς
871 5035 1138 5096 ἀπώλετο,
1186 5036 1281 5089 καὶ
1312 5038 1623 5105 ἀποστάτης
1653 5038 1871 5104 ἐγένετο
1915 5037 2004 5091 διὰ

432 5128 717 5195 γυναῖκας.
748 5126 854 5179 Καὶ
878 5126 926 5177 οἱ
956 5124 1316 5193 πρεσϐύτεροι
1337 5126 1535 5179 οἱκατὰ
1551 5127 1850 5180 Σουσάνναν
1880 5143 2002 5194 κρι-

433 5218 525 5272 ταὶ
552 5218 639 5272 διὰ
669 5218 729 5270 τὸ
772 5217 1124 5287 ἐνδελεχίζειν
1177 5216 1271 5268 καὶ
1325 5216 1763 5286 καταμανθάνειν
1806 5218 2002 5280 καλλος

434 5308 743 5380 ἀλλότριον,
790 5313 866 5372 είς
906 5311 967 5362 τὸ
997 5308 1230 5373 πέλαγος
1268 5304 1365 5377 τῆς
1403 5308 1699 5375 ἐπιθυμίας
1732 5309 2000 5377 ἐμπεσόν-

434 5419 544 5466 τες,
576 5388 951 5471 ἐπανέστησαν
980 5405 1044 5473 τῇ
1084 5402 1330 5473 μακαρία
1359 5401 1653 5473 Σουσάννῃ.
1691 5400 1873 5455 Ταῦτα
1906 5404 2002 5473 μὲν

436 5494 566 5564 περὶ
600 5494 701 5564 τῆς
751 5494 1068 5565 ἐπιθυμίας
1105 5494 1432 5566 θριαμϐεύει
1474 5495 1529 5546 δὲ
1585 5496 1679 5549 καὶ
1737 5495 1943 5566 Ἰησοῦς
1978 5498 2006 5549 6

436 5586 532 5640 τοῦ
555 5586 755 5656 Σειρὰχ
773 5587 871 5656 τὴν
906 5587 1171 5655 πονηρίαν
1194 5587 1393 5639 αὺτιῗινο
1424 5588 1635 5651 «Mt.pr
1662 5589 1809 5640 πᾶσα
1844 5588 2008 5641 κακία

2109 4575 2202 4639 hic
2228 4592 2489 4654 operatus
2526 4591 2631 4647 est,
2667 4582 2846 4636 modis
2877 4582 3007 4635 licet
3056 4581 3314 4635 omnibus
3369 4581 3684 4635 maximus?

2109 4677 2355 4745 peccavit
2387 4676 2440 4729 in
2473 4675 2668 4738 Deum,
2700 4681 2810 4728 non
2836 4688 2902 4728 eo
2927 4674 3104 4727 solum
3136 4672 3280 4743 quod
3314 4673 3367 4727 in
3394 4674 3683 4729 mmcbiam

2109 4766 2512 4835 sitprolapsus,
2551 4767 2644 4819 sed
2675 4764 2820 4834 quod
2858 4765 3042 4818 virum
3065 4763 3463 4832 illiusjusscrit
3508 4764 3684 4817 inter—

2111 4852 2221 4907 ﬁci.
2257 4852 2445 4916 Vides,
2476 4862 2737 4922 quantam
2769 4853 2859 4906 hic
2899 4861 3100 4907 unctus
3130 4853 3346 4907 Domini
3375 4869 3469 4907 rex
3513 4853 3682 4907 David

2112 4946 2417 4999 confecerit
2460 4944 2803 5015 tragmdium,
2858 4954 2919 4999 ut
2953 4945 3037 4999 vel
3070 4952 3390 5014 canceptam
3438 4946 3686 5013 expleret

2112 5036 2662 5105 concupiscentiam?
2712 5037 3017 5090 Doceamur
3065 5045 3120 5089 et
3163 5050 3266 5091 nos
3296 5035 3400 5089 hoc
3430 5037 3684 5103 exemplo

2109 5143 2223 5182 non
2285 5128 2702 5198 concupiscere.
2759 5129 2814 5182 Si
2860 5127 3006 5181 enim
3063 5128 3169 5181 viri
3232 5127 3309 5180 illi
3356 5128 3493 5180 tales
3554 5141 3680 5181 cum

2107 5226 2328 5282 essent,
2369 5220 2648 5275 illecebris
2677 5229 2858 5274 tamen
2886 5217 3249 5272 ellenociniis
3270 5216 3563 5270 mulierum
3588 5217 3685 5271 de-

2109 5312 2300 5366 mulcti
2322 5313 2578 5383 captique
2601 5320 2751 5373 sunt,
2776 5317 2833 5364 et
2857 5324 2961 5362 nos
2983 5309 3126 5365 inter
3156 5308 3396 5376 pericula
3422 5308 3684 5363 inceden-

2110 5413 2212 5469 tes,
2244 5413 2301 5459 et
2334 5404 2388 5458 in
2420 5405 2601 5458 medio
2621 5405 2942 5472 laqueorum
2969 5401 3131 5470 positi
3155 5400 3338 5454 adhuc
3359 5399 3691 5468 effugiamus

2110 5508 2343 5565 espassa
2376 5496 2536 5549 retia.
2564 5495 2677 5547 Nec
2699 5493 2807 5547 alia
2831 5492 3044 5547 ratione
3066 5490 3297 5544 Ainmon
3326 5489 3537 5544 sororis
3570 5505 3684 5545 sua:

2109 5586 2347 5641 Thamar
2383 5587 2661 5641 inescatus
2692 5584 2911 5654 specie,
2942 5583 3050 5638 vita
3086 5581 3287 5639 misere
3307 5581 3551 5652 privatus
3574 5593 3680 5637 est.

511 5744 534 5778 ⁷
566 5744 738 5801 Eccli.
768 5743 1000 5803 κλειδὶ.
1080 5744 1099 5773 ⁸
1125 5745 1258 5798 ibid.
1309 5745 1397 5797 9.8.
1478 5746 1496 5774 ’
1550 5744 1709 5797 Prov.
1747 5759 1814 5807 iv,
1848 5742 2041 5799 25-27.
2090 5745 2163 5818 _"
2198 5745 2360 5799 Prov.
2392 5760 2464 5808 vi,
2501 5743 2570 5798 ‘25
2599 5759 2614 5809 ;
2649 5741 2962 5809 vu,21-27.

689 5838 958 5899 Parnm.
995 5842 1105 5901 Gs.
1150 5839 1474 5900 LXXXiX.

3295 5829 3364 5893 47
