4020 6146
417 315 552 380 1485

1019 297 1368 376 ιιυΜωΑ
1404 311 1712 376 xvnt.—
1741 302 2354 373 CANTATRICULIS
2393 276 2572 360 NON
2608 286 3126 367 ASSlDENDUM.

3557 301 3690 364 1486

415 444 590 504 μενοι,
640 427 707 482 οὐ
754 428 942 500 χρείαν
981 428 1177 499 ἔχομεν
1237 426 1343 498 τῆς
1385 425 1628 498 ματαίας
1669 423 1849 478 αὐτῶν
1899 412 2027 484 καὶ,

2129 427 2330 490 mortem
2365 431 2381 469 :
2412 416 2598 483 quare
2626 408 2948 478 prteSIiterit
2977 412 3190 467 ardenti
3226 411 3336 481 igni
3367 413 3596 482 propius
3628 432 3686 466 se

411 520 788 592 ψυχοϐλαῦοὖς
811 520 1120 589 συντυχίας,
1151 513 1242 569 ἵνα
1275 519 1350 589 μὴ
1387 518 1612 588 γένηται
1643 515 1808 584 άλγος
1839 511 1896 566 ἑν
1924 515 1990 584 τῇ

414 614 561 684 ψυχῇ
589 612 767 682 ἡμῶν.
806 609 864 664 '0
891 613 1000 683 γὰρ
1045 607 1390 680 φιλάμαρτος
1430 609 1644 677 δαίμων
1684 606 1858 666 πολλὰ
1890 621 1994 675 μη-

418 706 646 776 χανᾶται
697 703 1032 773 καθ’ὴμῶν·
1077 699 1374 754 ὑποϐάλλει
1421 701 1615 762 αὑταῖς
1657 695 1996 768 παρακαλεῖν

425 797 562 868 μετὰ
595 791 933 864 ποτνιασμοῦ
960 795 1054 847 καὶ
1085 787 1362 864 δακρύων,
1400 791 1640 862 συνεχῶς
1671 790 2000 844 ἐπισκέπτε-

425 888 548 944 σθαι
577 889 768 950 αὐτάς,
794 888 888 940 καὶ
915 889 1166 958 προνοεῖν
1193 886 1280 940 διὰ
1303 885 1394 964 τον
1421 883 1516 938 τοῦ
1547 882 1757 956 Κυρίου
1784 881 1996 954 μισθόν.

425 980 742 1048 Ιῖειθόμενοι
773 977 829 1030 δὲ
857 978 1070 1042 αὐταῖς,
1107 977 1340 1047 αἴρομεν
1374 975 1744 1047 ἀντιμισθίαν,
1771 974 2001 1030 δυσίατα

426 1071 561 1141 ἕλκη
601 1073 656 1122 ἐν
686 1072 751 1139 τῇ
787 1069 956 1140 ψυχῇ,
1002 1070 1096 1122 καὶ
1149 1067 1447 1140 λογισμοὺς
1497 1065 1851 1136 αἰσχίστους⁶
1906 1066 2004 1120 καὶ

427 1163 638 1223 λοιπὸν,
666 1163 698 1232 ἡ
725 1161 921 1231 καρδία
950 1163 1332 1232 ταρασσομένη
1371 1155 1657 1226 κολάζεται
1689 1156 1764 1224 ὡς
1794 1157 2004 1230 δημίων

430 1253 809 1330 ἐπιτεινόντων
853 1251 1024 1323 αὐτὴν
1065 1251 1194 1306 ἔνθα
1237 1253 1332 1305 καὶ
1377 1249 1538 1316 ἔνθα,
1581 1251 1675 1305 τοῦ
1735 1250 1854 1316 νοὸς
1910 1250 2006 1304 καὶ

429 1344 524 1400 τοῦ
578 1344 804 1408 πάθους.
864 1341 1217 1416 Ματαιοσὺνη
1267 1345 1362 1399 οὖν
1411 1347 1543 1418 ἡμῖν
1597 1347 1766 1412 ἐστιν,
1821 1339 2006 1408 καθὼς

434 1439 779 1510 προείρηται,
811 1437 1049 1506 ἀφέντας
1089 1441 1290 1508 γονεῖς,
1325 1439 1422 1492 καὶ
1457 1437 1745 1502 ἀδελφοὺς,
1774 1437 2006 1491 κτᾶσθαι

435 1529 849 1598 συντυχίαςεείς
885 1527 1062 1596 ψυχῆς
1115 1527 1416 1582 ἀπώλειαν.
1451 1527 1629 1591 Ὅλως
1675 1527 1784 1596 γὰρ
1839 1527 2007 1596 ἀναρ-

439 1621 620 1693 μόδιὸν
657 1621 805 1673 ἐστιν
857 1620 1131 1690 ἀνθρώπῳ
1185 1619 1428 1688 ἀσκῆσαι
1481 1619 1812 1692 βουλομένῳ,
1870 1617 2011 1689 μετὰ

435 1710 696 1780 γυναικὸς
727 1705 928 1774 ἐσθίειν
978 1709 1072 1762 καὶ
1107 1708 1358 1780 πίνεινμῆ
1389 1709 1494 1762 ὑπὸ
1517 1709 1771 1776 γυναικὶ-ς
1803 1709 2012 1777 ὑπηρε-

2093 496 2416 572 admovere,
2447 512 2620 573 quam
2651 500 2874 558 mulieri
2903 525 2919 558 :
2951 502 3254 572 praesertim
3281 496 3505 570 juvenis
3534 513 3684 556 uter—

2099 601 2282 672 que,si
2307 607 2412 656 est.
2437 595 2660 653 Etenim
2687 594 2924 651 excusso
2954 595 3096 664 igne,
3125 592 3343 648 tametsi
3370 592 3680 647 vehementi

2100 693 2292 749 dolore
2323 692 2590 754 allectus,
2627 687 2784 742 ocius
2823 687 2876 740 in
2911 683 3356 740 terramdesilis.
3388 679 3458 738 At
3487 685 3682 738 mulie-

2100 785 2189 843 bri
2232 783 2706 854 blandiloquentia
2753 777 3149 850 praemollitus,
3197 794 3306 832 non
3353 775 3462 848 jam
3508 795 3678 848 parvo

2104 877 2326 949 negotio
2365 886 2419 932 te
2458 873 2529 930 ab
2573 873 2666 930 illa
2709 871 2968 928 excutere
3009 871 3254 941 potueris
3290 887 3352 925 ac
3389 871 3678 934 secedere,

2110 962 2324 1042 1054
2353 956 2560 1034 bonum
2595 963 2784 1038 igitur,
2812 959 2907 1019 sed
2943 971 2999 1018 et
3026 952 3137 1018 Deo
3171 973 3334 1032 atque
3366 962 3684 1018 hominibus

2108 1078 2233 1118 cum
2265 1061 2462 1132 primis
2489 1067 2798 1128 acceptum,
2825 1064 2885 1110 ut
2910 1070 3012 1110 nos
3040 1053 3109 1110 ab
3140 1053 3353 1108 illarum
3385 1066 3682 1110 consuetu-

2109 1151 2238 1210 dine
2284 1152 2620 1207 extricemus
2671 1147 3001 1212 vitabundi,
3045 1161 3152 1202 nec
3205 1144 3287 1200 eis
3339 1147 3688 1203 continenter

2110 1243 2488 1305 assideamus,
2533 1255 2604 1294 ne
2656 1237 2878 1310 quando
2925 1250 3118 1292 earum
3174 1235 3385 1290 retibus
3434 1237 3687 1308 impliciti

2111 1333 2511 1408 periclitemur,
2537 1327 2674 1403 quin
2709 1331 3021 1386 libertatem
3048 1342 3210 1399 quam
3241 1328 3499 1392 ocissime
3532 1330 3692 1386 nobis

2113 1426 2480 1491 Vindicemus,
2511 1438 2612 1480 ecu
2645 1423 2891 1478 assolent
2922 1419 3254 1476 animalcula
3282 1421 3490 1490 quaevis
3523 1423 3692 1476 semel

2115 1519 2238 1575 telae
2287 1517 2582 1574 aracbneaa
2614 1516 2828 1585 illapsa.
2871 1513 2984 1570 Nos
3009 1511 3258 1569 omnium
3304 1515 3558 1581 maxime,
3599 1515 3693 1586 qui

2115 1611 2313 1667 relicto
2386 1609 2608 1682 peculio
2651 1617 2801 1664 totos
2859 1623 2962 1662 nos
3029 1600 3143 1664 Deo
3211 1608 3694 1674 consecravimus,

2117 1706 2257 1762 nihil
2303 1707 2357 1762 in
2399 1715 2683 1778 posterum
2726 1701 2966 1768 necesse,
2999 1707 3072 1759 sit
3114 1719 3238 1760 cum
3286 1704 3394 1760 illis
3434 1707 3694 1778 congredi

437 1803 667 1866 τεῖσθαι,
705 1803 740 1874 ἢ
791 1803 1040 1874 προνοεῖν
1081 1802 1376 1870 γυναικῶν,
1425 1803 1459 1874 ἢ
1509 1801 1646 1864 ὅλως
1685 1803 1806 1871 μετ’
1835 1800 2014 1854 αὐτῶν

2129 1798 2472 1862 iamiliarius,
2499 1812 2737 1870 quarum
2769 1795 2993 1866 quidem
3026 1790 3512 1862 confabulatio,et
3537 1798 3696 1868 plena

440 1894 583 1965 ἔχειν
605 1895 828 1962 γνῶσιν.
865 1890 1098 1964 Ὁμοίως
1124 1893 1180 1946 δὲ
1210 1895 1304 1946 καὶ
1329 1896 1644 1955 κανοειικαῖς
1671 1893 2014 1964 ἀνάρμοστόν

440 1989 558 2042 ἐστι
595 1985 910 2050 συνδυάξειν
944 1986 1081 2056 μετὰ
1108 1985 1336 2056 ἀνδρῶν,
1369 1986 1508 2056 πρὸς
1533 1987 1594 2040 τὸ
1613 1988 1815 2058 μηδένα
1847 2004 2015 2041 σκαν-

442 2079 756 2142 δαλίζεσθαι
804 2079 871 2132 δι’
903 2077 1096 2149 ἡμῶν,
1128 2078 1241 2132 ἀλλ’
1274 2079 1360 2132 ἵνα
1403 2072 1554 2148 ὦμεν
1604 2081 1768 2134 πᾶσιν
1808 2075 2018 2152 anpch-

443 2187 623 2226 κοποι.
661 2191 680 2224 ι
715 2171 928 2234 sum;
961 2173 1089 2243 γὰρ,
1139 2171 1325 2241 φησὶν,
1357 2171 1448 2224 τὸν
1483 2170 1646 2239 φόϐον
1673 2171 1762 2224 τοῦ
1789 2171 2015 2242 Κυρίου,

443 2265 769 2334 ἀνθρώπους
802 2263 1085 2333 πείθομεν,
1116 2262 1238 2332 Θεῷ
1267 2263 1324 2316 δὲ
1355 2261 1761 2334 φανερούμεθα.
1797 2283 1816 2316 ι
1845 2263 2020 2334 Φοϐη-

445 2351 630 2424 θῶμεν
667 2355 874 2416 τοίνυν,
911 2353 987 2417 ὼς
1021 2354 1265 2424 εἴρηται,
1307 2352 1402 2406 τοῦ
1453 2353 1805 2415 σκανδαλίεαι
1843 2353 2019 2419 τινὰς,

447 2445 740 2510 ἀκούοντες
779 2446 874 2499 τοῦ
924 2445 1154 2516 Κυρίου,
1197 2445 1470 2512 λέγοντος,
1500 2446 1585 2499 δτι
1638 2446 1910 2518 συμφέρει
1935 2447 2024 2500 ἵνα

449 2536 598 2600 λίθος
633 2535 859 2606 μυλικὸς
885 2537 1177 2606 κρεμασθῇ
1223 2536 1355 2606 περὶ
1389 2534 1484 2588 τὸν
1520 2533 1792 2605 τράχηλον
1831 2535 2022 2599 αὑτοῦ,

451 2627 546 2683 καὶ
578 2627 745 2697 ριφθῇ
781 2627 862 2690 είς
899 2627 999 2696 τὴν
1043 2625 1404 2696 θάλασσαν,ῆ
1441 2622 1528 2680 ἵνα
1573 2625 1905 2699 σκανδαλίσῃ
1931 2627 2028 2680 ἕνα

450 2718 568 2777 ’τῶν⁴
605 2719 820 2790 μικρῶν
869 2717 1098 2771 τούτων.
1145 2717 1264 2789 Χρὴ
1307 2711 1400 2771 οὖν
1436 2718 1512 2781 ὡς
1577 2719 1684 2771 ἀπὸ
1735 2720 2028 2790 προσώπου

449 2810 628 2878 ὄφεως
676 2809 770 2862 καὶ
810 2807 1087 2878 ἁμαρτίας
1142 2807 1392 2879 μεγάλης
1423 2807 1648 2877 φεύγειν
1694 2809 1792 2863 ἀπ’
1821 2809 2028 2873 αὐτῶν,

451 2901 542 2954 διὰ
571 2901 634 2955 τὺ
671 2901 1054 2972 θανατηφόρον
1094 2897 1377 2964 εἶναιτοῖς
1423 2882 1770 2970 βουλομένοις
1817 2903 2028 2968 ἀσκεῖν,

451 2995 516 3047 οὐ
550 2993 712 3063 μόνον
748 2991 849 3064 τὴν
877 2990 1057 3045 αὐτῶν
1099 2989 1337 3061 ὁμιλίαν,
1369 2991 1505 3045 ἀλλὰ
1534 2993 1627 3046 καὶ
1660 2993 1762 3064 τήν
1791 2993 2031 3064 ἐνθύμη-

459 3100 562 3136 σιν.
589 3078 840 3136 Διδάσκει
868 3081 924 3134 δὲ
951 3082 1100 3151 ἡμᾶς
1129 3080 1287 3134 τοῦτο
1321 3083 1350 3134 ὁ
1381 3082 1796 3154 Παροιμιαστὴς
1831 3083 2028 3152 λέγων

463 3195 480 3226 ε
513 3175 605 3245 Μὴ
633 3172 738 3244 δῷς
770 3173 862 3226 σὸν
896 3171 1130 3226 πλοῦτον
1162 3173 1416 3242 γυναικί·
1458 3192 1478 3226 ι
1511 3174 1608 3226 καὶ
1634 3173 1726 3227 τὸν
1757 3173 1850 3228 σὺν
1883 3174 2030 3241 νοῦν,

459 3268 538 3331 είς
567 3263 1008 3334 ὑστεροϐουλίαν.
1027 3263 1138 3317 Καὶ
1161 3263 1321 3326 ἄλλος
1347 3279 1360 3292 ·
1390 3282 1408 3314 ι
1435 3264 1590 3317 Μετὰ
1615 3263 1925 3336 ψαλλούσης
1959 3267 2034 3337 μὴ

459 3356 780 3428 ἐνδελέχιζε,
818 3357 892 3427 μή
923 3372 1059 3410 ποτε
1080 3356 1223 3426 ἁλῷς
1255 3358 1312 3408 ὲν
1341 3358 1453 3419 τοῖς
1483 3357 1907 3427 ἐπιχειρήμασιν
1939 3358 2038 3410 αὺ-

461 3451 578 3519 τῆς.
607 3469 624 3500 ι
652 3444 822 3517 Οἶμαι
847 3447 904 3499 δὲ
938 3447 1034 3500 καὶ
1064 3448 1156 3500 τὸν
1192 3448 1437 3512 Ἡσαΐαν,
1472 3449 1602 3520 περὶ
1627 3449 1808 3502 αὐτῶν
1834 3448 2039 3517 λέγειν,

469 3557 489 3590 ι
527 3539 667 3592 Ἀνθ’
704 3532 780 3593 ὧν
809 3539 1105 3608 ὑψώθησαν
1143 3538 1200 3590 αἱ
1245 3539 1542 3611 θυγατέρες
1577 3539 1734 3604 Σιὼν,
1786 3541 1878 3594 καὶ
1912 3543 2041 3594 ἐπο-

468 3630 738 3700 ρεύθησαν
779 3628 969 3699 ὑψηλῷ
1002 3630 1260 3701 τραχήλῳ
1305 3630 1402 3685 καὶ
1441 3635 1500 3685 ὲν
1536 3631 1804 3701 νεύμασιν
1843 3633 2042 3700 ὀφθαλ-

471 3721 606 3790 μῶν,
639 3741 656 3772 a
697 3722 792 3774 καὶ
845 3721 914 3773 τὰ
960 3721 1110 3790 ἑξῆς.
1159 3723 1266 3776 Καὶ
1313 3723 1511 3790 ἐπάγει
1538 3739 1550 3752 ·
1589 3723 1738 3776 «Καὶ
1777 3727 1805 3778 ὁ
1838 3725 2042 3796 Κύριος

468 3811 808 3882 ἀποκαλύψει
842 3813 903 3866 τὸ
932 3815 1118 3884 σχῆμα
1150 3813 1329 3867 αὐτῶν
1361 3816 1418 3867 ὲν
1464 3818 1530 3886 τῇ
1562 3817 1745 3888 ἡμέρᾳ
1773 3817 1978 3890 ἐκείνῃ.
2019 3838 2036 3870 ι

463 3902 650 3974 Ὅπερ
711 3903 920 3975 ὰπέὄη,
958 3905 1034 3968 ὡς
1097 3905 1486 3976 ὑπολαμϐάνω,
1523 3909 1617 3960 ἐπὶ
1683 3909 1782 3977 τῆς
1838 3926 2044 3979 παρουο

464 3995 586 4060 ’σίας
615 3995 724 4048 τῶν
749 3992 1060 4051 Χαλδαίων.
1094 3998 1260 4064 Λέγει
1289 3999 1343 4051 δὲ
1369 4001 1462 4052 καὶ
1486 3999 1723 4070 ἀλλαχοῦ
1746 4018 1758 4030 °
1785 4020 1803 4053 ι
1835 4000 2044 4070 Παρθέ-

467 4105 564 4142 νον
583 4086 660 4159 μὴ
685 4087 1096 4159 καταμάνθανε,
1137 4091 1208 4159 μή
1253 4107 1382 4142 ποτε
1421 4093 1820 4166 σκανδαλισθῇς
1849 4096 1906 4148 ἐν
1933 4099 2044 4160 τοῖς

469 4177 764 4248 ἐπιτιμίοις
787 4177 975 4246 αὐτῆς.
1001 4193 1020 4228 ι
1054 4178 1163 4230 Καὶ
1189 4173 1345 4241 αὖθις
1365 4193 1408 4230 ἰ
1437 4173 1616 4243 Οἶνος,
1647 4180 1740 4234 καὶ
1761 4184 2040 4248 γυναῖκες,

469 4269 868 4339 ἀποστήσουσιν
895 4269 1125 4338 καρδίας
1155 4269 1414 4324 συνετῶν.
1461 4288 1481 4322 ι
1518 4270 1628 4324 Καὶ
1665 4273 1695 4324 ὁ
1715 4271 2043 4344 Ἐκκλησια-

471 4361 602 4429 στής
621 4375 636 4388 ·
667 4378 686 4410 ι
709 4359 1044 4432 Πικρότερον
1070 4360 1211 4432 ὑπὲρ
1236 4361 1468 4416 θάνατον
1500 4363 1754 4433 συζητεῖν
1783 4368 2043 4434 γυναῖκα,

2116 1897 2201 1943 εει
2230 1887 2502 1944 'vanitatis
2539 1895 2596 1943 et
2633 1886 2926 1942 animabus
2969 1885 3108 1940 mire
3146 1883 3564 1943 detrimentosa.
3597 1887 3704 1942 Fas

2118 1982 2286 2054 igitur
2319 1981 2686 2052 deiugiamus,
2715 1995 2784 2035 ne
2817 1973 3009 2049 ﬂagitii
3044 1978 3326 2050 quidpiam
3349 1979 3700 2036 .adhrerescat

2119 2075 2412 2130 animabus
2433 2073 2643 2129 nostris
2672 2091 2686 2126 :
2721 2072 2838 2144 ipse
2864 2072 3014 2126 enim
3041 2071 3254 2144 daemon
3281 2073 3490 2142 peccati
3515 2088 3703 2128 aman-

2122 2167 2389 2234 tissimus;
2409 2176 2720 2222 commenta
2747 2165 3039 2220 adversum
3067 2179 3171 2218 nos
3200 2179 3312 2220 non
3339 2178 3513 2234 pauca
3541 2179 3703 2220 exco-

2119 2260 2258 2332 gitat
2277 2275 2344 2314 ac
2365 2259 2592 2316 molitur
2617 2257 2900 2312 insidiose.
2927 2256 3053 2312 istis
3076 2255 3418 2312 mulierculis
3439 2259 3702 2328 suggerit,

2123 2362 2287 2407 orent
2329 2366 2430 2406 nos
2474 2365 2600 2406 cum
2650 2349 2909 2421 lacrymis
2957 2357 3014 2402 et
3057 2347 3460 2414 obtestatione,
3502 2365 3598 2405 eas
3643 2358 3706 2405 ut

2124 2445 2346 2499 assidue
2386 2444 2705 2508 visitemus,
2739 2442 2958 2497 illarum
3003 2441 3167 2496 saluti
3215 2449 3278 2495 ut
3319 2442 3703 2502 consulamus.

2125 2552 2222 2606 spe
2249 2537 2520 2592 mercedis
2548 2552 2578 2590 a
2605 2534 2837 2590 Domino
2862 2533 3198 2589 obtinendae.
3225 2533 3307 2588 Ab
3335 2534 3454 2595 istis
3485 2533 3706 2590 interim

2127 2626 2380 2698 persuasi
2415 2624 2717 2680 auferimus
2750 2623 3288 2688 remunerationem,
3321 2623 3508 2703 ulcera
3542 2625 3710 2678 nimi-

2131 2736 2252 2775 rum
2283 2719 2480 2773 animm
2503 2717 2596 2772 vix
2621 2715 2753 2772 ullis
2780 2715 3025 2770 curanda
3055 2715 3340 2778 antidotis,
3367 2716 3577 2772 salaces
3606 2717 3712 2772 sci-

2129 2812 2262 2866 licet
2285 2821 2341 2865 et
2361 2809 2630 2864 obscenas
2655 2807 3036 2878 cogitationes.
3057 2805 3210 2861 Adeo
3231 2807 3494 2879 deinceps
3517 2822 3612 2863 cor
3636 2812 3715 2862 tot

2131 2900 2393 2972 agitatum
2420 2898 2765 2968 intemperiis
2793 2913 2988 2968 poenas
3016 2897 3123 2951 luit
3145 2897 3346 2952 merito
3371 2913 3474 2952 suo
3499 2897 3712 2970 dignas,

2133 2991 2264 3047 dum
2294 3006 2454 3046 mens
2483 2998 2648 3060 atque
2674 2989 2894 3044 affectio
2921 2989 3177 3058 concepti
3203 2986 3467 3044 facinoris
3493 3003 3589 3045 cor
3616 2991 3718 3042 mi-

2135 3099 2322 3139 serum
2361 3081 2705 3150 distrahunt,
2737 3081 2906 3152 inque
2951 3075 3276 3136 carniﬁcum
3318 3092 3528 3137 morem
3568 3096 3718 3136 nunc

2135 3177 2246 3232 huc
2265 3175 2382 3241 ille,
2407 3189 2558 3230 nunc
2580 3174 2711 3230 illuc
2739 3175 2881 3230 alter
2905 3174 3033 3244 plus
3054 3191 3221 3246 quam
3255 3175 3462 3245 tragice
3493 3188 3722 3230 concer-

2137 3275 2296 3339 punt.
2333 3266 2566 3324 Omnem
2609 3267 2777 3338 igitur
2818 3274 3046 3338 superat
3079 3265 3416 3333 vanitatem,
3450 3283 3554 3323 nos
3593 3281 3718 3322 cum

2137 3370 2394 3430 parentes
2435 3359 2830 3430 reliquerimus
2871 3369 2928 3415 et
2969 3345 3204 3424 fra'tres,
3241 3360 3540 3415 conciliare
3579 3360 3720 3415 velle

2137 3453 2410 3526 ejusmodi
2463 3453 2763 3525 mulierum
2817 3451 3319 3518 consuetudinem,
3363 3451 3420 3504 in
3471 3461 3720 3521 apertam

2139 3546 2507 3617 perditionem
2546 3545 2761 3600 animae.
2795 3544 3031 3598 Prorsus
3069 3543 3270 3599 rationi
3310 3543 3720 3600 dissentaneum

2140 3635 2378 3698 videtur,
2402 3643 2465 3690 ut
2485 3635 2654 3691 homo
2675 3634 2863 3705 cupiat
2885 3634 3336 3690 exercitationem
3363 3635 3719 3690 monasticam

2142 3724 2423 3795 proﬁteri,
2477 3733 2533 3778 et
2576 3725 2719 3779 idem
2760 3739 2883 3777 cum
2930 3723 3163 3778 muliere
3209 3725 3294 3779 vel
3341 3725 3597 3780 comedat
3635 3727 3720 3778 vel

2144 3818 2316 3880 bibat,
2351 3826 2445 3871 aut
2475 3823 2624 3871 certe
2662 3831 2692 3868 ιι
2729 3814 2977 3869 muliere
2999 3823 3223 3885 expetat
3253 3816 3358 3872 sibi
3396 3815 3721 3878 ministrari.

2143 3909 2257 3962 sive
2284 3908 2526 3978 ipsarum
2553 3921 2744 3977 gerere
2775 3921 2988 3970 curam,
3015 3915 3185 3976 utque
3205 3907 3493 3962 absolvam
3526 3919 3723 3963 cuncta

2143 3997 2500 4068 compendio,
2525 3997 2592 4051 ad
2619 4013 2809 4052 earum
2837 3998 3150 4069 pertingere
3177 3999 3572 4069 cognitionem.
3601 4000 3722 4054 Pari

2138 4087 2262 4157 jure
2291 4101 2593 4158 congruum
2624 4086 2726 4151 sit,
2754 4102 2849 4142 eas
2878 4102 3000 4156 qua:
3033 4103 3090 4142 se
3127 4088 3422 4143 canonieas
3454 4088 3723 4158 profiteri-

2145 4185 2255 4242 tur,
2290 4192 2637 4232 communem
2686 4193 2811 4231 cum
2861 4177 2996 4232 viris
3039 4180 3276 4234 tolerare
3320 4173 3522 4246 mm,
3554 4189 3614 4262 ut
3658 4199 3724 4234 ne

2145 4270 2278 4340 quid
2313 4269 2554 4324 scandali
2589 4271 2874 4324 exoriatur
2906 4265 3078 4324 uestri
3114 4287 3309 4334 causa;
3341 4271 3474 4342 quin
3505 4271 3724 4327 studea-

2145 4375 2274 4416 mus
2303 4358 2488 4431 potius
2521 4360 2789 4418 exhibere
2821 4377 2922 4416 nos
2954 4362 3169 4417 caeteris
3199 4363 3459 4418 onmibtis
3492 4363 3727 4434 irreprr.

467 4451 586 4522 ἥτις
634 4453 782 4504 ἐστὶν
837 4451 1109 4523 θήρευμα,
1163 4455 1260 4506 καὶ
1316 4456 1530 4526 σαγήνη
1582 4456 1781 4527 καρδία
1835 4457 2027 4528 αὐτῆς

2147 4452 2466 4510 liensibiles.
2521 4467 2542 4504 ι
2607 4452 2895 4518 Scientes,
2944 4453 3023 4506 ait
3082 4455 3418 4523 Apostolus,
3465 4455 3720 4510 timorem

465 4541 664 4612 δεσμὸς
713 4545 796 4606 είς
829 4545 1020 4614 χεῖρας
1067 4546 1274 4616 αὐτῆς
1329 4547 1536 4614 ἀγαθὸς
1589 4547 1698 4622 πρὸ
1747 4548 2045 4620 προσώπου

467 4632 563 4686 τοῦ
597 4633 732 4686 Θεοῦ
764 4635 1200 4704 ἀφαιρεθήσεται
1227 4637 1322 4690 ἀπ’
1353 4639 1544 4710 αὐτῆς,
1580 4640 1676 4694 καὶ
1715 4641 2047 4714 ἁμαρτάνων

471 4724 908 4797 συλληφθήσεται
939 4729 998 4780 ὲν
1027 4729 1186 4801 αὐτῇ.
1221 4748 1240 4782 ι
1277 4731 1388 4785 Kal
1430 4733 1718 4804 ἐπιφέρει·
1745 4725 1772 4786 ἲ
1803 4734 2048 4805 Εὐφραί-

469 4830 582 4876 νου,
615 4815 894 4882 νεανίσκε,
915 4819 972 4871 ὲν
989 4818 1206 4888 νεότητί
1233 4838 1352 4890 σου,
1373 4823 1469 4876 καὶ
1500 4824 1795 4894 περιπάτει
1823 4826 1884 4879 ὲν
1910 4827 2048 4891 ὁδοῖς

469 4905 734 4977 ἀμώμως,
761 4909 858 4961 καὶ
889 4909 964 4980 μὴ
990 4913 1044 4963 ὲν
1070 4911 1260 4984 ὁράσει
1288 4914 1580 4984 ὀφθαλμῶν
1605 4932 1721 4980 σου,
1752 4915 2046 4986 καὶγνῶθι

470 4999 563 5050 ἐπὶ
595 4999 760 5052 πᾶσιν
789 4999 1022 5068 τούτοις,
1061 5003 1142 5056 ὅτι
1176 5003 1294 5068 ἄξει
1329 5013 1388 5057 σε
1420 5007 1448 5058 ὁ
1475 5005 1608 5072 Θεὸς
1659 5009 1744 5072 είς
1779 5008 1980 5080 κρίσιν.
2019 5029 2038 5061 ι

485 5089 758 5153 Ὡσαύτως
810 5091 903 5145 καὶ
945 5095 974 5146 ὁ
1035 5091 1391 5161 Ἀπόστολοςι
1447 5115 1467 5150 ι
1497 5099 1635 5162 Τοὺς
1683 5099 1790 5172 γὰρ
1838 5102 2046 5166 πάντας

468 5183 617 5252 ἡμᾶς
658 5185 1038 5256 φανερωθῆναι
1083 5186 1164 5240 δεῖ
1197 5187 1508 5262 ἔμπροσθεν
1550 5190 1646 5252 τ,οὗ
1679 5191 1928 5265 βήματος
1949 5194 2046 5248 τοῦ

470 5273 748 5344 Χριστοῦσ
788 5277 876 5328 ἵνα
917 5277 1214 5350 κομίσηται
1253 5279 1485 5345 ἕκαστος
1539 5282 1606 5335 τὰ
1653 5283 1747 5335 τοῦ
1795 5283 2048 5352 σώματος

471 5369 608 5440 πρὸς
652 5369 690 5424 ἃ
726 5369 984 5440 ἔπραξεν,
1027 5374 1136 5427 εἴτε
1172 5374 1370 5442 ἀγαθὰ,
1421 5376 1532 5429 εἴτε
1580 5377 1746 5432 κακά.
1791 5395 1810 5429 ι
1851 5377 2044 5448 Ἡμεῖς

471 5456 571 5515 οὖν
593 5463 642 5514 οἱ
667 5462 952 5526 δοκοῦντες
977 5465 1177 5520 εἰδέναι
1209 5466 1304 5530 τὰς
1329 5466 1572 5538 Γραφὰς,
1609 5469 1704 5523 καὶ
1735 5467 1809 5540 μὴ
1841 5469 2046 5538 φυλάσ-

475 5564 680 5618 σοντες,
711 5555 1116 5628 περισσοτέρως
1149 5557 1348 5629 ἔχομεν
1385 5559 1720 5632 ὲγκληθῆναι
1753 5561 1892 5635 ὑπὲρ
1919 5562 2048 5626 τοὺς

551 5733 594 5763 ⁸⁸
617 5729 664 5787 ιι
697 5729 824 5788 Cor.
865 5749 918 5801 ν,
973 5733 1060 5788 li.
1152 5733 1194 5766 "
1243 5699 1622 5800 umnam,
1661 5735 1716 5792 ϐ.

2148 4543 2388 4610 Domini,
2419 4545 2716 4601 suademus
2752 4533 3099 4608 hominibus;
3125 4545 3238 4600 Deo
3267 4553 3456 4612 autem
3497 4545 3728 4603 manife-

2148 4637 2218 4693 sti
2249 4652 2441 4692 sumus
2465 4637 2530 4694 ¹⁶.
2565 4656 2584 4688 ι
2618 4636 2972 4692 Metuendum
3009 4652 3140 4691 sane
3168 4638 3349 4704 nobis,
3383 4652 3483 4694 ceu
3519 4637 3725 4694 dictum

2147 4739 2254 4794 est,
2285 4745 2354 4786 ne
2392 4730 2486 4801 qui
2529 4745 2630 4801 per
2667 4744 2768 4786 nos
2805 4729 2861 4785 in
2901 4729 3220 4786 scandalum
3251 4731 3425 4786 ullum
3457 4730 3724 4794 incidant,

2147 4836 2275 4877 cum
2303 4821 2447 4876 dicat
2477 4821 2766 4887 Dominus,
2795 4820 2926 4892 quia
2961 4820 3160 4876 melius
3187 4828 3272 4876 est
3305 4827 3364 4875 ut
3392 4819 3543 4894 lapis
3562 4821 3730 4874 mola-

2149 4914 2227 4970 ris
2252 4912 2490 4984 pendeat
2518 4928 2550 4966 ιι
2581 4912 2745 4976 collo,
2771 4920 2828 4968 et
2853 4912 2900 4968 is
2927 4912 3252 4984 projiciatu‘r
3281 4911 3336 4967 in
3367 4926 3539 4976 mare,
3564 4921 3730 4982 quam

2141 5015 2220 5060 ut
2241 5005 2577 5062 scandalizet
2606 5021 2778 5060 unum
2815 5014 2884 5061 ex
2917 5006 3008 5062 his
3041 5007 3259 5076 pusillis
3281 4989 3344 5060 ν’.
3376 5005 3566 5076 Itaque
3608 5015 3665 5059 ut
3701 5023 3728 5058 ιι

2151 5101 2291 5156 facie
2323 5101 2624 5172 serpentis,
2653 5110 2710 5156 et
2739 5117 2769 5154 a
2797 5101 3060 5171 perplexo
3090 5100 3346 5170 quopiam
3379 5107 3626 5169 peccato,
3656 5098 3728 5152 ita

2149 5204 2205 5248 et
2233 5195 2302 5248 ab
2336 5194 2457 5248 istis
2489 5208 2656 5264 porro
2689 5192 3086 5257 secedendum,
3111 5190 3259 5260 quod
3297 5195 3729 5260 praesentaneatu

2150 5286 2346 5342 ail‘crat
2389 5296 2623 5340 mortem
2671 5285 2889 5340 illarum
2933 5283 3275 5338 consuetudo
3318 5283 3387 5338 iis
3423 5282 3519 5352 qni
3560 5281 3730 5338 vitam

2151 5385 2410 5432 exercent
2430 5377 2810 5432 monasticam.
2831 5375 2942 5430 Nec
2965 5375 3184 5429 illarum
3207 5374 3530 5429 declinanda
3553 5373 3732 5430 solum

2153 5471 2460 5542 colloquia,
2501 5469 2600 5524 sed
2649 5476 2705 5525 et
2749 5467 2817 5523 de
2863 5467 2945 5522 eis
2993 5469 3386 5537 cogitationem
3431 5467 3501 5522 ab
3549 5466 3733 5522 radice

2154 5561 2390 5618 convelli
2434 5555 2902 5634 oporterejdocet
2943 5559 3334 5615 Paroemiastes
3380 5577 3393 5614 :
3448 5578 3467 5612 ‹
3512 5559 3590 5616 Ne
3635 5559 3735 5616 des
