4020 6146
441 342 572 403 lib?
1672 336 2040 398 ANTIOCHI
2079 338 2426 399 MONACIII
3540 345 3655 406 Ῑξδδ

434 450 657 505 divitias
692 447 911 503 mulieri
934 446 976 479 ¹⁸
1009 464 1027 497 ι
1068 462 1081 498 :
1114 451 1355 499 mentem
1390 453 1559 508 tuam,
1584 442 1752 498 vitam
1784 445 2022 515 denique

2129 446 2205 519 μὴ
2238 432 2466 509 είδοταε,
2499 443 2641 497 κατὰ
2670 443 2758 497 τὸν
2788 443 2945 511 λόγον
2970 442 3061 495 τοῦ
3095 443 3319 512 Κυρίου,
3350 445 3425 498 ὅτι
3455 466 3469 497 ι
3512 449 3660 504 Ἐκεῖ-

436 553 492 597 et
518 540 833 597 censilium.
860 538 1018 593 Alius
1055 555 1067 590 :
1109 556 1128 588 ι
1163 535 1301 592 Cum
1334 535 1630 590 cantatrice
1663 535 1923 591 assiduus
1952 553 2021 592 ne

2125 555 2217 601 vo;
2250 538 2279 590 ὁ
2301 524 2486 599 δοῦλος
2524 536 2551 588 ὁ
2578 536 2738 605 γνοὺς
2767 534 2828 587 τὸ
2861 536 3075 604 θέλημα
3110 533 3200 587 τοῦ
3260 539 3457 608 κυρίου,
3482 541 3565 592 καὶ
3598 541 3659 612 μὴ

435 642 579 697 esto,
595 630 887 702 nequando
906 627 1145 698 capiaris
1163 628 1218 681 in
1238 627 1446 693 argutis
1462 624 1727 696 Operibus
1746 626 1896 680 illius
1912 628 1974 681 ’³,
1995 647 2013 678 ι

2123 631 2357 699 ποιήσας
2390 627 2525 699 πρὸς
2560 628 2621 680 τὸ
2649 625 2863 696 θέλημα
2894 626 3083 691 αὐτοῦ,
3113 625 3403 697 δαρήσεται
3443 631 3611 687 πολλὰ,
3638 652 3657 685 ι

435 724 577 791 Quin
615 731 670 777 et
709 722 904 775 lsaiam
944 719 1013 774 de
1055 719 1176 773 istis
1214 717 1452 771 arbilror
1490 716 1639 786 loqui
1683 734 1696 771 :
1748 735 1765 766 ι
1812 717 1918 770 Pro
1954 732 2021 771 eo

2124 721 2234 773 Καὶ
2265 720 2460 787 ἐπάγει
2489 733 2504 748 ·
2537 738 2554 770 ι
2590 716 2761 770 Παντὶ
2805 711 2849 785 ᾧ
2890 717 3042 787 ἐδόθη
3081 718 3267 776 πολλὰ,
3310 724 3662 792 περιεσότερον
3756 782 3757 785 η

434 816 583 887 quod
611 814 863 869 exaltata:
891 821 1019 867 sunt
1048 811 1171 865 filiae
1196 820 1322 876 tuae,
1344 809 1497 870 Sion,
1518 818 1573 863 et
1598 808 2022 863 ambulaverunt

2124 813 2526 881 ἁπαιτήσουσιν
2558 812 2744 866 αὐτόν.
2788 829 2807 862 ›
2839 809 2998 880 Αὑτῷ
3033 812 3065 880 ἡ
3093 810 3219 875 δόξα
3252 814 3329 874 εἰς
3353 813 3467 876 τοὺς
3489 816 3660 880 αἰῶνας

432 916 661 962 extenso
707 905 877 966 collo,
918 912 973 958 et
1019 901 1261 957 nictibus
1305 901 1591 954 oculorum
1617 900 1683 964 ὀ,
1726 918 1744 950 ι
1798 909 1853 954 et
1900 915 2021 968 qua:

2124 902 2233 954 τῶν
2270 902 2503 954 αίώνων.
2559 901 2753 972 Ἀμήν.

433 1007 759 1071 sequuntur.
783 998 853 1053 Et
879 995 1089 1052 inducit
1115 1014 1128 1048 :
1170 1014 1188 1046 ι
1218 996 1285 1049 Et
1309 994 1574 1047 Dominus
1600 992 1867 1047 revelabit
1892 992 2144 1046 habitum
2173 993 2225 1048 in
2257 994 2345 1048 die
2378 993 2470 1047 illa
2492 993 2559 1047 ²¹.
2595 1012 2613 1044 ι
2643 992 2700 1047 ld
2728 994 2874 1062 quod
2903 1009 3052 1048 nunc
3113 994 3375 1062 temporis
3400 996 3663 1066 contigisse

433 1093 690 1156 arbitror,
723 1106 821 1160 per
856 1088 1152 1142 adventum
1185 1085 1590 1140 Chaldaeorum.
1624 1083 1835 1153 1055
1872 1084 2015 1139 Dicit
2052 1093 2235 1140 autem
2259 1086 2441 1139 etalio
2464 1085 2585 1138 loco
2628 1103 2640 1138 :
2686 1103 2703 1136 ι
2740 1085 3022 1155 Virginem
3062 1100 3131 1139 ne
3171 1088 3576 1155 conitempleris,
3605 1104 3662 1141 ue

433 1186 575 1240 forte
628 1180 1019 1239 scandalizeris
1069 1180 1125 1232 in
1174 1177 1647 1248 increpationibus
1699 1177 1844 1231 illius
1900 1170 1971 1230 δ’.
2015 1196 2033 1229 ›
2081 1179 2293 1232 Rursus
2337 1194 2351 1230 :
2406 1197 2424 1225 ε
2471 1177 2671 1233 Vinum
2714 1186 2771 1232 et
2809 1177 3073 1231 mulieres
3111 1187 3415 1246 apostatare
3482 1177 3664 1232 faciunt

436 1276 602 1331 corda
648 1273 1073 1344 intelligentium
1138 1267 1204 1322 ".
1251 1290 1269 1320 ι
1326 1268 1563 1323 Proinde
1616 1267 1978 1323 Ecclesiastes
2030 1286 2045 1322 :
2095 1288 2112 1320 ι
2144 1268 2398 1323 Amarius
2424 1278 2599 1324 morte
2625 1279 2731 1333 est,
2788 1269 3104 1322 conversari
3131 1284 3256 1323 cum
3284 1268 3527 1331 muliere;
3566 1269 3663 1338 ipsa

434 1370 582 1423 enim
625 1369 854 1437 laqueus
894 1364 1171 1420 venatoris
1245 1370 1363 1426 est,
1434 1369 1489 1416 et
1529 1376 1727 1430 sagena
1772 1378 1867 1415 eor
1910 1360 2085 1425 illius,
2126 1362 2407 1415 vinculum
2451 1361 2505 1414 in
2549 1377 2743 1415 manus
2779 1363 2918 1431 ejus.
2953 1361 3139 1415 Bonus
3180 1358 3323 1415 ante~
3346 1360 3528 1413 faciem
3563 1360 3663 1423 Dei,

435 1459 853 1516 submovebitur
885 1459 953 1512 ab
988 1473 1087 1522 ea;
1124 1456 1216 1526 qui
1255 1464 1477 1534 peccat,
1511 1442 2015 1525 comprehendetur
2054 1456 2109 1510 in
2140 1472 2202 1511 ea
2225 1458 2292 1509 ".
2329 1475 2347 1507 ι
2383 1456 2555 1511 Infert
2594 1474 2606 1509 :
2636 1475 2665 1534 ιι
2697 1455 2929 1517 Laztare,
2958 1457 3199 1526 juvenis,
3236 1457 3289 1510 in
3329 1456 3662 1510 adolescentia

436 1560 549 1615 tua,
578 1556 633 1603 et
666 1548 884 1602 ambula
918 1547 974 1600 in
999 1545 1104 1600 viis
1138 1545 1407 1599 innocens
1448 1530 1522 1598 ‘ct
1553 1544 1959 1610 ininiaculatus,
2025 1556 2081 1600 et
2122 1546 2176 1598 in
2206 1545 2453 1599 contuitu
2483 1530 2770 1600 oculorum
2803 1555 3045 1609 tuorum,
3072 1555 3128 1600 et
3157 1548 3297 1600 scito
3324 1548 3447 1615 quia
3477 1558 3569 1615 pro
3594 1547 3665 1600 bis

434 1642 692 1697 omnibus
737 1641 974 1695 adducet
1018 1648 1069 1693 te
1118 1639 1264 1694 Deus
1316 1639 1372 1692 in
1414 1638 1683 1708 judicium
1714 1639 1781 1693 ⁸⁸.
1833 1662 1851 1691 ο
1902 1640 2014 1694 Nec
2051 1638 2210 1693 aliter
2246 1628 2541 1709 Apostolus
2584 1658 2595 1693 :
2651 1660 2669 1691 ι
2718 1643 2917 1695 Omnes
2992 1642 3139 1696 enim
3214 1656 3316 1695 nos
3357 1641 3665 1695 manifestari

437 1742 654 1804 oportet
687 1742 815 1787 ante
851 1732 1087 1787 tribunal
1123 1732 1349 1798 Christi,
1417 1741 1477 1787 ut
1511 1732 1715 1787 referat
1786 1734 2163 1804 unusquisque
2197 1736 2418 1805 propria
2452 1723 2721 1805 corporis,
2750 1752 2872 1806 qua:
2936 1736 3124 1807 gessit,
3156 1736 3274 1790 sive
3342 1736 3535 1791 bonum
3568 1739 3666 1791 sive

435 1827 639 1881 malum
662 1827 727 1879 ".
768 1845 786 1878 ι
837 1826 949 1881 Nos
991 1827 1159 1897 igitur
1206 1826 1301 1897 qui
1341 1828 1553 1905 creteris
1593 1822 2002 1898 Scripturarum
2042 1831 2415 1902 cognitionem
2484 1830 2957 1894 administramus,
3024 1846 3127 1885 nec
3162 1839 3348 1884 tamen
3382 1846 3471 1885 eas
3501 1831 3664 1899 exple-

438 1934 562 1973 mus
593 1933 779 1988 opere,
812 1918 984 1972 multo
1017 1934 1128 1988 prie
1163 1918 1367 1989 ignaris
1402 1917 1524 1974 istis
1590 1920 1832 1974 atrocius
1898 1928 2085 1975 manet
2116 1920 2421 1991 judicium,
2445 1921 2597 1990 juxta
2632 1920 2859 1974 verbum
2894 1919 3109 1974 Domini
3145 1919 3384 1974 dicentis
3428 1939 3441 1974 :
3491 1939 3507 1970 ι
3547 1920 3667 1986 Quia

439 2027 633 2068 servus
665 2010 758 2081 qui
801 2010 953 2065 novit
986 2011 1323 2066 voluntatem
1361 2012 1570 2067 domini
1607 2012 1715 2075 sui,
1750 2028 1852 2068 nec
1884 2012 2013 2068 fecit
2051 2011 2359 2069 secundum
2412 2013 2592 2078 illam,
2629 2014 2913 2084 vapulabit
2994 2013 3184 2067 multis
3244 2015 3310 2067 ’⁷.
3353 2034 3371 2065 ι
3420 2015 3616 2069 lnducit
3652 2032 3665 2069 :

445 2123 462 2155 ι
498 2102 581 2157 Ab
614 2102 765 2158 omni
795 2103 884 2157 cui
915 2104 1148 2157 multum
1182 2103 1447 2157 donatum
1479 2112 1584 2170 est,
1612 2104 1737 2175 plus
1762 2112 2015 2187 repetent
2051 2102 2121 2158 ab
2148 2119 2215 2160 eo
2236 2105 2302 2158 ’⁸.
2338 2122 2357 2157 ι
2391 2102 2500 2187 ipsi
2526 2104 2703 2175 gloria
2733 2104 2788 2158 in
2822 2101 3016 2158 saecula
3048 2103 3400 2158 saeculorum.
3428 2105 3609 2163 Amen.

997 2216 1280 2271 llOMlLIA
1317 2216 1457 2271 XIX.

988 2305 1064 2360 De
1098 2308 1467 2378 fornicatione.

511 2397 917 2454 Fornicationis
942 2398 1173 2453 allectus
1195 2399 1499 2454 multiﬁdus
1521 2400 1745 2471 quidem
1770 2416 1837 2456 ex
1859 2399 2016 2456 fami-

440 2489 563 2545 liari
604 2474 869 2545 cooritur
919 2496 975 2543 et
1025 2490 1201 2561 surgit
1251 2490 1545 2545 mulierum
1591 2493 2010 2548 consuetudine.

436 2581 598 2636 Nullo
624 2581 772 2636 enim
797 2580 1019 2652 negotio
1047 2582 1378 2636 assentatrix
1406 2583 1498 2637 illa
1524 2593 1580 2637 et
1607 2583 1734 2637 illex
1758 2599 2016 2654 congres-

437 2676 521 2732 sio
561 2677 880 2747 procacium
915 2675 1230 2741 mulierum,
1261 2693 1319 2733 se
1357 2678 1600 2733 hominis
1637 2679 1830 2734 inserit
1861 2679 2015 2734 cordi

440 2770 729 2834 illecebra,
758 2770 1103 2826 veteratoris:
1136 2770 1272 2825 artis
1306 2786 1571 2841 perquam
1614 2776 1794 2841 plena.
1825 2772 2014 2842 Neque

441 2859 497 2914 id
550 2860 782 2929 simplex
830 2861 1068 2925 malum,
1111 2875 1236 2915 cum
1284 2860 1666 2916 fornicationis
1710 2862 2014 2933 daemonem

439 2950 713 3020 duplicem
745 2965 866 3005 esse
903 2960 1138 3006 constet.
1170 2953 1264 3007 list
1293 2954 1439 3007 enim
1470 2953 1565 3022 qui
1594 2954 1861 3009 adversus
1889 2955 2014 3010 ani-

440 3058 607 3107 mam,
636 3050 798 3098 estet
827 3043 922 3110 qui
955 3042 1247 3097 adversum
1282 3057 1488 3113 corpus
1519 3046 1819 3115 conspiret.
1853 3046 2018 3101 Istius

441 3133 521 3188 rei
557 3133 729 3204 gratia
763 3149 902 3204 agon
936 3134 1138 3203 duplex
1170 3135 1332 3190 nobis
1364 3136 1723 3205 excipiendus
1751 3138 2016 3197 adversus
2062 3124 2065 3131 I

404 3252 411 3255 έ
441 3226 718 3294 impurum
751 3225 917 3279 hunc.
948 3226 1136 3295 Neque
1175 3227 1324 3280 enim
1365 3228 1689 3282 sustinendo
1721 3228 1851 3283 huic
1872 3245 2015 3284 .con-

440 3315 614 3371 ﬂictui
668 3315 800 3370 satis
847 3316 1013 3370 fuerit
1059 3318 1344 3386 corporale
1395 3317 1697 3389 jejunium,
1742 3319 1920 3373 solum
1970 3319 2016 3374 si

440 3409 616 3473 adsit,
662 3416 724 3461 ut
776 3408 934 3462 hoste
994 3408 1330 3478 triumphato
1386 3411 1712 3478 palmarium
1769 3418 2017 3480 reportes

441 3501 696 3571 perfectae
723 3499 1038 3555 sobrietatis
1073 3508 1129 3554 et
1158 3500 1511 3555 castimoniae.
1543 3501 1762 3556 Etenim
1794 3517 2017 3556 necesse

442 3592 534 3656 sit,
563 3592 746 3647 adsint
775 3591 859 3646 hie
887 3591 1138 3655 comites,
1170 3592 1352 3646 cordis
1390 3594 1673 3658 contritio,
1698 3594 2016 3664 deprecatio

439 3684 589 3755 jugis
618 3683 684 3737 ad
713 3683 905 3747 Deum,
929 3683 1121 3737 crebra
1148 3683 1435 3740 meditatio
1468 3684 1895 3754 Scripturarum.
1922 3687 2019 3740 His

442 3774 614 3839 adde,
658 3774 936 3838 laborem,
980 3782 1035 3828 et
1085 3775 1425 3829 manuariam
1478 3775 1828 3831 industriam.
1873 3777 2017 3832 Sane

442 3877 673 3939 possunt
699 3866 810 3921 [nec
843 3866 1237 3922 insolescentes
1261 3876 1425 3936 atque
1451 3867 1799 3936 importunos
1820 3869 2017 3922 anima:

445 3969 625 4013 motus
677 3958 1045 4028 supprimere.
1090 3958 1208 4014 Prze
1260 3958 1348 4013 bis
1403 3959 1661 4013 omnibus
1717 3960 2018 4029 plurimum

444 4049 608 4106 aﬂert
634 4049 992 4105 emolumenti
1025 4049 1220 4105 animae
1258 4065 1379 4105 sese
1417 4050 1730 4120 dejicientis
1758 4052 2017 4106 humilia-

447 4146 523 4200 tio
558 4160 573 4199 :
606 4159 712 4214 qua
748 4143 886 4207 sine,
920 4157 1029 4196 non
1064 4141 1506 4206 fornicationem,
1538 4157 1645 4196 non
1682 4142 1847 4196 ullam
1881 4143 2018 4197 alia-

446 4251 568 4291 rum
599 4234 916 4305 passionum
950 4232 1277 4303 pervincere
1312 4232 1437 4301 quis
1470 4233 1733 4301 potuerit.
1759 4233 2018 4303 Pervigili

446 4329 631 4397 itaque
674 4326 924 4381 custodia
967 4324 1359 4379 asservandum
1408 4340 1525 4389 cor,
1560 4340 1627 4378 ne
1669 4324 1802 4393 quid
1841 4324 2017 4379 insin-

445 4434 588 4475 ρει-ω
644 4416 996 4489 cogitationis
1061 4417 1270 4485 irrepat
1326 4416 1599 4470 alicunde.
1653 4415 1814 4472 Juxta
1869 4416 2019 4470 eiiim

446 4512 786 4567 Dominicam
811 4526 1002 4564 vocem
1040 4526 1052 4560 :
1090 4527 1108 4558 ι
1141 4508 1221 4563 Ex
1246 4508 1409 4563 corde
1434 4518 1637 4564 exeunt
1659 4508 2020 4579 cogitationes

446 4602 692 4657 malae".
734 4620 752 4652 ι
800 4600 1039 4656 Tametsi
1081 4599 1137 4653 in
1181 4609 1369 4655 nostra
1411 4601 1712 4669 repositum
1753 4609 2020 4670 potestate

447 4704 563 4759 est,
592 4693 752 4763 juxta
792 4691 1040 4762 Apostoli
1089 4692 1450 4756 sententiam,
1484 4701 1547 4745 ut
1593 4707 1823 4762 agonem
1874 4693 2023 4747 hunc

448 4785 818 4842 sustineamus
854 4783 1100 4853 legitime
1133 4792 1189 4837 et
1222 4798 1553 4839 coronemur
1575 4784 1619 4815 ⁸ο
1657 4800 1671 4838 :
1714 4783 1760 4838 si
1803 4786 2024 4853 quando

451 4889 634 4933 tamen
667 4875 889 4931 dabitur
919 4875 1186 4930 adversus
1216 4874 1365 4931 hunc
1400 4874 1817 4945 spurcissimum
1849 4875 2023 4947 forni-
2052 4900 2106 4961 ι)

448 4968 682 5025 cationis
714 4966 991 5038 spiritum,
1017 4964 1302 5019 victricem
1332 4965 1568 5033 palmam
1597 4963 1877 5031 obtinere;
1908 4981 2020 5022 non

448 5077 516 5117 eo
561 5059 875 5131 pertingere
922 5073 1023 5133 nos
1065 5056 1307 5125 potuisse
1351 5055 1739 5111 confidendum
1784 5059 2022 5129 propriis

2722 2218 2943 2271 ΛΟΓΟΣ
2981 2214 3081 2272 ΙΘ’.

2663 2311 2805 2379 Περὶ
2829 2312 3131 2380 πορνείας.
3202 2353 3211 2359 .
3310 2334 3317 2343 ι

2185 2400 2259 2458 Τὸ
2280 2402 2454 2466 πάθος
2476 2401 2577 2473 τῆς
2611 2404 2870 2474 πορνείας
2900 2406 2962 2456 τὸ
2998 2404 3325 2473 πολυσχιδὲς
3356 2403 3419 2454 ἐκ
3446 2401 3539 2470 τῆς
3564 2417 3669 2454 συν-

2112 2497 2304 2568 τυχίας
2357 2494 2467 2549 τῶν
2526 2494 2808 2563 γυναικῶν
2869 2495 3253 2550 ἐπανίσταται.
3311 2494 3528 2566 Ῥᾳδίως
3574 2491 3670 2561 γὰρ

2113 2587 2492 2644 ἐναποτίθεται
2531 2588 2589 2639 ὲν
2618 2589 2684 2657 τῇ
2713 2587 2910 2658 καρδίᾳ
2952 2586 3046 2639 τοῦ
3089 2586 3382 2655 ἀνθρώπου
3411 2585 3506 2646 τὰς
3527 2584 3669 2637 κολα-

2116 2682 2375 2744 λευτικάς
2400 2681 2615 2751 ὁμιλίας
2642 2680 2752 2733 τῶν
2793 2679 3035 2759 σοὸἀδων
3079 2679 3363 2747 γυναικῶν
3415 2679 3474 2731 τὸ
3518 2675 3675 2730 δεινὸν

2113 2775 2329 2846 δέλεαρ·
2360 2777 2422 2829 οὐ
2462 2775 2623 2845 μόνον
2654 2774 2711 2827 δὲ
2745 2772 2924 2839 τοῦτο,
2980 2773 3117 2825 ἀλλὰ
3167 2774 3266 2826 καὶ
3303 2771 3519 2833 διπλοῦς
3551 2768 3669 2822 καθ-

2116 2868 2348 2936 ἕστηκεν
2375 2868 2404 2920 ὁ
2434 2866 2536 2936 τῆς
2583 2867 2840 2931 πορνείας
2868 2865 3101 2935 δαίμων,
3133 2866 3194 2917 ἐν
3226 2868 3294 2935 τῇ
3320 2864 3463 2934 ψυχῇ
3495 2864 3578 2915 καὶ
3601 2857 3667 2929 τῷ

2117 2956 2333 3027 σώματι
2383 2958 2794 3025 συνιστάμενος.
2849 2957 2960 3010 Καὶ
3014 2955 3215 3008 τούτου
3273 2958 3449 3026 χάριν,
3499 2953 3673 3019 διπλῆν-

2112 3049 2238 3103 κατ’
2286 3046 2452 3103 αὑτοῦ
2501 3047 2609 3119 χρὴ
2654 3046 2755 3118 τὴν
2807 3046 2984 3116 πάλην
3032 3047 3425 3112 ἀναδέξασθαι.
3470 3046 3540 3097 Οὒ
3576 3042 3669 3111 γὰρ

2119 3138 2278 3208 ἱκανὴ
2328 3140 2564 3208 ὑπάρχει
2614 3139 2751 3208 μόνη
2809 3140 2904 3191 καὶ
2959 3141 3253 3207 σωματικὴ
3313 3137 3551 3208 νηστεία,
3597 3135 3672 3186 ἵνα

2118 3231 2387 3301 κτήσηται
2418 3249 2503 3295 τις
2549 3231 2763 3284 τελείαν
2813 3230 3193 3301 σωφροσύνην,
3236 3232 3334 3284 καὶ
3376 3230 3603 3297 ἁγνείαν,
3628 3226 3673 3279 εἰ

2121 3323 2197 3394 μὴ
2222 3322 2453 3394 καρδίας
2497 3323 2726 3392 γένηται
2766 3323 3125 3391 συντριμμὺς,
3162 3323 3261 3375 καὶ
3297 3323 3432 3391 εὐχὴ
3474 3319 3673 3386 ἑκτενὴς

2120 3414 2253 3482 προς
2291 3413 2447 3476 Θεὸν,
2491 3413 2587 3465 καὶ
2637 3411 2746 3465 τῶν
2803 3412 3036 3482 Γραφών
3091 3412 3279 3483 πυκνὴ
3335 3411 3547 3482 μελέτη,
3594 3405 3673 3459 καὶ

2121 3505 2364 3573 κάματος
2407 3502 2501 3555 καὶ
2549 3502 2888 3573 ὲργόχειρον,
2942 3502 3086 3572 ἆπερ
3128 3502 3391 3556 δύνανται
3439 3503 3535 3565 τᾲς
3560 3498 3673 3549 ἀτά-

2125 3612 2283 3657 κτους
2340 3595 2437 3663 τῆς
2494 3593 2673 3663 ψυχῆς
2732 3595 2909 3663 ὁρμὰς
2962 3594 3295 3647 συστέλλειν.
3327 3594 3440 3662 Πρὸ
3475 3607 3531 3658 γε
3556 3588 3673 3641 πᾶν·

2122 3703 2230 3739 των
2303 3685 2672 3756 συμϐάλλεται
2738 3684 3067 3747 ταπείνωσις
3136 3686 3323 3754 ψυχῆς
3353 3725 3368 3747 ,
3418 3679 3482 3754 ἦς
3529 3681 3678 3751 χωρὶς

2122 3777 2246 3831 οὔτε
2286 3778 2565 3847 πορνείας,
2608 3775 2730 3829 οὔτε
2764 3776 2873 3828 τῶν
2910 3776 3084 3829 ἄλλων
3122 3777 3323 3829 παθῶν
3367 3772 3580 3828 δύναταί
3604 3785 3677 3829 τις

2124 3869 2532 3941 περιγενέσθαι.
2563 3871 2683 3938 Χρὴ
2721 3868 2778 3921 δὲ
2807 3868 2867 3919 τὸ
2898 3869 2997 3937 τὴν
3028 3868 3262 3938 καρδίαν
3293 3870 3443 3938 πάσῃ
3489 3863 3679 3933 φυλακῇ

2122 3966 2313 4034 τηρεῖν
2352 3963 2463 4015 ἀπὸ
2498 3959 2759 4032 ῥυπαρῶν
2809 3958 3103 4029 λογισμῶν.
3136 3978 3156 4011 ι
3201 3961 3301 4012 Ἐκ
3349 3964 3456 4027 γὰρ
3499 3954 3682 4021 ταύτης

2124 4055 2459 4124 ἐξέρχονται,
2493 4053 2634 4105 κατὰ
2656 4051 2752 4121 τὴν
2773 4050 2866 4102 τοῦ
2892 4050 3093 4119 Κυρίου
3123 4052 3339 4118 φωνὴν.
3366 4044 3685 4115 διαλογισμοὶ

2125 4146 2370 4217 πονηροί.
2406 4164 2424 4198 ι
2459 4146 2521 4199 El
2550 4141 2643 4198 οὗν
2688 4144 2835 4209 ἐστιν
2885 4145 3017 4213 ἡμῖν
3060 4144 3204 4195 κατὰ
3249 4144 3344 4196 τὸν
3384 4138 3684 4196 ’Δπόστολον

2124 4237 2372 4305 νομίμως
2403 4232 2632 4302 ἁθλῆσαι
2677 4232 2773 4287 καὶ
2809 4231 3247 4301 στεφανωθῆναι,
3290 4234 3610 4301 νικήσαντας
3633 4224 3688 4277 ab

2124 4326 2436 4396 ἀκάθαρτον
2481 4324 2697 4393 πνεῦμα
2744 4322 2843 4391 τῆς
2890 4322 3166 4392 πορνείας,
3220 4325 3305 4393 μὴ
3349 4326 3411 4392 τῇ
3461 4320 3686 4390 ἡμετέρᾳ

2123 4416 2399 4487 δυνάμειῆ
2430 4417 2660 4485 ἀσκήσει
2694 4414 3077 4485 θαρρήσωμεν,
3106 4415 3247 4469 ἀλλὰ
3291 4419 3359 4484 τῇ
3391 4414 3485 4465 τοῦ
3507 4406 3690 4462 Azano-

2126 4524 2218 4560 του
2257 4504 2392 4575 Θεοῦ
2424 4504 2666 4576 βοηθείᾳ.
2701 4507 2776 4559 Οὐ
2809 4504 3039 4559 παύεται
3073 4508 3183 4576 γὰρ
3211 4506 3506 4575 ἄνθρωπος
3546 4499 3688 4551 πολε·

2131 4600 2401 4668 μούμενος
2455 4596 2595 4666 ὑπὲρ
2650 4596 2745 4648 τοῦ
2802 4595 3108 4665 πνεύματος
3142 4596 3366 4661 τούτου,
3410 4595 3513 4655 ἓως
3542 4584 3601 4644 οὗ
3644 4590 3695 4640 ὲν

2127 4688 2357 4758 ἀληθείᾳ
2379 4687 2671 4757 πιστεύσῃ,
2696 4688 2780 4740 ὅτι
2800 4688 2922 4757 οὐχὶ
2948 4688 3052 4757 ίδίᾳ
3072 4688 3306 4757 σπουδῇ.
3332 4686 3428 4739 καὶ
3460 4683 3694 4751 καμάτῳ.

2129 4779 2263 4835 ἀλλὰ
2293 4782 2358 4849 τῇ
2389 4779 2484 4832 τοῦ
2529 4779 2665 4831 Θεοῦ
2708 4779 2884 4849 σκέπῃ
2919 4778 3014 4833 καὶ
3050 4777 3278 4847 βοηθείᾳ
3306 4774 3699 4831 ἀπαλλάττεται

2131 4873 2229 4939 τῆς
2256 4871 2411 4923 νόσου
2443 4872 2666 4940 ταύτης.
2715 4869 2895 4923 Καλὸν
2943 4869 3039 4923 οὖν
3081 4873 3232 4923 ἐστιν
3276 4871 3361 4932 εἰς
3399 4862 3700 4935 ἀποτροπὴν

2127 4965 2225 5019 τοῦ
2257 4963 2525 5030 ἐναντίου,
2557 4964 2653 5018 καὶ
2693 4962 2916 5031 ἁγνείαν
2949 4960 3223 5031 σώματος,
3260 4959 3374 5031 πρὸ
3407 4958 3578 5012 ὕπνου
3620 4956 3704 5008 ἐπὶ

2128 5057 2317 5127 κοίτης
2343 5055 2423 5120 τὸ,

449 5155 660 5211 viribus
708 5160 805 5207 aut
849 5148 1151 5206 monastiea
1231 5148 1662 5214 exercitatione,
1704 5150 1800 5206 sed
1850 5151 2068 5207 Domini
2109 5149 2332 5207 auxilio.
2404 5146 2592 5216 Neque
2636 5145 2785 5201 enim
2828 5144 3038 5200 homini
3086 5142 3364 5213 contingit
3407 5139 3706 5211 requietum

450 5265 572 5308 esse
602 5248 669 5303 ab
700 5244 1116 5317 impugnatione
1149 5242 1310 5298 istius
1340 5242 1543 5312 impuri
1577 5241 1827 5313 Spiritus,
1856 5244 2032 5300 donec
2067 5244 2352 5301 verissime
2423 5238 2723 5296 crediderit
2789 5253 2849 5293 se
2878 5237 3032 5292 nullo
3063 5243 3245 5306 pacto,
3272 5245 3374 5288 aut
3406 5232 3591 5286 studio
3620 5237 3707 5282 aut

449 5341 733 5407 laboribus
786 5337 1026 5410 propriis
1115 5335 1330 5407 1056
1422 5336 1760 5408 emancipari
1815 5353 1979 5409 posse
2035 5338 2104 5392 ab
2141 5335 2410 5408 ejusmodi
2463 5332 2695 5399 morbo,
2735 5331 2831 5387 sed
2885 5331 2979 5386 Dei
3031 5331 3204 5386 solum
3259 5326 3611 5396 protectione
3650 5336 3709 5376 ac

450 5436 730 5507 praesidio.
763 5434 883 5488 Non
918 5431 1087 5503 igitur
1115 5432 1318 5485 malum
1348 5430 1516 5499 fuerit
1544 5430 1612 5485 ad
1645 5431 2024 5501 depulsionem
2062 5414 2382 5493 adversarii,
2410 5426 2769 5497 corporisque
2804 5423 3063 5480 tuendam
3132 5422 3475 5482 castitatem,
3536 5416 3707 5487 prius-

450 5543 615 5599 quam
640 5542 736 5582 vos
765 5541 930 5596 sopor
954 5532 1188 5595 premat,
1218 5523 1360 5579 hanc
1388 5532 1448 5578 ut
1471 5524 1537 5578 ad
1568 5524 1742 5578 Deum
1772 5524 2073 5579 etl‘undatis
2101 5524 2155 5577 in
2188 5522 2358 5578 cubili
2390 5521 2698 5576 orationem
2728 5535 2741 5571 :

526 5640 568 5669 "'
591 5639 751 5693 Prov.
776 5656 923 5699 χχχι,
945 5640 998 5692 5.
1079 5638 1120 5669 ¹⁹
1145 5638 1315 5693 Eccli.
1341 5654 1414 5693 Ix.
1439 5639 1493 5692 ί.
1568 5637 1614 5667 ’⁸
1638 5637 1742 5691 lsa.
1769 5654 1848 5697 ιιι,
1880 5637 1960 5689 l6.

2126 5635 2345 5691 hid.lS.
2424 5630 2837 5690 "Eceli.tx,5.
2914 5620 3431 5699 "Eccli.__XIX._?-__
3474 5613 3706 5699 11.569}:-

450 5680 1080 5832 γιιδεῆῨΊίὲἒὲὶεῗχι,
1103 5680 1498 5761 οῖ’Ἵῖἱιὲοἲῖ
1518 5724 1568 5772 v,
1598 5680 1742 5761 id?"
1759 5680 1960 5760 ίῑᾙιὲξ
1988 5723 2017 5759 κ

455 5793 516 5832 ΙΙ.
576 5815 589 5829 .

2121 5680 2240 5759 ΗΓ
2268 5680 2662 5758 π’ίυιιιῗῖέῗ
2690 5680 3095 5755 ’ἔθἰιέιιιιιίὶν.
3142 5695 3228 5747 ιδ.
3289 5680 3360 5724 ἰο
3391 5688 3434 5744 ιι
3476 5680 3707 5742 Timoth.

455 5793 516 5846 ιι,
537 5793 589 5832 a.
