4020 6146
390 383 525 447 1489
576 452 583 457 ,

462 516 480 548 ι
505 496 602 558 Δὸς
634 498 780 566 ἡμῖν,
806 499 1063 559 Δέσποτα,
1092 486 1176 550 εἷς
1209 490 1382 547 ῦπνον
1412 493 1689 559 ἀπιοῦσιν,
1720 494 1964 549 ἀνάπαυο
1996 507 2036 559 Α

388 603 472 641 σιν
501 586 772 657 σώματος,
803 590 898 642 καὶ
923 584 1250 658 διαφύλαξον
1281 589 1432 658 ἡμᾶς
1462 588 1571 642 άπδ
1600 586 1694 639 τοῦ
1725 585 1960 656 ζοφερῦῦ

387 677 555 731 ὕπνου
587 682 685 748 τῆς
725 679 1031 750 ἁμαρτίας·
1082 679 1243 749 ρύσαι
1278 681 1430 747 ἡμᾶς
1477 680 1585 733 ἀπὸ
1626 679 1828 742 παντὸς
1864 695 1963 747 μο-

386 770 594 840 λυσμοῦ
626 772 825 836 σαρκὸς
851 773 946 825 καὶ
981 772 1313 843 πνεύματος.
1344 773 1443 836 Δδς
1488 775 1620 841 ἡμῖν
1650 771 1963 838 ἁγιωσύνην

386 862 445 914 ὲν
476 863 628 930 φόϐῳ
658 880 747 915 σου
773 879 786 891 ·
821 865 914 917 καὶ
947 864 1107 935 ρύσαι
1147 866 1293 934 ἡμᾶς
1322 864 1428 915 ἀπὸ
1460 864 1642 933 πάσης
1680 861 1963 929 σκοτεινῆς

390 952 477 1006 κα¹ι
514 955 834 1023 νυκτερινῆς
863 955 1223 1023 ἡδυπαθείας.
1269 954 1486 1007 Παῦσον
1515 954 1614 1016 τὰς
1643 953 1818 1024 ὁρμάς
1853 952 1965 1004 τῶν

388 1043 577 1096 παθῶν
601 1060 615 1076 ο
650 1046 840 1097 σὸἑσον
867 1047 964 1117 τὴν
991 1047 1083 1099 τοῦ
1130 1047 1389 1117 σώματος’
1424 1045 1699 1117 πύρωσιν·
1733 1046 1834 1108 τὰς
1861 1047 1963 1114 τῆς

390 1136 588 1205 σαρκὸς
644 1138 1045 1202 ἐπαναστάσεις
1110 1140 1486 1207 κατάργησον·
1546 1138 1615 1190 τὰ
1672 1137 1964 1206 σωματικᾶ

390 1227 558 1295 πάθη,
608 1228 708 1297 τῆς
738 1246 794 1281 τε
826 1230 1031 1297 σαρκὸς
1075 1229 1144 1282 τὰ
1175 1232 1498 1300 φρονήματα
1546 1229 1799 1299 κοιμισον
1821 1247 1832 1258 ·
1862 1226 1965 1281 δώ·

394 1336 555 1391 ρησαι
604 1322 756 1389 ἡμῖν,
785 1320 814 1372 6
855 1321 1011 1385 Θεὸς,
1042 1324 1314 1392 γρήγορον
1354 1322 1497 1386 νοῦν,
1534 1321 1786 1393 σώφρονα
1817 1321 1965 1388 λογι-

391 1407 549 1477 σμδν,
584 1408 811 1476 καρδίαν
846 1411 1138 1479 νήφουσαν,
1176 1410 1340 1464 ὕπνον
1370 1411 1627 1480 ἐλαφρόν,
1662 1412 1755 1464 καὶ
1782 1411 1965 1480 πάσης

389 1496 690 1565 σατανικῆς
716 1500 1020 1567 φαντασίας
1062 1501 1516 1571 ἀπηλλαγμένον·
1550 1502 1643 1555 καὶ
1687 1502 1963 1573 ὲξέγειρον

388 1591 534 1660 ἡμᾶς
565 1591 701 1660 πρὸς
724 1590 824 1656 τὰς
853 1592 1173 1661 νυκτερινὰς
1209 1594 1299 1645 καὶ
1346 1592 1574 1657 ἑωθινὰς
1600 1593 1960 1665 λειτουργίας.

389 1680 687 1750 Παννύχιον
735 1685 869 1751 ἡμῖν
921 1685 1019 1753 τὴν
1070 1684 1171 1753 σὴν
1223 1683 1528 1753 δοξολογίαν
1582 1686 1832 1755 χάρισαι..
1869 1684 1961 1739 τοῦ

390 1771 578 1839 ὑμνεῖν
607 1772 667 1824 16
702 1774 1117 1843 μεγαλοπρεπὲς
1146 1775 1318 1845 ὖνομά
1344 1793 1460 1837 σου,
1479 1775 1573 1829 τοῦ
1602 1778 1837 1849 Πατρός,
1866 1776 1961 1831 τοῦ

1333 384 1663 445 HOMILIA
1696 383 1859 443 XIX.
1885 407 1956 417 -
1985 382 2081 443 DE
2123 365 2717 440 FORNICATIONE.

3513 381 3642 445 H90

2144 513 2162 542 ι
2206 493 2284 546 Ad
2323 491 2570 561 quietem
2613 490 2849 558 soporis.
2879 491 3039 547 nobis
3078 490 3529 551 concedentibus,
3561 509 3644 544 m-

2065 584 2249 655 dulge,
2287 584 2360 639 mi
2407 580 2661 647 Domine,
2702 584 2951 667 requiem
2992 584 3274 652 corporis;
3322 589 3476 635 tuere
3520 596 3643 644 nus,

2064 696 2134 738 ne
2169 683 2517 738 tenebricosa
2551 680 2762 751 peccati
2801 681 2960 735 istius
2994 679 3341 733 involvamur
3376 676 3642 746 caligine;

2065 768 2219 843 eripe
2250 788 2349 826 nos
2377 772 2447 826 ob
2477 771 2626 826 omni
2658 771 3073 840 inquinamento
3099 768 3283 822 carnis
3310 776 3368 821 et
3392 766 3641 835 spiritus,

2066 864 2328 928 concede,
2358 864 2413 917 in
2446 866 2642 917 timore
2675 872 2767 917 tuo
2795 862 2900 915 rite
2930 871 2989 915 ut
3014 859 3265 928 corporis
3293 856 3645 928 perficiamus

2066 954 2575 1010 sanctiﬁcationem.
2619 952 2895 1007 Submovc
2949 965 3049 1006 nos
3100 950 3168 1004 ab
3220 948 3370 1003 omni
3428 946 3643 1001 demul-

2066 1057 2223 1102 cente
2254 1046 2530 1101 lenocinio
2558 1046 2894 1100 illecebrosas
2918 1041 3235 1113 voluptatis,
3263 1055 3362 1110 per
3388 1038 3645 1093 tenebras

2066 1139 2245 1192 noctis
2273 1138 2437 1202 huius
2466 1138 2702 1206 impetus
2731 1135 3046 1206 passionum
3074 1132 3226 1196 seda,
3255 1146 3319 1185 ac
3344 1131 3476 1201 jube
3506 1144 3641 1183 con-

2066 1228 2371 1298 quiescere.
2404 1228 2636 1298 lgnitam
2676 1216 2964 1295 exstinguc
3001 1224 3358 1277 tentationem
3394 1219 3645 1289 corporis

2066 1321 2250 1376 istius.
2304 1320 2681 1374 Rebellionem
2743 1317 2924 1372 carnis
2980 1315 3165 1370 acrius
3219 1315 3641 1367 iusolescentem

2065 1411 2278 1482 disjice.
2320 1411 2587 1466 Vitiosam
2636 1406 2984 1464 affectionem
3035 1406 3315 1477 corporis,
3359 1414 3417 1459 et
3463 1402 3646 1461 carnis

2064 1503 2417 1574 prudentiam
2450 1503 2701 1572 consopi,
2728 1509 2783 1556 et
2814 1501 2898 1556 fac
2927 1500 2984 1554 in
3016 1499 3179 1573 nobis
3210 1498 3643 1553 obdormiscere.

2064 1596 2144 1651 Da
2182 1596 2343 1650 nobis
2380 1595 2662 1664 tranquilli
2705 1593 2920 1664 soporis
2942 1592 3144 1648 cubile.
3172 1590 3470 1661 Pervigiles
3508 1603 3643 1643 con-

2066 1686 2201 1743 cede
2225 1687 2586 1758 cogitationes
2612 1701 2676 1741 ac
2704 1693 2940 1741 mentem
2966 1685 3228 1747 sobriam,
3250 1699 3320 1737 ne
3343 1698 3444 1737 nos
3466 1683 3646 1753 gravis

2066 1780 2344 1850 opprimat
2372 1795 2557 1850 sopor,
2586 1779 2683 1834 sed
2715 1779 2811 1849 qui
2843 1794 2943 1833 nos
2972 1776 3167 1832 reddat
3196 1775 3549 1830 excitatiores
3579 1772 3646 1827 ad

390 1862 657 1917 Υἲοῦ.καὶ
701 1863 797 1918 τοῦ
853 1865 1008 1935 ἁγίου
1060 1865 1400 1937 Πνεύματος,
1432 1869 1512 1930 εἰς
1558 1869 1685 1931 τοὺς
1737 1867 1957 1931 αἰῶνας.

2070 1872 2440 1928 exhibendum
2497 1872 2597 1926 tibi
2655 1887 2853 1927 munus
2906 1880 3193 1925 nocturnae
3247 1884 3311 1922 ac
3365 1867 3647 1921 matutina:

401 1954 592 2023 Ἀμήν·
630 1974 648 2007 ι

2066 1962 2325 2033 liturgizc.
2352 1960 2707 2033 Pcrvigilium
2740 1959 2918 2014 noctis
2954 1958 3113 2012 nobis
3143 1955 3399 2011 clementi
3436 1955 3645 2023 imper-

387 2044 491 2100 tire
533 2048 708 2116 gratia
754 2056 879 2113 tua,
915 2049 983 2104 ad
1029 2049 1411 2105 illustrandam
1458 2043 1679 2123 hymnis
1726 2051 1955 2123 gloriam
1990 2053 2520 2126 magniﬁcentissimi
2554 2052 2632 2109 tui
2697 2050 2956 2116 nominis,
2982 2050 3184 2116 Patris,
3208 2047 3330 2104 Filii
3359 2056 3415 2103 et
3476 2047 3649 2117 Spiri-

388 2145 478 2189 tus
506 2140 701 2201 sancti,
730 2139 784 2192 in
811 2140 1029 2195 saecula.
1060 2141 1254 2196 Amen.
1290 2159 1310 2193 ι

458 2229 637 2282 Καλὸν
664 2225 756 2284 οὖν
781 2231 949 2296 ἐστιν,
989 2232 1065 2293 ὡς
1094 2233 1437 2303 προείρηται,
1468 2233 1568 2296 τὰς
1598 2236 1841 2306 σαγήνας
1872 2237 1967 2288 καὶ

344 2394 347 2397 _
388 2318 458 2372 τὰ
488 2321 759 2392 ἄγκιστρα
805 2323 914 2376 τῶν
960 2324 1238 2391 γυναικῶν
1279 2325 1636 2395 ἀποφεύγειν,
1681 2328 1777 2381 καὶ
1812 2327 1965 2379 στέλ-

389 2413 576 2467 λεσθαι
602 2418 698 2470 ἀπ’
724 2414 921 2469 αὐτῶν.
958 2416 1019 2469 '0
1044 2417 1153 2486 γὰρ
1187 2416 1497 2483 σοφώτατος
1531 2416 1782 2485 Σολομὼν
1810 2417 1967 2473 τοῦτο

392 2506 556 2578 πείρᾳ
588 2507 943 2578 παρειληφὼς
973 2510 1105 2563 πᾶσι
1128 2514 1385 2581 παραινεῖ
1408 2511 1609 2581 λέγων,
1630 2532 1648 2563 ι
1675 2511 1766 2583 Μὴ
1795 2513 1967 2583 πρόσ-

390 2611 479 2664 εχε
533 2596 711 2667 φαύλῃ
759 2597 1005 2664 γυναικί·
1051 2598 1174 2668 μέλι
1217 2599 1326 2670 γὰρ
1361 2601 1667 2664 ἀποστάζει
1715 2604 1822 2656 ἀπὸ
1847 2620 1965 2674 χει-

389 2687 530 2739 λέων
561 2688 817 2755 γυναικὸς
847 2688 1075 2760 πόρνης,
1109 2689 1145 2761 ἢ
1176 2691 1312 2762 πρὸς
1360 2693 1554 2764 καιρὸν
1594 2694 1835 2749 λιπαίνει
1877 2696 1969 2751 τὸν

394 2776 685 2845 φάρυγγασ
719 2777 947 2848 ὕστερον
990 2780 1174 2849 μέντοι
1220 2781 1545 2853 πικρότερον
1594 2783 1758 2854 χολῆς
1802 2786 1968 2857 εὑρή-

394 2884 541 2931 σεις*
596 2871 675 2940 μὴ
711 2870 1016 2941 ἐπιστήσῃς
1068 2870 1164 2923 οῦν
1218 2870 1308 2923 σὸν
1364 2871 1521 2942 ὄμμα
1571 2874 1659 2925 ἐπ’
1699 2876 1892 2945 αὐτήν.
1941 2894 1962 2929 ι

392 2961 498 3014 Καὶ
526 2963 686 3015 πάλιν
719 2979 731 2992 ·
764 2982 785 3014 r
814 2963 904 3032 Μή
938 2964 1176 3033 πρόσεχε
1227 2965 1407 3036 φαύλῃ
1433 2970 1653 3033 γυναικὶ
1674 2982 1688 2994 ·
1731 2968 1832 3038 τῆς
1855 2968 1964 3039 γὰρ

391 3054 705 3125 ἀφροσύνης
768 3057 816 3108 οἱ
885 3055 1046 3119 πόδες
1107 3057 1406 3123 κατάγουσι
1466 3060 1594 3122 τοὺς
1646 3060 1965 3131 χρωμένους

391 3149 530 3217 αὐτῇ
576 3149 714 3217 μετὰ
745 3147 976 3202 θάνατον
1016 3150 1099 3211 εἰς
1143 3149 1232 3202 τὸν
1265 3149 1417 3222 ᾅδην.
1469 3151 1705 3225 Μακρὰν
1738 3151 1968 3221 ποίησον

2134 2238 2430 2308 Egregium
2478 2237 2639 2307 plane
2684 2235 2761 2290 uti
2805 2226 2961 2306 prius
3012 2234 3221 2289 dictum
3270 2243 3382 2298 est,
3421 2249 3650 2301 sagenas

2065 2327 2188 2382 illas
2221 2337 2387 2398 atque
2426 2327 2766 2381 irritamenta
2802 2325 3100 2379 mulierum
3138 2339 3241 2377 nos
3276 2323 3343 2378 ad
3380 2338 3438 2377 se
3475 2323 3649 2392 proli-

2065 2418 2329 2474 cientium
2360 2418 2623 2482 aversari,
2648 2426 2705 2473 et
2730 2418 2798 2473 ab
2828 2433 3018 2472 carum
3047 2432 3106 2472 se
3130 2404 3458 2471 submovere
3485 2416 3653 2470 collo-

2066 2512 2235 2581 quiis.
2283 2511 2399 2567 lloc
2448 2512 2597 2567 enim
2649 2511 3089 2581 sapientissimus
3136 2509 3343 2579 alioqui
3396 2507 3650 2563 Salomon

2067 2603 2334 2660 doctrinae
2360 2605 2704 2675 experientia
2737 2620 2864 2659 cum
2895 2603 3205 2668 didicisset,
3233 2617 3426 2657 omnes
3462 2617 3562 2656 nos
3595 2602 3652 2655 in

2065 2712 2359 2754 commune
2388 2697 2668 2763 admonet,
2691 2696 2883 2759 dicens
2916 2714 2927 2749 :
2963 2714 2982 2747 ι
3015 2695 3091 2749 Ne
3115 2694 3339 2749 attende
3366 2694 3433 2747 ad
3459 2690 3654 2747 mulie-

2066 2802 2182 2843 rem
2232 2788 2462 2851 malam,
2502 2787 2608 2841 mel
2656 2786 2804 2841 enim
2851 2785 3079 2840 distillat
3120 2799 3152 2839 a
3197 2785 3361 2839 labiis
3403 2783 3653 2838 mulieris

2064 2880 2406 2943 fornicariae,
2439 2888 2494 2934 et
2531 2881 2600 2935 ad
2638 2889 2856 2951 tempus
2890 2878 3197 2950 impinguat
3229 2884 3420 2949 guttur
3451 2892 3650 2942 suum;

2068 2972 2127 3027 in
2166 2972 2469 3027 novissimo
2509 2981 2693 3025 autem
2728 2970 2854 3025 felle
2896 2970 3137 3025 amarius
3175 2968 3310 3039 quid
3352 2967 3600 3022 invenies
3636 2982 3651 3020 :

2070 3079 2141 3118 ne
2175 3063 2342 3132 igitur
2370 3063 2591 3117 oculum
2626 3070 2782 3118 tuum
2819 3062 3073 3118 intendas
3108 3061 3161 3116 in
3198 3076 3319 3116 eam
3340 3059 3406 3114 ³¹.
3447 3079 3464 3110 ι
3507 3059 3653 3114 Rur-

2073 3171 2166 3211 sus
2204 3173 2217 3208 :
2263 3173 2281 3206 ‹
2320 3156 2399 3209 Ne
2435 3155 2652 3209 obviam
2687 3154 2954 3225 procedas
2988 3153 3206 3209 mulieri
3241 3152 3551 3216 meretrici,
3585 3167 3654 3207 ne

390 3239 485 3293 ἀπ’
516 3240 687 3308 αὐτῆς
713 3239 810 3309 σὴν
842 3240 977 3293 ὀδόν.
1017 3260 1034 3292 ι
1076 3241 1187 3293 Καξ
1212 3241 1374 3295 πάλιν
1402 3259 1418 3275 ο
1444 3260 1462 3293 ι
1510 3243 1600 3311 Μή
1634 3243 1846 3296 ὑπάντα
1874 3260 1967 3311 γυ-

2071 3248 2212 3301 forte
2247 3244 2458 3300 incidas
2486 3246 2541 3299 in
2573 3246 2802 3314 laqueos
2830 3244 3065 3299 illius”.
3102 3263 3120 3295 ι
3159 3243 3376 3298 lnducit
3407 3260 3420 3297 :
3465 3263 3482 3294 ι
3521 3242 3655 3309 Quis

388 3329 539 3382 vaer
567 3327 970 3399 ἑταιριζομένῃ,
1006 3330 1079 3399 μή
1113 3344 1244 3383 ποτε
1270 3330 1523 3404 ἐμπέσῃς
1547 3335 1628 3396 εἰς
1668 3333 1769 3394 τὰς
1800 3332 1966 3400 παγί-

389 3418 486 3476 δας
530 3418 723 3488 αύτῆς.
750 3436 770 3469 ι
828 3419 936 3472 Καὶ
981 3419 1197 3486 ἐπάγει,
1243 3435 1264 3469 ι
1312 3419 1597 3490 Ἀποδήσει
1626 3435 1709 3481 τις
1751 3418 1861 3487 πῦρ
1909 3420 1968 3471 ἐν

392 3509 599 3578 κόλπῳ,
627 3510 695 3561 τὰ
722 3509 779 3561 δὲ
809 3508 1001 3578 ἱμάτια
1027 3509 1091 3561 06
1128 3510 1470 3563 κατακαύσει
1492 3528 1507 3576 ;
1532 3510 1565 3579 ἢ
1592 3510 1966 3582 περιπατήσει

391 3620 477 3666 τις
502 3604 586 3655 ἐπ’
611 3602 898 3681 ἀνθράκων
931 3604 1126 3670 πυρὸς.
1160 3604 1285 3665 τοὺς
1311 3603 1367 3656 δὲ
1400 3604 1561 3666 πόδας
1587 3605 1649 3656 ού
1685 3602 1967 3656 κατακαύ-

394 3710 478 3746 σει
507 3710 523 3758 ;
556 3692 813 3755 ὡσαύτως
838 3694 942 3745 οὐκ
973 3693 1362 3763 άϐωωθήσεται
1405 3696 1511 3757 πᾶς
1535 3694 1838 3764 ἁπτόμενος
1865 3694 1968 3747 αύ-

390 3782 508 3853 τῆς.
547 3802 565 3834 ι
613 3783 720 3836 Καὶ
766 3784 794 3834 ὅ
844 3782 1008 3849 νόμος
1060 3782 1267 3852 φησιν·
1321 3801 1340 3834 ι
1376 3782 1450 3837 Οὐ
1498 3782 1856 3853 πορνεύσεις,
1905 3783 1966 3837 οὐ

397 3873 706 3946 μοιχεύσεις
730 3890 744 3904 ·
793 3872 850 3935 ὃς
884 3873 951 3926 ἂν
990 3873 1253 3944 μοιχεύσῃ
1289 3873 1387 3943 τὴν
1416 3876 1653 3942 γυναῖκα
1696 3872 1790 3926 τοῦ
1827 3873 1968 3943 πλη-

394 3970 512 4022 σίου
533 3965 717 4028 αὐτοῦ,
755 3964 971 4035 θανάτῳ
997 3965 1319 4020 τελευτάτω.
1357 3984 1376 4017 ι
1421 3965 1530 4019 Καὶ
1558 3965 1588 4017 ό
1610 3965 1794 4019 Δαυῖδ·
1829 3984 1849 4018 ι
1877 3966 1969 4037 Μὴ

392 4059 605 4129 γίνεσθε
635 4059 711 4121 ὠς
739 4060 923 4119 ἵππος,
975 4056 1072 4109 καὶ
1111 4056 1349 4128 ἡμίονος.
1388 4051 1467 4120 οἷς
1511 4057 1612 4110 οὐκ
1661 4055 1777 4110 ἔστι
1841 4057 1968 4110 σύν-

395 4169 529 4215 εσις.
562 4172 581 4203 ι
631 4151 740 4204 Καὶ
783 4151 811 4203 6
839 4149 1124 4219 προφήτης
1166 4148 1342 4219 Ὠσηὲ.
1382 4148 1682 4219 ἀχθόμενος
1713 4149 1843 4219 περὶ
1873 4148 1968 4202 τοῦ

394 4245 521 4298 λαοῦ
552 4244 703 4310 ἔλεγε
728 4260 743 4275 ο
776 4260 795 4293 ι
825 4241 1101 4309 Πνεύματι
1148 4240 1405 4309 πορνείας
1437 4239 1843 4311 ἐπλανήθησαν,
1874 4240 1970 4294 καὶ

395 4340 423 4391 6
449 4337 579 4399 λαὸς
624 4337 652 4388 6
680 4333 876 4388 συνιὼν
924 4331 1286 4385 συνεπλέκετο
1349 4332 1486 4402 μετὰ
1535 4332 1758 4402 πόρνης.
1802 4352 1825 4385 ι
1860 4335 1970 4387 Καὶ

396 4424 568 4488 αὖθις,
612 4443 629 4474 ι
669 4423 1032 4495 Πορνεύοντες
1075 4421 1501 4493 ὲξεπόρνευσαν·
1538 4423 1834 4493 ἠγάπησαν
1862 4425 1972 4477 ἀτι-

401 4517 549 4587 μίαν.
582 4533 602 4567 ι
652 4517 763 4569 Καὶ
830 4516 1032 4570 πάλιν
1082 4534 1101 4567 ι
1135 4513 1357 4584 Πνεῦμα
1403 4511 1661 4584 πορνείας
1705 4514 1856 4567 ἐστὶν
1912 4515 1971 4566 ἐν

397 4610 602 4671 αὐτοῖς.
632 4608 722 4661 τὸν
748 4608 804 4661 δὲ
832 4607 1035 4679 Κύριον
1063 4608 1161 4661 οὐκ
1187 4607 1450 4670 ἔγνωσαν.
1480 4623 1499 4656 ι
1538 4605 1595 4658 ’0
1619 4605 1675 4658 δὲ
1717 4605 1971 4660 Ἀπόστοο

380 4702 486 4763 ,λος
506 4699 812 4755 ἐπιστέλλει
839 4700 1013 4768 λέγων
1033 4717 1049 4731 ·
1079 4719 1097 4751 ι
1129 4699 1363 4767 Φεύγετε
1408 4698 1509 4769 τὴν
1538 4699 1817 4767 πορνείαν,
1858 4700 1969 4761 πᾶν

398 4793 723 4861 ἁμάρτημα,
763 4790 791 4843 6
828 4790 923 4842 ἐὰν
958 4791 1159 4861 ποιήσῃ
1204 4789 1505 4860 ἄνθρωπος,
1538 4788 1698 4851 ἐκτὸς
1728 4789 1822 4843 τοῦ
1860 4792 1969 4843 σώ-

400 4882 564 4950 ματός
593 4885 761 4935 ἐστιν·
790 4883 818 4935 6
844 4882 900 4935 δὲ
928 4882 1230 4951 πορνεύων,
1262 4884 1341 4945 εἰς
1366 4881 1427 4934 τὸ
1457 4884 1590 4937 ἴδιον
1618 4884 1777 4953 σῶμα
1802 4884 1973 4954 ἁμαρ-

394 4975 565 5028 τάνει.
602 4994 620 5026 ι
660 4976 768 5028 Καὶ
796 4973 1048 5043 ἐπιφέρει
1072 4989 1086 5003 ⁸
1135 4991 1153 5025 ι
1185 4974 1298 5027 Οὐκ
1326 4974 1503 5027 οἴδατε
1535 4977 1618 5029 ὅτι
1649 4975 1719 5029 τὰ
1742 4975 1972 5046 σώματα

397 5068 548 5137 ὑμῶν
577 5069 704 5130 ναὸς
755 5066 849 5120 τοῦ
892 5067 947 5118 ὲν
982 5066 1112 5133 ὑμῖν
1156 5066 1310 5131 ἁγίου
1364 5066 1682 5135 Πνεύματὸς
1729 5069 1899 5132 ἐστιν,
1942 5067 1970 5120 6

397 5159 547 5229 ἔχετε
584 5160 694 5212 ἀπὸ
722 5158 816 5210 τοῦ
852 5156 988 5210 θεοῦ
1011 5196 1025 5218 ,
1060 5157 1152 5209 καὶ
1188 5158 1289 5210 οὐκ
1330 5157 1453 5209 ὲστὲ
1485 5158 1732 5223 ἐαυτῶν;
1761 5158 1969 5230 ἠγορά-

397 5238 562 5320 σθητε
588 5253 695 5318 γὰρ
725 5251 908 5319 τιμῆς.
943 5269 962 5301 ι
999 5250 1107 5301 Καὶ
1141 5252 1200 5302 ὲν
1241 5251 1356 5313 τοῖς
1386 5249 1558 5311 ὅντως
1592 5253 1823 5315 πιστοῖς,
1856 5254 1971 5317 τοῖς

400 5342 620 5411 Πνεῦμα
650 5343 782 5395 6εοῦ
811 5341 1046 5411 ἔχουσιν,
1082 5341 1234 5395 οὐδὲν
1259 5342 1518 5413 σαρκικδν
1544 5343 1769 5397 δύναται
1792 5340 1935 5398 εἶναι
1958 5360 1971 5375 ’

397 5432 553 5488 ἅτινά
589 5437 722 5495 ἐστι,
756 5434 998 5503 πορνεία.
1029 5433 1365 5503 ἀκαθαρσία.
1409 5434 1667 5502 ἀσέλγεια
1696 5476 1710 5500 ,
1767 5437 1863 5489 καὶ
1898 5436 1967 5489 τὰ

398 5525 541 5596 ἑξῆς.
593 5527 656 5579 ΟΞ
686 5526 794 5597 γὰρ
843 5525 1194 5595 σαρκοφόροι,
1237 5524 1516 5593 βασιλείαν
1561 5527 1698 5581 Θεοῦ
1730 5528 1791 5580 06
1834 5526 1966 5598 κλη-

2068 3338 2315 3408 alligahit
2343 3338 2522 3408 ignem
2560 3338 2613 3390 in
2650 3338 2798 3401 sinu,
2827 3337 3159 3391 vestimenta
3185 3350 3318 3389 vero
3354 3351 3464 3389 non
3498 3350 3652 3389 corn-

2069 3429 2265 3483 buret?
2300 3436 2394 3482 aut
2425 3426 2731 3481 ambulabit
2760 3426 2962 3496 aliquis
2994 3440 3160 3495 super
3187 3425 3456 3478 carbones
3489 3424 3651 3495 ignis.

2068 3530 2124 3575 et
2164 3520 2333 3590 pedes
2371 3519 2451 3574 illi
2494 3535 2604 3573 non
2644 3517 2955 3573 ardebunt?
2987 3518 3069 3572 sic
3103 3531 3212 3571 non
3248 3516 3512 3570 innocens
3544 3517 3653 3570 erit

2070 3613 2249 3666 omnis
2280 3611 2371 3681 qui
2410 3611 2581 3681 tangit
2611 3627 2733 3665 eam
2758 3610 2823 3663 ³³.
2857 3630 2875 3661 ι
2914 3610 3020 3664 Sed
3050 3618 3107 3663 et
3137 3610 3224 3663 lex
3256 3608 3395 3663 dicit
3424 3627 3437 3663 :
3479 3627 3498 3660 ι
3533 3606 3652 3663 Non

2068 3704 2501 3760 fornicaberis“
2542 3722 2556 3758 :
2605 3704 2700 3775 qui
2750 3703 3056 3759 fornicatus
3100 3703 3269 3759 fuerit
3310 3719 3433 3759 cum
3484 3720 3654 3758 uxore

2068 3796 2301 3867 proximi
2348 3797 2455 3862 sui,
2486 3805 2661 3851 morte
2711 3796 2978 3850 moriatur
3004 3797 3069 3850 ³⁸.
3111 3816 3128 3848 ι
3179 3795 3351 3851 David
3395 3804 3579 3849 autem
3630 3812 3643 3848 :

2076 3907 2095 3940 ι
2131 3889 2308 3943 Nolite
2340 3887 2461 3943 ﬁeri
2490 3890 2634 3965 sicut
2664 3904 2843 3959 equus
2876 3899 2931 3943 et
2959 3890 3164 3954 mulus,
3193 3889 3397 3958 quibus
3424 3900 3535 3943 non
3571 3899 3655 3943 est

2072 3978 2389 4035 intellectus
2409 3980 2474 4035 '°.
2504 3999 2522 4031 ι
2554 3981 2828 4051 Pr0pheta
2855 3980 2995 4036 Osee
3025 3981 3292 4036 adversus
3317 3980 3503 4051 populi
3531 3996 3657 4050 pec-

2069 4080 2191 4127 cata
2231 4087 2289 4127 se
2325 4071 2689 4136 discrucians,
2718 4073 2980 4128 dicebat:
3021 4091 3038 4123 ι
3079 4073 3293 4144 Spiritu
3331 4073 3653 4128 fornicatio-

2070 4164 2161 4218 nis
2206 4163 2421 4218 seducti
2467 4174 2629 4226 sunt,
2670 4172 2727 4219 et
2772 4165 3009 4235 populus
3063 4165 3377 4235 intelligens
3424 4166 3656 4221 adhaesit

2071 4256 2437 4312 meretrici”.
2472 4275 2489 4307 ι
2539 4256 2749 4312 Rursus
2794 4275 2808 4311 :
2858 4275 2876 4308 ι
2923 4258 3278 4312 Fornicantes
3323 4259 3654 4313 exfornicati

2071 4357 2223 4414 sunt,
2252 4348 2566 4405 dilexerunt
2592 4348 2948 4420 ignominiam
2972 4352 3037 4405 ³⁸.
3073 4371 3092 4402 ι
3128 4352 3333 4406 lterum
3370 4369 3384 4405 :
3423 4370 3440 4402 ι
3480 4350 3655 4421 Spiri-

2074 4447 2163 4494 tus
2204 4439 2588 4494 fornicationis
2626 4448 2711 4494 cst
2748 4441 2802 4494 in
2841 4440 2952 4504 cis,
2988 4442 3277 4496 Dominum
3318 4454 3501 4497 autem
3543 4459 3653 4497 non

2075 4529 2540 4600 cognoverunt".
2576 4549 2595 4581 ι
2642 4530 2939 4600 Apostolus
2977 4547 3075 4601 per
3118 4531 3415 4601 Epistolam
3457 4532 3594 4587 dicit
3636 4550 3649 4584 :

2076 4622 2268 4691 Fugite
2309 4621 2751 4677 fornicationem.
2784 4621 2956 4678 Omne
3001 4635 3286 4693 peccatum
3332 4627 3480 4695 quod
3524 4626 3656 4680 facit

2074 4712 2242 4765 homo
2278 4722 2434 4766 extra
2474 4728 2678 4783 corpus
2713 4722 2826 4779 est;
2866 4714 2963 4784 qui
3003 4723 3185 4769 autem
3230 4715 3560 4779 fornicatur,
3597 4718 3654 4773 in

2072 4819 2271 4873 corpus
2337 4805 2626 4874 proprium
2695 4816 2888 4875 peccat
2917 4807 2982 4861 "°.
3046 4826 3066 4857 ι
3135 4808 3344 4878 1057
3402 4810 3574 4865 lnl'ert
3637 4828 3650 4864 :

2080 4917 2097 4947 ι
2132 4896 2366 4951 Nescitis
2393 4897 2520 4966 quia
2550 4912 2781 4968 corpora
2810 4908 2992 4954 vestra
3024 4900 3286 4970 templum
3320 4910 3448 4955 sunt
3474 4901 3653 4971 Spiri-

2071 4994 2161 5041 tus
2190 4987 2363 5041 saneti
2383 4988 2476 5056 qui
2500 4988 2714 5042 habitat
2742 4989 2797 5043 in
2823 4990 2982 5045 vobis
3008 5007 3021 5043 :
3058 4991 3206 5060 quod
3229 4991 3444 5045 habetis
3463 5008 3491 5045 a
3515 4993 3650 5058 Deo,

2069 5093 2181 5132 non
2211 5079 2346 5134 estis
2374 5081 2580 5134 vestri?
2610 5082 2791 5151 Empti
2825 5084 2974 5138 enim
3011 5084 3148 5138 estis
3183 5084 3360 5152 pretio
3384 5084 3449 5136 “.
3487 5104 3503 5134 ι
3545 5084 3650 5150 Qui

2068 5167 2216 5222 enim
2255 5167 2417 5223 ﬁdem
2452 5169 2520 5225 de
2556 5171 2668 5226 Deo
2701 5173 2994 5242 genuinam
3030 5173 3236 5228 habent
3260 5184 3325 5226 ac
3351 5173 3647 5234 sinceram,

2071 5260 2264 5330 utique
2289 5270 2345 5315 et
2369 5262 2637 5333 Spiritum
2668 5265 2874 5320 habent
2900 5266 3027 5331 Dei;
3059 5273 3116 5319 et
3144 5264 3281 5318 nihil
3312 5278 3436 5318 esse
3462 5267 3515 5317 in
3544 5264 3652 5319 illis

2075 5360 2259 5420 potest
2283 5356 2529 5421 carnale;
2561 5356 2866 5426 cujusmodi
2900 5365 3048 5420 sunt,
3074 5355 3387 5420 fornicatio,
3412 5355 3653 5408 immun—

2072 5443 2236 5507 ditia,
2267 5445 2640 5515 impudicitia,
2668 5457 2724 5501 ct
2750 5455 2968 5501 caetera.
2998 5442 3185 5516 Neque
3216 5447 3362 5501 enim
3390 5445 3483 5515 qui
3506 5462 3648 5525 pro-

2070 5537 2244 5605 priam
2292 5538 2518 5593 domum
2558 5549 2943 5609 corrumpunt,
2976 5539 3383 5594 haereditabunt
3419 5554 3649 5609 regnum

536 5723 695 5777 Prov.
720 5724 936 5799 νηῒ-ι.
1063 5724 1231 5799 Ee-cii.
1293 5743 1366 5799 rx,
1394 5726 1444 5778 5.
1523 5726 1567 5756 ’³
1591 5727 1749 5799 Prov.
1776 5745 1849 5799 γι,
1870 5729 1968 5799 εἴς

2104 5724 2147 5755 ³⁸
2172 5725 2343 5779 Exod.
2370 5740 2458 5786 xx.
2489 5724 2567 5777 ιι.
2622 5733 2665 5763 ³⁵
2695 5731 2867 5787 Lcrit.
2900 5750 2984 5794 xx,
3019 5733 3096 5786 l0.
3176 5733 3219 5764 ³⁸
3245 5735 3389 5791 Psal.
3419 5752 3566 5799 χχχι,
3590 5738 3644 5794 9.

400 5792 435 5822 ³ῖ
468 5791 605 5847 Osee
637 5808 708 5855 tv,
740 5794 817 5845 ιι.
895 5795 938 5824 ³⁸
964 5793 1098 5850 ibid.
1129 5796 1212 5849 l8.
1291 5796 1332 5827 ”
1357 5800 1493 5851 Osce
1523 5812 1574 5857 ν,
1604 5798 1651 5850 4.
1732 5800 1774 5828 ⁸ο
1803 5798 1818 5850 1
1852 5797 1979 5852 Cor.
2004 5816 2075 5863 vr,
2108 5800 2187 5851 l3.

2273 5803 2305 5829 "
2336 5801 2470 5853 ibid.
2510 5802 2702 5859 19,20.
