4020 6146
342 407 468 473 1497

1288 415 1621 481 HOMILIA
1658 420 1818 480 ΧΧῘ.
1852 444 1922 454 -
1954 417 2053 479 DE
2090 397 2629 478 VIRGINITATE.

3466 410 3600 474 1498

333 517 617 581 ἐξανύεται
650 522 808 574 παντὶ
850 522 925 591 τῷ
957 514 1310 595 βουλομένῳο
1360 528 1582 599 τοιαύτη
1618 530 1716 597 τῆς
1762 545 1906 598 παρ’

2020 525 2248 595 spiciam
2281 531 2396 577 toto
2432 529 2715 573 terrarum
2754 520 2895 576 orbe
2935 535 3059 576 eam
3097 535 3264 576 suave
3295 521 3603 588 fragrantes

334 609 513 672 θενίας
546 610 578 679 ἡ
609 612 796 682 ἀρετή.
840 613 976 666 Ἀλλ’
1002 616 1080 668 ὅτι
1121 611 1223 683 μὲν
1258 616 1403 686 μέγα
1446 619 1507 671 τὸ
1552 618 1905 688 κατόρθωμα,

335 701 428 752 καὶ
464 702 682 769 μείζονα
713 703 781 755 τὰ
811 705 868 756 ἐν
916 704 1273 773 ἐπαγγελίαις
1318 710 1657 778 ἀποκείμενα
1707 710 1907 778 ἀγαθὰ,

332 794 447 856 τοῖς
477 793 737 858 ἀγαπῶσι
782 795 875 847 τὸν
905 796 1037 849 Θεὸν
1077 799 1245 851 πᾶσιν
1277 800 1565 869 πῴδηλον.
1600 802 1911 871 Ἀμήχανον

334 885 390 938 δὲ
415 887 585 955 χωρὶξ
613 889 835 958 ἀγάπης
872 890 1006 943 Θεοῦ
1032 893 1124 945 καὶ
1150 895 1680 963 ταπεινοφροσύνης,
1710 895 1910 963 φθάσαι

335 975 456 1028 τινὰ
490 977 570 1036 είς
597 977 658 1028 τὸ
685 976 820 1045 ὕψος
852 981 951 1048 τῆς
980 981 1239 1051 τοιαύτης
1277 985 1496 1052 ἀρετῆς,
1534 984 1608 1045 ὼς
1646 987 1915 1055 μαρτυρεῖ

336 1066 472 1135 αὑτὴ
497 1070 528 1136 ἡ
553 1070 916 1140 πανάμωμος,
949 1074 1044 1125 καὶ
1074 1074 1441 1141 πανύμνητος,
1478 1077 1569 1128 καὶ
1598 1076 1914 1142 πανένδοξος

337 1155 596 1219 Θεοτόκος
626 1159 827 1229 ᾅδουσα
857 1180 867 1190 ·
899 1179 919 1212 ι
956 1164 1263 1230 Μεγαλύνει
1292 1166 1324 1234 ἡ
1365 1164 1506 1235 ψυχὴ
1540 1185 1641 1235 μου
1668 1168 1756 1220 τὸν
1800 1170 1915 1221 Κύ-

341 1263 477 1316 ριον,
516 1249 612 1299 καὶ
643 1250 939 1316 ὴγαλλίασε
969 1253 1030 1305 τὸ
1061 1253 1280 1322 πνεῦμά
1313 1272 1416 1322 μου
1459 1257 1551 1308 ἐπὶ
1592 1256 1669 1325 τῷ
1693 1256 1814 1327 Θεῷ
1840 1258 1916 1327 τῷ

338 1339 554 1411 Σωτῆρι
602 1356 740 1409 μου·
782 1361 803 1394 ι
837 1342 933 1412 τὴν
962 1344 1111 1397 θείαν
1152 1346 1377 1415 ἀγάπην
1424 1349 1782 1417 ἐμφαίνουσα.
1810 1351 1919 1403 Καὶ

338 1429 540 1493 εὐθέως
567 1446 581 1459 ⁸
624 1432 787 1486 ("Ott
840 1435 1141 1504 ἐπέϐλεψεν
1179 1438 1273 1490 ἐπὶ
1302 1439 1402 1507 τὴν
1453 1440 1784 1493 ταπείνωσιν
1821 1443 1919 1509 τῆς

337 1523 528 1597 δούλης
560 1525 748 1580 αὐτοῦ.
783 1546 801 1577 ι
831 1530 939 1581 Καὶ
971 1527 1127 1592 αὖθις
1148 1547 1161 1561 ·
1187 1550 1206 1582 ι
1231 1530 1498 1584 Καθεῖλεν
1519 1532 1787 1596 δυνάστας
1814 1534 1920 1586 ἀπὸ

339 1612 566 1682 θρόνων,
601 1617 693 1668 καὶ
737 1616 952 1685 ὕψωσεν
978 1620 1290 1684 ταπεινοὺς,
1327 1639 1346 1671 ι
1395 1619 1490 1672 καὶ
1522 1622 1590 1673 τὰ
1630 1621 1774 1690 ἑξῆς.
1811 1623 1920 1675 Καὶ

338 1707 478 1777 πρὸς
505 1708 595 1760 τὸν
619 1708 861 1779 Γαϐριὴλ
891 1710 1158 1780 πρότερον
1178 1727 1192 1743 ο
1222 1729 1241 1761 ι
1266 1711 1397 1765 Ἰδοὺ
1431 1714 1463 1784 ἡ
1495 1712 1656 1789 δούλη
1691 1713 1918 1783 Κυρίου,

340 1798 554 1864 γένοιτό
587 1816 678 1863 μοι
711 1801 851 1853 κατά
880 1802 942 1854 τὸ
974 1802 1126 1871 ῥῆμά
1157 1819 1273 1855 σου.
1307 1820 1325 1853 ι

2010 627 2066 672 et
2098 629 2444 686 peratnmnos
2494 608 2658 666 ﬂores
2686 627 2935 677 exerere,
2983 627 3049 665 ac
3082 628 3180 681 per
3210 626 3429 665 onmem
3465 619 3599 664 aeta-

2013 719 2125 763 tem
2156 708 2389 778 pulchre
2420 705 2535 775 regi
2566 713 2621 758 et
2653 702 2833 757 cilicio
2864 703 3037 771 fungi,
3074 702 3162 756 isti
3205 718 3304 770 per
3336 701 3598 754 invidiam

2011 801 2331 869 eliquantur
2366 800 2567 851 misere
2608 807 2665 852 et
2693 798 3114 854 contabeseunt,
3133 797 3285 862 juxta
3313 794 3599 861 Propheta:

2013 892 2344 946 sententiam
2377 909 2390 944 :
2430 910 2447 941 ι
2490 892 2753 944 Peccator
2785 889 2995 942 videbit
3035 896 3091 938 et
3136 888 3426 943 irascetur.
3459 885 3599 937 den-

2013 984 2163 1037 tibus
2196 985 2310 1037 suis
2350 983 2548 1036 fremet
2581 992 2637 1036 et
2672 983 2916 1034 tabescet
2948 982 3013 1033 ⁸⁸.
3049 999 3068 1031 ι
3096 979 3175 1032 Ex
3206 994 3315 1045 quo
3354 986 3599 1045 tempore

2017 1075 2283 1129 Dominus
2317 1084 2508 1129 noster
2532 1074 2694 1127 Jesus
2733 1072 2987 1126 Christus
3024 1071 3116 1123 Dei
3158 1068 3327 1122 Filius
3363 1083 3458 1121 sua
3506 1082 3598 1120 so-

2016 1166 2123 1220 lius
2157 1181 2281 1234 erga
2316 1180 2416 1219 nos
2445 1164 2781 1233 benignitate
2813 1178 2879 1215 ex
2919 1172 3079 1214 utero
3110 1160 3286 1212 voluit
3314 1167 3517 1211 sancta:
3544 1163 3601 1209 et

2018 1259 2356 1313 intemeratae
2387 1257 2635 1325 Deiparte
2660 1270 2881 1323 semper
2911 1253 3142 1322 virginis
3173 1251 3374 1313 Marbe,
3403 1266 3502 1303 suo
3531 1248 3598 1302 ad

2018 1367 2120 1405 nos
2166 1349 2406 1404 adventu
2443 1349 2810 1402 inclarescere
2863 1346 3091 1406 mttndo,
3139 1345 3413 1411 simulque
3454 1343 3601 1397 vires

2019 1442 2290 1512 suggessit
2320 1441 2523 1509 quibus
2568 1440 2920 1493 obluctemur
2957 1437 3178 1490 diabolo
3207 1455 3219 1488 :
3250 1436 3407 1489 facile
3441 1435 3600 1488 dein-

2020 1549 2149 1602 ceps
2180 1533 2252 1587 sit
2282 1534 2542 1587 virtutem
2575 1531 2845 1601 perlicere
2873 1529 3224 1599 virginitatis.
3265 1527 3430 1581 tuodo
3459 1528 3503 1581 is
3534 1542 3599 1580 ex

2020 1626 2203 1678 animo
2251 1625 2404 1683 velit.
2456 1632 2514 1677 ut
2558 1624 2730 1677 ardua
2782 1622 2852 1675 sit
2901 1622 3112 1675 functio
3145 1621 3371 1673 virtutis
3406 1620 3569 1672 istius

2022 1717 2115 1770 seti
2161 1725 2216 1771 et
2245 1732 2364 1786 qua:
2409 1716 2572 1770 bonis
2622 1725 2736 1769 toto
2782 1724 3008 1784 pectore
3038 1715 3208 1767 Deum
3246 1712 3602 1780 diligentibus

2023 1824 2122 1877 per
2154 1809 2646 1876 repromissionem
2683 1808 2923 1876 reposita
2946 1814 3097 1871 sunt,
3130 1806 3266 1859 nulli
3300 1804 3596 1857 obscurum

339 1891 498 1962 longe
534 1907 653 1947 esse
704 1897 1107 1963 praestantiora.
1156 1896 1304 1950 Nulli
1341 1906 1519 1951 tamen
1549 1898 1813 1967 possibile
1884 1900 1951 1954 ad
1995 1910 2159 1957 tantae
2200 1903 2422 1957 virtutis
2494 1903 2807 1972 pertingere
2857 1901 3155 1969 fastigium,
3201 1900 3304 1952 nisi
3347 1897 3600 1967 pra-sitim

334 1986 558 2049 juvetur
600 1995 656 2041 et
690 2004 819 2058 erga
890 1989 1065 2042 Deum
1112 1989 1431 2053 charitatis,
1502 2002 1558 2046 et
1606 1993 1774 2046 animi
1813 1993 1883 2046 de
1926 2009 1984 2048 se
2024 2011 2187 2063 quam
2238 1995 2639 2049 modestissime
2691 1992 3013 2049 sentientis.
3054 1989 3206 2055 juxta
3234 1989 3597 2043 testimonium

337 2076 584 2145 Deipara:
631 2080 781 2132 omni
820 2079 1041 2133 laudum
1088 2096 1293 2150 genere
1337 2082 1735 2149 celeberrimae,
1780 2084 1916 2138 nulli
1960 2085 2211 2140 obnoxiae
2240 2087 2396 2147 vitio,
2458 2086 2557 2141 sed
2618 2086 2792 2157 gloria
2817 2084 3340 2154 omnidiguissimee,
3371 2081 3425 2135 in
3453 2082 3601 2134 hunc

337 2169 559 2222 modum
591 2172 961 2227 emodulantis
992 2192 1003 2226 :
1044 2193 1063 2226 ι
1103 2174 1411 2245 Magniﬁeat
1468 2178 1648 2233 anima
1691 2192 1810 2233 mea
1872 2179 2184 2245 Dominum,
2214 2190 2269 2235 et
2303 2180 2599 2235 exsultavit
2664 2181 2896 2251 spiritus
2932 2195 3088 2233 meus
3117 2180 3173 2232 in
3231 2178 3343 2231 Deo
3374 2177 3598 2230 salutari

338 2276 459 2315 meo
493 2261 573 2327 ⁶τ;
614 2283 632 2314 ι
666 2280 793 2318 cum
848 2266 992 2320 enim
1044 2281 1144 2336 per
1192 2267 1335 2321 hanc
1387 2267 1703 2323 subindicet
1753 2284 1906 2323 suam
1947 2285 2077 2339 erga
2134 2270 2305 2324 Deum
2372 2272 2721 2330 charitatem.
2750 2287 2875 2324 mox
2907 2269 3104 2324 addit:
3139 2288 3156 2319 ‹
3188 2269 3327 2335 Quia
3357 2268 3601 2337 respexit

336 2357 705 2415 humilitatem
748 2364 962 2418 ancillae
1003 2378 1115 2418 suae
1149 2362 1217 2418 ⁸⁸.
1252 2382 1270 2414 ι
1337 2363 1553 2419 Rursus
1581 2383 1593 2417 :
1662 2383 1681 2415 ι
1714 2365 1977 2433 Deposuit
2015 2375 2271 2434 potentes
2304 2366 2372 2421 de
2398 2367 2550 2427 sede.
2583 2376 2638 2422 et
2675 2366 2940 2421 exaltavit
2971 2366 3212 2419 humiles
3242 2367 3310 2429 η,
3346 2385 3362 2415 ι
3394 2374 3448 2417 et
3478 2380 3600 2433 qua:

335 2451 528 2506 ordine
559 2463 888 2523 sequuntur.
925 2453 1032 2508 Sed
1066 2464 1121 2509 et
1165 2455 1444 2526 aliquanto
1472 2456 1628 2526 prius
1657 2454 1897 2511 Gabrieli
1936 2457 2299 2528 responderat
2333 2477 2345 2513 :
2380 2478 2398 2510 ι
2444 2459 2584 2513 Ecce
2624 2458 2823 2512 ancilla
2886 2457 3125 2521 Domini,
3185 2458 3281 2511 fiat
3326 2457 3461 2511 mibi
3508 2472 3599 2512 se-

340 2547 847 2611 cundumverbum
882 2558 1038 2601 tuum
1070 2549 1139 2600 "°.
1178 2567 1195 2599 ι

409 2640 603 2705 Σκξῶς
630 2636 723 2693 οὖν
755 2638 843 2693 διὰ
875 2640 1080 2694 τούτων
1108 2638 1507 2703 ἀποδέδεικται,
1538 2640 1619 2693 ὅτι
1648 2638 1707 2703 ἐξ
1736 2639 1911 2709 ἄκρας
1951 2647 1993 2701 Β

340 2731 729 2795 ταπεινώσεως
758 2735 851 2785 καὶ
886 2734 984 2802 τῆς
1026 2733 1165 2801 πρὸς
1214 2732 1349 2783 Θεδν
1401 2731 1643 2799 ἀγάπης,
1687 2731 1780 2783 τὸν
1827 2732 1921 2802 τῆς

340 2824 645 2893 παρθενίας
678 2822 913 2891 ἄμωμον
962 2822 1166 2891 χιτῶνα
1212 2823 1382 2893 ἑαυτῇ
1426 2823 1459 2892 ἡ
1510 2822 1920 2891 κεχαριτωμένη

342 2914 622 2981 ὲξύφανεν.
654 2902 913 2965 Ἀλλ”ὂτι
955 2913 1052 2980 μὲν
1104 2912 1312 2981 μεγάλη
1344 2914 1377 2982 ἡ
1431 2911 1599 2982 ἀρετὴ
1645 2914 1742 2981 τῆς
1779 2928 1922 2981 παρ-

343 3004 540 3067 θενίας.
584 3004 988 3059 ἀποδέδεικται.
1020 3003 1142 3075 Χρὴ
1184 3002 1239 3055 δὲ
1281 3002 1372 3055 τὸν
1408 3002 1483 3065 εἰς
1513 3001 1669 3054 τοῦτο
1698 3001 1758 3053 τὸ
1794 3001 1920 3053 στά-

341 3094 450 3147 διον
486 3093 852 3163 ἀποδυόμενον
897 3093 1144 3163 νομίμως
1177 3093 1433 3162 ἀθλῆσαι,
1468 3090 1609 3145 κατὰ
1640 3090 1729 3144 τὸν
1760 3091 1923 3142 Ἀπό-

344 3186 551 3240 στολον.
609 3188 683 3239 Οὐ
723 3187 833 3255 γάρ
868 3188 1016 3239 ἐστιν
1049 3186 1230 3239 αὐτῶν
1264 3187 1296 3255 ἡ
1334 3185 1478 3253 πάλη
1509 3203 1528 3235 ι
1564 3185 1702 3255 πρὸς
1728 3178 1865 3252 αἷμα
1895 3200 1914 3234 ι

343 3281 438 3333 καὶ
469 3299 487 3329 ι
522 3281 697 3348 σάρκα
733 3279 910 3347 μόνον,
948 3296 967 3329 ι
1001 3279 1136 3332 ἀλλά
1173 3297 1191 3330 ι
1222 3278 1360 3349 πρὸς
1408 3277 1506 3340 τὰς
1546 3277 1808 3347 ἀοράτους
1832 3276 1921 3329 δυ-

343 3368 555 3436 νάμεις.
596 3387 614 3419 ι
657 3368 718 3419 '0
756 3367 1040 3432 νεανίσκος
1090 3368 1299 3432 τοίνυν,
1351 3369 1628 3421 τουτέστιν
1666 3369 1694 3419 ὁ
1731 3368 1921 3421 ἑαυτὸν

344 3459 665 3528 εὐνουχίσας
695 3459 781 3511 διὰ
808 3459 909 3528 τὴν
942 3458 1245 3529 βασιλείαν,
1291 3460 1384 3513 καὶ
1422 3462 1454 3526 ἠ
1508 3458 1794 3528 παρθένος,
1826 3458 1922 3511 ἐὰν

349 3550 425 3621 μὴ
452 3553 595 3603 κατά
641 3551 821 3603 πάντα
849 3551 1081 3603 τοιοῦτοι
1130 3545 1287 3609 ὦσιν,
1343 3550 1531 3618 ὥσπερ
1577 3551 1625 3602 οἱ
1677 3549 1922 3616 ἀληθινοὶ

352 3642 586 3712 μιμηταὶ
618 3642 711 3694 τοῦ
737 3630 997 3713 Χριστοῦ)
1025 3642 1094 3695 ὀὗ
1138 3641 1392 3695 δύνανται
1428 3642 1686 3709 σωθῆναι.
1719 3642 1791 3694 Τὸ
1816 3641 1923 3710 γὰρ

346 3731 603 3797 λέγεσθαι
633 3733 920 3807 παρθένον.
947 3734 1164 3795 καὶτὰς
1190 3734 1394 3800 άρετάς
1429 3733 1504 3802 μὴ
1544 3732 1687 3802 ἔχειν
1727 3731 1921 3784 ἀναλό-

345 3839 496 3890 γους,
529 3823 623 3875 καὶ
651 3822 884 3884 οἰκείους
911 3825 1004 3875 καὶ
1031 3821 1376 3893 ἁρμοζούσας
1405 3824 1469 3893 τῇ
1510 3825 1780 3894 παρθένῳ,
1811 3840 1922 3889 μω·

350 3915 449 3984 ρὰν
468 3915 567 3982 τὴν
590 3913 844 3981 τοιαύτην
868 3913 1135 3983 παρθένον
1161 3915 1325 3982 φησιν
1350 3915 1377 3967 ὁ
1400 3913 1623 3984 Κύριος.
1648 3910 1922 3983 ’Λφεγγὴς

346 4005 455 4076 γὰρ
481 4000 614 4057 οὖσα
642 4004 739 4057 καὶ
764 4004 1032 4065 ἀνέλαιος,
1064 4003 1168 4068 ἔξω
1190 4004 1285 4070 τῆς
1318 4001 1594 4071 βασιλείας
1614 4001 1724 4054 τῶν
1753 4001 1917 4069 οὐρα·
1944 3985 1985 4041 C

346 4094 453 4147 νῶν
505 4094 833 4160 ὲγκλείεται.
887 4094 1122 4163 νυμφίου
1171 4095 1345 4165 χαρᾶς
1403 4094 1763 4163 στερηθεῖσα,
1825 4094 1920 4147 καὶ

352 4185 489 4255 μετά
542 4185 653 4237 τῶν
712 4184 1015 4259 μισούντων
1069 4184 1160 4237 τὸν
1219 4184 1451 4253 νυμφίον
1512 4185 1915 4255 λογισθήσεται.

348 4277 506 4327 Δοκεῖ
528 4274 632 4347 γὰρ
662 4271 800 4328 εἶναί
820 4293 869 4329 τι
888 4278 918 4345 ἡ
940 4277 1228 4345 ἄπρακτος
1261 4276 1427 4344 μηδὲν
1453 4275 1606 4339 οὖσα,
1636 4278 1729 4329 καὶ
1755 4288 1931 4346 φρεν-’

348 4366 534 4435 απατᾷ
607 4366 825 4434 ἑαυτήν.
880 4365 1234 4433 Δοκιμαζέτω
1267 4365 1324 4418 δὲ
1372 4365 1606 4427 ἕκαστος
1655 4366 1715 4417 τὸ
1761 4365 1919 4435 ἔργον

348 4454 536 4519 αὑτοῦ,
570 4455 662 4508 καὶ
686 4456 878 4507 ἑαυτὸν
912 4457 1341 4522 ἐπιγινωσκέτω,
1364 4456 1451 4508 ὅτι
1481 4456 1747 4525 θρησκεία
1775 4457 1921 4508 ἐστὶν

353 4546 601 4617 μάταιος,
658 4546 954 4616 παρθενίαν
997 4547 1091 4600 καὶ
1140 4548 1472 4617 ἐγκράτειαν
1528 4547 1924 4617 ὁμολογοῦντες

350 4635 514 4706 ἔχειν,
546 4637 645 4706 τὴν
676 4637 732 4689 δὲ
770 4638 1000 4705 δύναμιν
1046 4639 1213 4707 αὐτῆς
1248 4640 1568 4709 ἠρνημένοι.
1610 4638 1674 4692 Ἦ
1706 4640 1811 4709 γὰρ
1840 4640 1925 4691 δν-

349 4745 456 4791 τως
487 4729 762 4798 εύνουχία,
792 4730 887 4782 καὶ
919 4732 951 4800 ἠ
980 4730 1151 4795 ὅντως
1174 4731 1439 4801 παρθενία
1467 4733 1524 4783 ἐν
1555 4731 1762 4802 Κυρίῳ,
1791 4733 1924 4798 ἀγία

350 4820 497 4872 ἐστὶν
522 4821 601 4890 τῷ
639 4820 851 4890 σώματι
894 4824 989 4875 καὶ
1030 4822 1108 4890 τῷ
1157 4824 1454 4891 πνεύματι,
1496 4825 1923 4894 ἀπερισπάστως

351 4914 444 4967 καὶ
483 4915 836 4984 εύπαρέδρως
862 4914 939 4986 τῷ
975 4916 1165 4984 Κυρίῳ
1192 4915 1531 4986 λατρεύουσα
1562 4919 1618 4969 ἐν
1650 4917 1924 4987 Πνεύματι

350 5004 505 5067 Θεοῦ,
542 5005 801 5076 καθαρῶς
823 5008 917 5059 καὶ
956 5006 1237 5074 ἀμιάντως
1279 5007 1591 5078 ἀρέσκουσα
1614 5009 1691 5075 τῷ
1714 5009 1924 5078 Κυρίῳ,

351 5090 446 5151 καὶ
476 5097 562 5149 ἀεὶ
594 5098 914 5167 μεριμνεῖθσα
942 5099 1057 5159 πῶς
1078 5099 1264 5167 ἁρέσει
1296 5099 1465 5166 αὐτῷ,
1496 5099 1589 5151 καὶ
1615 5098 1673 5153 ἓν
1705 5099 1928 5170 Πνεῦμά

350 5191 500 5243 ἐστιν
524 5190 661 5260 πρδς
683 5190 904 5259 Κύριον,
920 5190 1100 5252 καθὼς
1122 5193 1452 5259 γέγραπταιο
1477 5212 1495 5243 ι
1516 5192 1693 5258 ’Λγιοι
1718 5192 1924 5259 ἔσεσθε,

2091 2640 2188 2695 llis
2234 2640 2402 2710 igitur
2434 2640 2736 2694 clarissime
2783 2640 3113 2708 explicatum
3150 2656 3296 2700 reor,
3328 2642 3456 2710 quia
3489 2659 3587 2711 per

2022 2748 2291 2789 summam
2334 2732 2700 2786 humilitatem
2745 2739 2801 2784 et
2850 2746 2979 2801 erga
3027 2731 3195 2784 Deum
3245 2732 3591 2792 cbaritatcm.

2024 2825 2182 2893 plena
2211 2840 2336 2878 cum
2364 2832 2510 2876 esset
2532 2825 2741 2890 gratize,
2768 2823 3075 2891 promeruit
3100 2822 3205 2876 sibi
3240 2832 3444 2876 vestem
3477 2840 3602 2892 per-

2028 2923 2211 2967 texere
2266 2912 2624 2982 virginitatis.
2680 2912 2828 2966 nulla
2880 2928 3011 2981 ruga
3063 2912 3410 2975 decolorem,
3463 2916 3602 2969 nulli

1990 3003 2314 3065 ,obnoxiam
2348 3004 2546 3058 reatui.
2574 3001 2678 3069 Qui
2714 3012 2896 3056 autem
2941 3003 3009 3057 ad
3040 3004 3449 3058 excurrendum
3492 3014 3606 3060 sta-

2022 3094 2173 3149 dium
2202 3096 2494 3164 ejusmodi.
2531 3096 2790 3149 omuibus
2822 3110 2881 3149 se
2916 3095 3208 3149 extrieavit
3236 3098 3488 3159 remoris,
3520 3114 3606 3152 se-

2023 3187 2263 3241 cundum
2297 3187 2654 3256 apostolicam
2696 3187 3049 3251 sententiam,
3088 3203 3316 3241 necesse
3348 3197 3433 3242 est
3465 3174 3603 3258 legi-

2023 3279 2154 3332 time
2186 3286 2245 3331 ιιι
2286 3287 2461 3333 certet
2506 3288 2562 3333 et
2594 3278 2660 3332 ad
2692 3279 2928 3348 palmam
2964 3294 3137 3347 usque
3169 3295 3330 3333 suum
3382 3292 3606 3349 promo-

2020 3377 2144 3423 veat
2180 3384 2431 3439 agonem.
2461 3369 2650 3437 Neque
2683 3368 2831 3422 enim
2870 3369 2957 3422 isti
3009 3386 3027 3418 ι
3083 3369 3351 3423 adversus
3381 3372 3605 3438 sangui-

2021 3475 2146 3513 nem
2179 3479 2196 3510 ι
2230 3460 2393 3513 modo
2424 3478 2443 3509 ι
2480 3468 2535 3513 et
2566 3475 2788 3513 carnem
2827 3477 2845 3508 ι
2878 3458 3180 3511 adornatur
3210 3479 3227 3509 ί
3263 3461 3603 3525 colluctatio,

2022 3550 2116 3603 sed
2159 3569 2176 3597 >
2215 3559 2272 3603 et
2307 3569 2324 3599 ι
2366 3550 2631 3602 adversus
2674 3569 2691 3599 ι
2728 3548 3040 3601 invisibiles
3085 3567 3103 3598 ι
3148 3558 3452 3617 potestates
3475 3550 3542 3603 ".
3581 3570 3601 3602 ι

2021 3642 2242 3709 Itaque,
2293 3641 2741 3694 adolescentulus
2799 3641 2893 3709 qtti
2952 3656 3010 3694 se
3062 3652 3288 3710 propter
3337 3644 3605 3697 calorum

2023 3747 2250 3801 regnum
2290 3731 2569 3791 castravit.
2601 3730 2859 3783 similiter
2880 3738 2936 3783 et
2965 3732 3120 3800 virgo
3151 3733 3421 3800 qumpiam
3458 3750 3469 3785 :
3501 3734 3605 3787 nisi

2022 3839 2122 3891 per
2149 3823 2329 3876 omnia
2362 3839 2481 3875 sese
2515 3821 2874 3891 praestiterint
2901 3837 2999 3875 ceu
3034 3822 3269 3876 addecet
3295 3839 3457 3877 veros
3485 3825 3609 3877 imi-

2024 3922 2231 3967 tatores
2258 3913 2489 3977 Christi,
2524 3912 2851 3982 neutiquam
2883 3914 2949 3966 ad
2982 3923 3202 3982 portum
3232 3916 3609 3982 provcbeutur

2020 4007 2232 4061 salutis.
2269 4006 2338 4061 Ut
2370 4006 2516 4059 enim
2549 4006 2704 4076 virgo
2739 4023 2847 4060 una
2880 4007 3065 4075 aliqua
3114 4006 3348 4069 dicatur,
3394 4023 3496 4062 nec
3526 4009 3609 4061 in-

2021 4098 2181 4151 terim
2236 4106 2462 4151 eteteras
2524 4106 2681 4151 curet
2724 4097 2979 4165 indipisci
3030 4097 3263 4150 virtutes
3329 4112 3450 4165 quae
3493 4098 3607 4150 vir-

2020 4185 2235 4257 ginitati
2271 4187 2516 4255 proxime
2552 4186 2943 4254 respondeant,
2978 4200 3100 4254 quae
3136 4183 3350 4237 tuendae
3376 4183 3608 4252 virgini-

2021 4278 2118 4331 tati
2162 4277 2363 4332 faciant
2394 4278 2695 4346 plurimum
2741 4286 2797 4331 et
2839 4277 3119 4344 quadrent
3152 4276 3460 4343 :ejusmodi
3494 4276 3607 4327 vir-

2019 4368 2198 4438 ginem
2233 4367 2453 4421 stultam
2491 4366 2633 4419 dixit
2664 4366 2953 4427 Dominus,
2992 4364 3195 4433 quippe
3241 4379 3361 4432 qua:
3394 4363 3606 4416 nullum

2020 4472 2133 4527 pm
2180 4472 2240 4511 se
2295 4456 2437 4510 ferat
2474 4456 2691 4509 illustre
2738 4453 2950 4514 lumen.
3003 4453 3142 4505 nihil
3194 4467 3378 4505 secum
3432 4458 3609 4519 gestet

2022 4549 2127 4604 olei
2160 4550 2227 4602 τ’.
2256 4547 2406 4602 Talis
2430 4563 2552 4618 quae
2580 4556 2684 4609 est.
2724 4546 2875 4599 aditu
2914 4545 3229 4599 excluditur
3258 4542 3409 4613 regni
3436 4544 3606 4597 (ηειοο

2023 4657 2182 4705 rum,
2230 4640 2551 4708 neutiquam
2602 4637 2878 4699 admissa,
2929 4635 3131 4705 gaudio
3186 4644 3245 4687 ut
3291 4635 3610 4702 perfruatur

2024 4733 2232 4803 sponsi,
2268 4731 2364 4786 sed
2411 4732 2466 4784 in
2503 4745 2694 4784 earum
2742 4728 3102 4797 deputabitur
3150 4726 3441 4795 collegium
3486 4738 3609 4793 qua:

2025 4840 2286 4894 sponsum
2318 4823 2561 4877 oderint.
2598 4820 2730 4887 Quze
2770 4821 2921 4875 enim
2953 4829 3039 4873 est
3084 4817 3226 4879 talis,
3263 4831 3516 4885 peraeque
3549 4829 3609 4869 se

2026 4918 2194 4972 habet
2236 4931 2301 4971 ac.
2344 4917 2389 4970 si
2422 4914 2559 4969 nihil
2612 4914 2741 4968 boni
2794 4911 3095 4968 confecerit
3129 4909 3333 4978 operis,
3376 4908 3473 4961 sed
3508 4906 3607 4960 im-

2026 5009 2331 5079 prudenter
2356 5008 2591 5075 seipsam
2621 5006 2861 5060 seduxit.
2896 5003 3049 5074 Opus
3078 5003 3263 5071 itaque
3295 5016 3454 5054 suum
3484 5015 3611 5068 pro-

2029 5101 2123 5155 bet
2149 5100 2523 5169 unusquisque
2551 5107 2606 5152 et
2630 5099 2902 5166 exploret,
2935 5110 3104 5165 seque
3133 5102 3429 5163 agnoscat;
3469 5090 3613 5148 aiio-3

2030 5193 2123 5261 qui
2154 5192 2464 5246 observatio
2505 5191 2686 5244 omnis
2714 5191 2840 5268 vitae
2872 5187 3181 5257 quamlibet
3213 5183 3500 5251 religiosae,
3529 5180 3613 5233 iu-

351 5282 432 5335 ὃτι
458 5279 567 5349 ἐγὼ
594 5280 748 5347 ἅγιός
777 5284 914 5349 εἰμι,
956 5301 974 5332 ι
1011 5282 1160 5349 λέγει
1192 5281 1417 5350 Κύριος.
1445 5280 1522 5336 Οὐ
1556 5284 1664 5353 γάρ
1703 5282 1923 5352 ὀνόματι

2032 5285 2171 5357 frugi
2206 5284 2389 5338 futura
2418 5292 2580 5338 estet
2616 5284 2798 5337 inanis
2827 5298 2840 5334 :
2872 5295 3063 5334 eorum
3091 5291 3287 5345 nempe
3314 5273 3406 5343 qui
3444 5287 3613 5342 penes

355 5371 516 5442 μόνον
543 5373 682 5442 ψιλῷ
733 5374 760 5426 ὁ
794 5373 971 5440 ἅγιος.
1017 5374 1169 5440 ἅγιός
1221 5376 1390 5437 ἐστιν,
1439 5374 1555 5427 ἀλλ’
1590 5378 1648 5428 ὲν
1703 5378 1860 5428 παντὶ
1896 5379 1925 5429 ὁ

353 5463 529 5529 ἅγιος,
559 5463 641 5531 τῷ
688 5464 898 5532 σώματι
951 5466 1045 5518 καὶ
1087 5465 1163 5534 τῷ
1212 5465 1505 5534 πνεύματι.
1563 5467 1625 5519 Εἰ
1670 5467 1924 5531 άπετάξω

349 5548 445 5605 οὖν
494 5556 606 5616 τοῖς
650 5553 749 5623 τῆς
786 5555 989 5625 σαρκὸς
1036 5555 1287 5619 πάθεσιν,
1331 5555 1565 5627 πρόσεχε
1610 5557 1701 5611 τὸν
1734 5557 1923 5625 ἀγῶνα

2030 5392 2089 5431 se
2117 5391 2237 5430 esse
2269 5371 2595 5444 profitentur
2632 5372 3031 5443 virginitatem,
3062 5386 3126 5423 ac
3162 5376 3473 5434 temperare
3504 5363 3612 5419 sibi

2028 5484 2060 5522 a
2094 5468 2276 5522 carnis
2307 5467 2605 5528 illecebris,
2642 5480 2767 5519 cum
2800 5479 2858 5518 re
2902 5465 3017 5532 ipsa
3053 5462 3317 5514 virtutem
3363 5458 3483 5526 ejus
3516 5471 3609 5521 ne:

2028 5567 2179 5629 gent.
2206 5558 2340 5611 Nam
2370 5572 2492 5626 qua:
2522 5565 2809 5625 tantOpere
2843 5552 3260 5608 commendatur
3289 5548 3549 5605 castratio
3577 5562 3608 5603 a

460 5732 669 5807 "Psal.
696 5750 800 5799 cxi,
829 5733 912 5786 10.
992 5735 1033 5767 ⁸⁷
1060 5734 1192 5789 Luc.
1223 5752 1260 5800 t,
1293 5734 1378 5799 46,
1410 5735 1497 5789 47.
1574 5736 1618 5767 ⁸⁸
1641 5736 1774 5791 ibid.
1810 5736 1895 5791 48.

2043 5735 2177 5792 ibid.
2214 5735 2301 5789 5'2.
2379 5736 2422 5767 ⁷ο
2457 5734 2589 5789 ibid.
2618 5732 2705 5787 58.
2782 5734 2822 5764 τ¹
2859 5732 3150 5801 Κώθωνι,
3190 5729 3271 5782 12.
3344 5728 3391 5759 τ’
3418 5724 3616 5807 Μςιιιιι.⁸

356 5816 477 5860 xxv.
515 5800 567 5855 ὅ.
