4020 6146
417 357 554 420 1ι99

1677 377 2040 440 ANTIOCHI
2059 377 2422 439 ,MONACHI

3529 355 3664 420 Ῑὲθθ

411 467 705 528 lenociniis
733 475 937 538 carnis.
967 493 1032 534 ac
1077 493 1204 534 vera
1255 481 1416 550 plane
1459 481 1514 536 in
1543 481 1780 539 Domino
1827 485 1994 556 virgi-

2101 488 2188 558 τῆς
2217 487 2455 556 ἀληθοῦς
2490 482 2805 555 παρθενίας.
2841 482 2904 535 El
2955 475 3264 548 εὐνουχίσαι
3307 471 3498 526 ἑαυτὸν
3533 466 3662 536 ἠθέ-

413 563 578 623 nitas,
615 575 802 621 sancta
848 575 933 622 est
975 577 1032 623 et
1072 585 1306 641 corpore
1350 581 1407 628 et
1451 574 1674 644 spiritu,
1720 577 1994 632 indivulse

421 656 626 726 1061
657 667 712 712 et
739 662 952 729 perpeti
988 669 1178 718 tenore
1207 665 1444 720 Domino
1484 669 1737 722 serviens
1771 669 1826 722 in
1867 668 1989 738 Spi-

416 749 527 803 ritu
581 751 698 810 Dei.
745 753 1045 816 sinceriter
1092 771 1156 811 ac
1191 758 1389 826 procul
1439 759 1588 813 omni
1637 760 1902 829 spurcitia
1935 777 1993 816 se

415 841 656 909 probans
685 843 938 908 Domino,
983 862 1170 902 secum
1217 864 1520 905 conserens
1547 851 1752 921 jngiter
1790 851 1998 920 quibus

412 934 611 989 studiis
661 937 834 1004 possit
868 939 918 992 ei
948 941 1186 1008 gratiosa
1231 957 1352 996 esse
1395 952 1452 997 et
1496 944 1994 1014 amabilis:eoque

413 1037 560 1081 unus
581 1044 706 1083 cum
733 1031 964 1087 Domino
993 1033 1229 1088 edicitur
1263 1035 1516 1104 spiritus,
1548 1037 1694 1091 sicut
1726 1037 1992 1106 scriptum

348 1155 353 1161 .
409 1129 496 1174 est
521 1137 535 1172 :
576 1139 594 1170 ι
623 1119 805 1176 Sancti
837 1123 992 1177 eritis
1014 1125 1142 1194 quia
1167 1140 1270 1194 ego
1300 1135 1524 1182 sanctus
1553 1144 1697 1190 sum,
1729 1129 1864 1183 dicit
1891 1131 2000 1184 Do-

409 1211 614 1272 minus.
651 1231 668 1264 ι
701 1215 890 1285 Neque
937 1218 1085 1272 enim
1137 1218 1182 1272 is
1226 1219 1451 1275 nomine
1501 1232 1683 1284 tenus,
1734 1231 1994 1292 tanquam

411 1307 768 1374 praerogativa
804 1308 1136 1380 insigniatur
1169 1312 1515 1368 sublimioris
1537 1315 1994 1379 nomenclaturae,

408 1405 634 1452 sanctus
663 1399 896 1466 dicitur;
923 1403 1019 1455 sed
1059 1417 1155 1471 per
1183 1404 1368 1458 omnia
1398 1414 1624 1480 sanctus
1647 1414 1754 1471 est,
1789 1417 1845 1460 et
1869 1423 1998 1461 cor-

406 1489 541 1556 pore
571 1498 628 1544 et
660 1492 881 1560 spiritu.
931 1492 986 1546 Si
1035 1493 1206 1564 igitur
1237 1496 1629 1551 affectionibus
1662 1495 1993 1552 renuntiasti

407 1584 611 1644 carnis,
651 1586 846 1640 sedulo
886 1595 1067 1642 tecum
1107 1599 1324 1658 reputa,
1355 1606 1522 1659 quem
1571 1591 1809 1646 subieris
1853 1607 1996 1646 vera:

405 1676 744 1743 virginitatis
787 1695 1040 1738 agonem.
1074 1681 1212 1736 Cum
1262 1695 1316 1736 te
1356 1684 1426 1738 ab
1473 1683 1595 1738 istis
1645 1683 1836 1736 mundi
1881 1684 1999 1737 ille-

406 1765 588 1820 cebris
634 1768 908 1831 castrasti,
945 1769 988 1822 si
1035 1769 1258 1839 quidem
1297 1769 1350 1824 id
1405 1769 1601 1825 feceris
1637 1777 1863 1838 prepter
1906 1785 1992 1822 r-e-

406 1871 569 1926 gnum
607 1859 896 1922 razlorum,
929 1875 1123 1929 magna
1155 1877 1279 1915 cum
1319 1863 1574 1916 cautione
1623 1861 1708 1916 fac
1753 1863 1992 1916 retineas

408 1963 472 2000 ac
499 1948 704 2002 tuearis
737 1960 1060 2019 susceptum
1089 1953 1257 2007 semel
1285 1970 1515 2024 agonem
1545 1954 1693 2008 hunc
1723 1953 1991 2022 propositi

409 2037 720 2092 monastici.
768 2039 967 2094 Animo
1009 2042 1267 2110 przescnti
1313 2053 1368 2097 et
1417 2047 1634 2096 arrecto
1669 2042 1754 2096 fac
1801 2042 1996 2111 vigiles

410 2129 674 2184 adversus
697 2146 890 2185 omnes
926 2133 1306 2188 colluctatoris
1334 2135 1410 2186 tui
1431 2135 1706 2189 violentos
1729 2134 1992 2198 assultus,

411 2219 658 2275 imitatus
693 2223 983 2290 prudentis
1029 2225 1276 2278 naucleri
1323 2225 1626 2288 solertiam,
1676 2225 1770 2294 qui
1803 2235 1996 2280 contra

412 2313 764 2376 ﬂuetivomos
791 2317 1062 2371 undarum
1099 2320 1338 2373 vortices
1364 2320 1592 2389 perdius
1630 2328 1738 2374 stat
1781 2329 1837 2374 et
1875 2336 1996 2389 per.

413 2425 540 2462 nox.
580 2408 842 2463 Praeduce
873 2411 966 2464 Dei
996 2413 1190 2481 gratia,
1219 2411 1386 2466 animi
1421 2411 1499 2465 tui
1533 2411 1770 2480 impetus
1795 2412 1999 2480 auriga:

413 2499 470 2552 in
519 2516 726 2555 morem
766 2501 919 2556 frena
955 2519 1019 2558 ac
1070 2504 1378 2568 moderare,
1417 2503 1726 2572 nequando
1772 2520 1802 2558 a
1849 2511 1999 2558 recto

415 2595 552 2650 calle
593 2611 816 2651 exerres
855 2597 1074 2660 devius.
1110 2597 1446 2652 Indivulsam
1497 2597 1563 2651 da
1599 2613 1845 2666 operam,
1889 2597 2002 2651 Deo

415 2697 478 2740 ut
507 2688 714 2742 servias
745 2697 802 2743 et
837 2689 1070 2758 proinde
1098 2690 1372 2759 gratiosus
1403 2689 1483 2742 illi
1516 2689 1840 2752 inveniaris,
1869 2688 2002 2742 dum

419 2789 472 2834 te
504 2779 578 2835 illi
607 2784 808 2851 probas
830 2783 885 2836 in
913 2783 1282 2837 sanctimonia
1314 2783 1563 2850 corporis
1587 2789 1641 2834 et
1669 2781 1914 2848 spiritus.
1943 2791 2006 2834 ut

420 2883 658 2927 strenua:
705 2873 1149 2928 conversationis
1193 2889 1258 2928 ac
1301 2873 1428 2928 vitre
1465 2872 1802 2926 ornamentis
1831 2873 2009 2924 virtu-

423 2973 538 3017 tum
573 2965 858 3034 perpolitte
893 2966 1204 3034 assequaris
1231 2965 1484 3035 gloriam.
1519 2965 1774 3018 Eluctare
1801 2979 1899 3032 pro
1929 2964 2005 3016 vi-

425 3057 513 3111 rili
557 3057 832 3112 adversus
885 3059 1098 3114 hostem
1151 3072 1323 3127 agone
1374 3056 1652 3127 legitimo,
1706 3064 1767 3109 ut
1806 3073 2006 3109 corona

2091 579 2262 650 λησας
2289 579 2386 632 διὰ.
2403 577 2501 648 τὴν
2532 576 2748 630 αίὼνιον
2780 573 3053 645 βασιλείαν
3081 580 3128 635 ι,
3159 563 3441 635 ἐπιμελῶς
3465 561 3662 628 κάτεκε

2090 673 2180 724 τὸν
2209 671 2306 742 τῆς
2349 671 2642 740 ἀσκήσεως
2685 665 2894 735 ἀγῶνα,
2925 665 3020 717 καὶ
3076 660 3312 732 πρόσεχε
3348 656 3446 717 τὰς
3491 666 3664 742 προσ-

2091 737 2389 824 ϐολὰςττοῦ
2457 737 2774 817 ἀντιπάλου,
2824 756 3014 824 ὥσπερ
3075 749 3414 820 κυϐερνήτης
3453 743 3520 796 τὰ
3559 737 3660 793 κὺ-

2094 871 2241 922 ματα
2275 851 2600 905 διαῦαίνωνο
2645 847 2806 918 γενοῦ
2852 843 3238 916 ἡκθιοχοὺμενος
3273 836 3382 890 ὑπὸ
3423 835 3520 900 τῆς
3559 831 3664 916 χάτ

2096 960 2262 1014 ριτος,
2291 943 2366 1014 μὴ
2401 940 2781 1012 παρατραπεὶς
2819 937 2918 1006 τῆς
2959 932 3170 994 εὐθείας
3201 928 3319 982 ὁδοῦ
3342 946 3354 958 ·
3398 924 3664 1014 ἀγώνισαι

2091 1013 2542 1106 ἆπερισπάστως,
2591 1033 2685 1085 καὶ
2721 1031 2818 1101 ὅλῃ
2857 1027 3058 1098 καρδίᾳ
3093 1021 3366 1076 δουλεύειν
3393 1017 3532 1086 Θεῷ,
3567 1013 3665 1066 καὶ

2093 1127 2242 1198 αὐτῷ
2285 1126 2544 1196 ἀρέσκειν
2597 1125 2656 1176 ὲν
2694 1121 2835 1190 ἁγίῳ
2868 1118 3080 1188 σώματι
3119 1113 3218 1168 καὶ
3254 1109 3548 1179 πνεύματι,
3575 1107 3666 1158 ἵνα

2094 1194 2406 1286 καταλάϐῃς
2430 1215 2531 1284 τῆς
2558 1211 2813 1283 ὲναρέτου
2853 1204 3126 1267 πολιτείας
3153 1203 3254 1272 τὴν
3283 1200 3464 1264 δόξαν.
3495 1194 3686 1262 Ἀγά»,

2093 1329 2236 1366 νισαι
2266 1309 2514 1379 νομίμως
2551 1305 2807 1373 ἀθλῆσαι,
2853 1301 2940 1354 ἵνα
2983 1299 3077 1350 τὸν
3123 1295 3408 1361 στέφανον,
3439 1289 3498 1342 ὃν
3537 1290 3667 1358 ᾑρε-

2091 1402 2250 1462 τίσω,
2283 1399 2579 1468 ἀπολαύῃς,
2608 1395 2702 1448 καὶ
2736 1389 3146 1460 στεφανηφόρος
3188 1384 3430 1453 ἀπέλθῃς
3461 1393 3486 1422 ι
3530 1379 3669 1448 πρὸς

2093 1493 2190 1564 τὴν
2217 1493 2330 1546 ἄνω
2377 1487 2757 1559 Ἰερουσαλήμ.
2806 1485 2887 1536 Δι’
2937 1483 3005 1553 ἢν
3035 1482 3128 1534 καὶ
3156 1473 3417 1539 απετάξω
3453 1473 3531 1540 τῷ
3566 1471 3669 1536 τῆς

2096 1562 2301 1654 σαρκὸς
2344 1581 2696 1649 φρονήματι,
2723 1576 2920 1638 ἁνάθες
2951 1573 3050 1645 τὴν
3095 1570 3255 1644 χάριν
3302 1569 3404 1636 τῆς
3447 1562 3676 1630 ἁγνείας

2098 1689 2192 1724 σου
2221 1670 2297 1738 τῷ
2331 1667 2469 1738 Θεῷ,
2499 1669 2580 1722 ὅτι
2623 1667 2684 1719 οὐ
2724 1662 3070 1718 συνέκλεισεν
3116 1677 3174 1712 σε
3217 1661 3295 1720 εἰς
3329 1659 3427 1718 τὰς
3480 1655 3674 1723 χεῖρας

2096 1764 2203 1817 τῶν
2231 1761 2551 1832 θελημάτων
2603 1758 2702 1826 τῆς
2751 1756 2953 1827 σαρκδς
2989 1749 3225 1807 καίτοῦ
3269 1749 3524 1818 αἵματος,
3577 1745 3678 1796 καὶ

2093 1857 2201 1910 τῶν
2274 1848 2836 1923 προσασχολουμένων
2888 1847 3099 1908 τούτοις
3159 1839 3505 1912 φθοροποιῶν
3577 1838 3675 1890 καὶ

2095 1949 2424 2017 ἀκαθάρτων
2495 1944 2840 2013 ἀνθρώπων
2905 1939 3044 1994 ἀλλὰ.
3099 1933 3546 2002 κατησφαλίσατο
3603 1932 3673 2000 τῇ

2095 2039 2290 2096 ἐαυτοῦ
2319 2038 2485 2106 δεξιᾷ.
2525 2037 2684 2102 Μέγα
2713 2030 2809 2087 οὖν
2846 2031 3095 2097 ὲστινγὲν
3137 2026 3334 2098 ἁγνείᾳ
3371 2024 3554 2094 μένειν
3591 2022 3675 2084 εις

2095 2133 2192 2202 τὴν
2233 2131 2398 2200 τιμὴν
2447 2127 2548 2194 τῆς
2605 2124 2808 2196 σαρκὸς
2853 2121 2946 2174 τοῦ
2989 2119 3194 2188 Κυρίου
3235 2119 3291 2168 ἐν
3334 2111 3672 2181 ἀκαυχησίᾳ.

2109 2223 2236 2275 Ἐὰν
2279 2221 2386 2290 γὰρ
2445 2219 2810 2288 καυχήσηται,
2860 2211 3128 2265 ἀπώλετο.
3179 2209 3304 2278 ,Χρὴ
3343 2207 3398 2259 δὲ
3443 2205 3538 2258 καὶ
3571 2203 3674 2266 τὰς

2097 2313 2288 2375 λοιπὰς
2331 2310 2554 2379 ἀρετὰς,
2595 2305 2777 2367 καθὼς
2824 2304 3062 2372 εἴρηται,
3105 2300 3386 2366 ἀναλόγως
3427 2298 3572 2366 ἔχειν
3607 2298 3676 2367 τῇ

2099 2391 2386 2478 παρθενίᾳ.
2419 2403 2543 2455 Ὅτι
2587 2402 2620 2469 ἡ
2662 2397 2932 2469 παρθενία
2970 2395 3216 2462 ἅνωτέρα
3250 2394 3470 2446 πάντων
3504 2388 3676 2440 ἐστίν.

2101 2499 2374 2569 Παρθένος
2417 2496 2525 2566 γὰρ
2581 2495 2763 2564 μήτρα
2803 2489 3006 2558 ἐκύησε
3041 2488 3135 2540 τὸν
3179 2485 3310 2538 Θεὸν
3344 2484 3536 2551 Λόγον.
3580 2481 3688 2534 Ἐκ

2101 2589 2289 2645 τούτου
2319 2587 2485 2653 γνῶθι
2521 2587 2617 2654 τὴν
2669 2583 2826 2648 δόξαν
2856 2581 2884 2622 δ
2933 2580 3030 2647 τῆς
3075 2573 3399 2648 παρθενίας.
3449 2573 3513 2628 Οἱ
3568 2571 3683 2642 γὰρ

2103 2678 2491 2749 ἀφιεροὺμενοι
2521 2674 2598 2744 τῷ
2618 2673 2754 2744 Θεῷ,
2777 2671 3012 2742 μιμηταὶ
3035 2669 3128 2722 τοῦ
3148 2666 3386 2738 Χριστοῦ
3409 2665 3677 2732 γίνονται·

2105 2772 2270 2840 φησὶν
2321 2770 2465 2840 γάρ’
2503 2787 2521 2818 ι
2559 2752 2814 2834 Μιμηταί
2861 2780 2965 2832 μου
3003 2761 3250 2830 γίνεσθε,
3294 2756 3478 2818 καθὼς
3523 2752 3684 2820 κάγὼ

2074 2862 2364 2931 ’Χριστοῦ.
2389 2881 2407 2912 ι
2439 2861 2528 2912 Ἐν
2563 2858 2671 2927 γὰρ
2697 2859 2811 2919 τοῖς
2850 2853 3112 2917 τοιούτοις
3151 2850 3514 2920 φρονήμασιν,
3549 2844 3683 2914 φρό-

2107 2973 2256 3026 νημα
2289 2956 2488 3024 σαρκὸς
2534 2952 2632 3021 οὐχ
2682 2949 2938 3018 ὑπάρχει.
2977 2946 3099 3016 Χρὴ
3142 2943 3234 2996 οὖν
3267 2943 3418 3013 πάσῃ
3463 2937 3682 3006 φυλακῇ

2068 3091 2072 3095 .
2109 3049 2296 3118 τηρεῖν
2325 3045 2422 3114 τὴν
2440 3043 2634 3096 ἑαυτοῦ
2653 3039 2901 3110 καρδίαν,
2926 3037 3022 3090 καὶ
3046 3035 3170 3106 μηδ’
3191 3035 3329 3096 ὅλως
3361 3028 3687 3094 συνδυάζειρν

425 3156 588 3215 quam
630 3146 959 3202 ardentibus
1003 3148 1145 3202 votis
1185 3146 1442 3216 expetisti
1491 3154 1546 3198 et
1589 3145 1878 3208 adamasti,
1905 3146 2004 3198 ali-

2113 3140 2380 3211 παρθένον
2423 3137 2581 3208 om
2609 3135 2892 3187 νεανίσκου
2947 3130 3008 3183 τὸ
3059 3127 3321 3198 παράπαν
3351 3142 3366 3157 ο
3407 3127 3456 3178 εί
3498 3123 3554 3176 δὲ
3595 3123 3690 3176 καὶ

426 3237 648 3304 quando
675 3231 932 3306 potiaris,
968 3253 1031 3292 ac
1077 3237 1304 3306 palmari
1341 3235 1632 3291 redimitus
1677 3251 1904 3299 corona,
1949 3236 2002 3288 in

428 3331 576 3383 illam
610 3331 888 3384 cmlestent
914 3330 1215 3385 Jerusalem
1269 3327 1626 3382 celebricum
1648 3343 1844 3396 pompa
1877 3327 2008 3380 sub-

428 3421 650 3476 venaris
699 3422 894 3485 victor,
915 3423 1074 3492 cujus
1107 3419 1422 3475 obtinendae
1440 3420 1634 3490 gratia,
1656 3418 2005 3488 prudentiam

429 3515 572 3570 hanc
612 3515 799 3569 carnis
847 3532 877 3572 a
927 3525 977 3570 te
1024 3513 1342 3570 excussisti.
1375 3513 1542 3582 Atqui
1585 3513 1732 3575 vide,
1777 3513 2006 3580 gratiam

432 3613 538 3661 tua}
573 3606 737 3661 istius
765 3607 1142 3662 sanctimoniae
1181 3613 1243 3660 ut
1284 3604 1351 3660 ad
1381 3605 1477 3659 Dei
1514 3605 1743 3674 gloriam
1786 3605 2012 3666 referas,

429 3699 522 3766 qui
553 3697 780 3752 minime
821 3697 949 3753 sivit
991 3707 1045 3752 te
1088 3697 1142 3751 in
1178 3711 1368 3750 eorum
1419 3694 1636 3750 devolvi
1671 3703 1742 3748 et-
1760 3693 2014 3749 concludi

430 3806 650 3856 manus,
675 3791 769 3860 qui
800 3789 1142 3844 voluntatem
1169 3789 1396 3858 explent
1425 3786 1608 3840 carnis
1632 3795 1690 3840 et
1711 3785 2013 3856 sanguinis,

429 3895 488 3939 et
531 3885 598 3938 ad
645 3883 762 3939 hate
800 3883 1133 3954 corruptelae
1162 3888 1330 3950 atque
1369 3878 1624 3934 obscena:
1659 3876 2017 3947 turpitudinis

430 3992 600 4046 Opera
626 3977 724 4032 toti
760 3975 1136 4046 propendent;
1171 3973 1265 4030 sed
1309 3981 1362 4026 te
1398 3986 1495 4026 sua
1527 3971 1750 4026 dextera
1781 3984 2017 4039 praemu-

430 4063 590 4118 nivit.
624 4063 876 4134 Magnum
908 4063 1070 4132 plane
1101 4061 1290 4127 fuerit,
1322 4061 1368 4115 si
1396 4061 1535 4116 citra
1573 4059 1918 4130 iactantiam,
1946 4058 2014 4112 ad

432 4154 700 4210 honorem
731 4155 907 4210 solum
941 4153 1241 4208 Dominicae
1271 4153 1476 4220 carnis,
1499 4159 1768 4224 perpetuo
1800 4159 1852 4204 te
1883 4164 2018 4204 con-

434 4247 666 4302 tinueris
695 4247 750 4301 in
794 4247 1162 4302 sanctimonia
1193 4260 1256 4300 ac
1285 4245 1546 4315 puritate.
1577 4235 1840 4312 Quisquis
1875 4242 2018 4296 inte-

433 4341 538 4394 rim
585 4341 658 4395 ob
701 4356 820 4395 eam
862 4339 1127 4410 gloriatus
1154 4339 1245 4395 hic
1277 4337 1466 4402 fuerit,
1503 4337 1596 4392 isti
1632 4335 2020 4406 intercipietur

435 4432 649 4487 fructus
678 4405 956 4486 cinnis'ac
985 4431 1250 4500 deperiet.
1281 4431 1546 4490 Proinde.
1575 4437 1634 4482 ut
1655 4428 1768 4498 jam
1813 4405 2019 4480 dictum
2053 4405 2100 4463 ί)

2113 3231 2410 3302 εὑρεθῶσιν
2448 3226 2800 3302 πρεσϐύτιδες
2839 3223 3206 3294 ἱεροπρεπεῖς,
3255 3219 3350 3272 καὶ
3383 3215 3553 3286 χρεία·
3581 3229 3691 3266 πα-

2116 3326 2410 3397 ραθέσεως,
2465 3321 2678 3390 είλῆσαι
2724 3318 2822 3380 τὰς
2874 3315 3081 3370 ἑαυτῶν
3125 3317 3313 3383 χεῖρας
3351 3309 3430 3378 τῷ
3481 3306 3694 3360 ἑαυτῶν

2119 3396 2336 3486 ίματίῳ.
2369 3413 2600 3484 Ὁμοίως
2626 3412 2684 3464 δὲ
2717 3411 2812 3464 καὶ
2835 3409 2883 3463 οἱ
2911 3407 3121 3476 ἄνδρες,
3145 3404 3280 3475 μετὰ
3309 3399 3491 3462 αἰδοῦς
3515 3396 3696 3470 ὀρθῶς

2121 3509 2407 3577 βλέποντες
2438 3503 2730 3572 σωφρόνως
2759 3516 2817 3552 τε
2861 3500 2954 3551 καὶ
3001 3494 3212 3566 σεμνῶς
3252 3495 3311 3545 ἐν
3345 3490 3558 3559 Κυρίῳ,
3594 3487 3695 3550 τὰς

2113 3599 2320 3654 ἑαυτῶν
2341 3595 2518 3660 δεξιὰς.-
2552 3591 3110 3663 περικεκαλυμμὲνας
3138 3586 3348 3655 ἔχοντες
3373 3581 3452 3651 τῷ
3481 3579 3692 3634 ἑαυτῶν

2115 3691 2335 3762 ίματίῳ,
2382 3685 2856 3760 ἀποχωρισθῶσιν.
2911 3681 3024 3752 Πρδ
3070 3679 3127 3732 δὲ
3183 3677 3404 3731 πάντων
3447 3673 3554 3744 χρὴ
3598 3671 3696 3762 τῂν

2116 3761 2386 3852 παρθένον
2417 3777 2494 3848 τῷ
2525 3775 2688 3845 ἐλαίῳ
2723 3774 2818 3844 τῆς
2851 3771 3098 3832 εὐποιίας
3143 3765 3562 3832 κατακοσμῆσαι
3597 3761 3695 3826 τὴν

2115 3850 2315 3940 ἑαυτῆς
2346 3869 2624 3939 λαμπάδα,
2681 3866 2766 3918 ἵνα
2824 3865 2900 3932 μὴ
2941 3859 3176 3930 στερηθῇ
3229 3856 3404 3928 χαρᾶς
3437 3850 3694 3922 νυμφίου,

2115 3965 2208 4016 καὶ
2249 3960 2611 4032 εὐφροσύνης,
2655 3957 2800 4011 κατὰ
2837 3955 2936 4027 τὴν
2978 3951 3296 4022 παραθολὴν
3332 3947 3427 4004 τοῦ
3467 3945 3694 4031 ῐςυρίου.

2121 4076 2138 4109 ι
2177 4057 2300 4108 Ὂτι
2331 4055 2388 4106 αἱ
2433 4052 2686 4122 φρόνιμοι
2733 4047 2925 4102 ἔλαῦον
2967 4045 3142 4098 ἔλαιον
3189 4045 3245 4094 ἐν
3291 4042 3404 4103 τοῖς
3451 4035 3697 4106 ἀγγείοις

2115 4144 2316 4207 αὐτῶν,
2349 4163 2366 4194 ι
2407 4143 2504 4196 καὶ
2539 4139 2890 4209 συνεισῆλθον
2922 4137 3000 4208 τῷ
3039 4133 3405 4205 mxumam,
3438 4129 3695 4199 νυμφίῳ·

2121 4259 2141 4290 ι
2178 4238 2286 4291 Καὶ
2317 4235 2681 4304 ἐκλείσθησαν
2713 4232 2769 4286 αἱ
2823 4230 3006 4302 θύραι.
3039 4249 3056 4280 ι
3100 4229 3210 4282 Καὶ
3240 4227 3569 4296 ἀπήλαυσαν
3599 4220 3702 4291 τῆς

2115 4331 2289 4403 χαρᾶς
2321 4327 2488 4382 αὐτοῦ
2518 4325 2778 4388 αἱωνίως.
2828 4321 2984 4394 Αὑτῷ
3004 4323 3037 4393 ἡ
3059 4321 3186 4387 δόξα
3210 4321 3288 4383 είς
3315 4319 3442 4381 τοὺς
3471 4315 3701 4377 αἰῶνας.

2139 4420 2341 4490 Ἀμήνο

437 4536 542 4590 est,
591 4542 815 4580 necesse
843 4527 933 4590 sit,
968 4527 1066 4580 tibi
1111 4533 1173 4580 ut
1203 4525 1463 4580 concilies
1496 4525 1733 4577 virtutes
1771 4519 2013 4589 reliquas
2051 4532 2173 4588 qua:
2237 4531 2336 4570 sua
2401 4512 2756 4584 proportione
2795 4509 3026 4563 comites
3067 4505 3314 4560 assident
3353 4503 3448 4557 uni
3475 4500 3708 4573 virgini-

439 4621 568 4683 tati;
603 4620 718 4688 ipsa
747 4621 893 4673 enim
936 4621 1258 4674 sublimiore
1325 4619 1498 4690 gradu
1562 4625 1789 4674 creteras
1831 4613 2233 4686 antegreditur.
2269 4611 2328 4664 In
2381 4617 2541 4664 utero
2583 4607 2859 4678 siquidem
2899 4602 3144 4674 Virginis
3189 4599 3286 4654 Dei
3312 4598 3554 4654 Verbum
3599 4598 3704 4654 sibi

441 4713 778 4766 domicilium
805 4713 1025 4783 delegit,
1059 4729 1124 4768 ac
1163 4713 1519 4767 mansitavit:
1553 4729 1660 4782 qua
1697 4727 1805 4766 una
1833 4725 1901 4765 ex
1961 4723 2022 4763 re
2083 4720 2317 4776 agnosce
2386 4711 2591 4772 quanta
2638 4700 2959 4772 praepolleat
2986 4697 3156 4770 gloria
3199 4694 3508 4768 virginitas.
3537 4691 3707 4760 Quot-

441 4819 578 4877 quot
619 4817 799 4862 autem
844 4824 902 4862 se
937 4823 1262 4864 consecrant
1330 4810 1462 4873 Deo,
1505 4808 1790 4862 Christum
1857 4819 2084 4858 necesse
2120 4809 2206 4858 est
2251 4797 2559 4853 imitentur.
2584 4796 2673 4854 Ait
2712 4795 2858 4850 enim
2901 4794 3147 4850 Paulus:
3185 4811 3204 4843 ι
3244 4791 3560 4846 Imitatores
3602 4786 3707 4841 mei

441 4909 640 4967 estote,
671 4901 814 4956 sicut
841 4909 896 4956 et
924 4916 1028 4972 ego
1054 4901 1258 4956 Christi
1286 4903 1351 4955 ⁷³.
1397 4902 1494 4956 »1η
1529 4901 1729 4956 talibus
1758 4897 2010 4969 proinde.
2054 4911 2122 4950 ne
2145 4891 2434 4962 vestigium
2461 4890 2685 4959 quidem
2711 4886 2968 4942 invenire
3013 4887 3088 4942 sit
3149 4881 3463 4956 prudentiae
3502 4879 3706 4935 carnis.

445 4998 588 5054 Sane
618 4997 766 5050 omni
797 4985 1293 5066 circumspectione
1329 4996 1737 5066 providendum
1756 5003 1851 5048 est
1873 4991 2082 5063 proprii
2136 4988 2321 5044 cordis
2369 4985 2652 5048 custodiae,
2714 4999 2818 5039 nec
2886 4982 2991 5038 sibi
3037 4981 3146 5036 ulla
3206 4992 3435 5056 prorsus
3497 4976 3711 5031 ratione

444 5092 727 5161 permittat
762 5090 934 5161 virgo,
967 5105 1090 5143 cum
1121 5089 1530 5145 adolescentulo
1597 5089 1812 5158 quovis,
1885 5094 1946 5140 ut
1985 5083 2192 5154 aliquid
2220 5079 2592 5154 communicet
2618 5086 2672 5132 et
2697 5077 2980 5146 conspiret
3037 5073 3246 5129 arcani.
3269 5071 3524 5140 Virgines
3581 5082 3712 5122 veno

446 5191 862 5246 consecratione
890 5191 986 5246 Dei
1017 5189 1380 5252 venerabiles,
1442 5186 1534 5240 sed
1570 5193 1624 5239 et
1687 5193 1846 5245 :etate
1892 5179 2286 5252 provectiores,
2369 5176 2422 5228 in
2465 5189 2634 5228 unum
2679 5173 2723 5226 si
2786 5170 3200 5239 comperientnr
3234 5165 3583 5226 convenisse,
3619 5177 3712 5215 ne-

449 5285 674 5338 cessitas
701 5286 926 5355 insuper
950 5295 1170 5356 appetat
1209 5281 1632 5338 administrandi
1702 5278 1925 5340 ferculi;
1994 5290 2092 5328 vos
2125 5273 2482 5342 virgunculm.
2533 5281 2728 5322 manus
2771 5273 2980 5320 vestras
3025 5279 3126 5318 suo
3157 5276 3388 5332 qumque
3437 5259 3714 5356 obvolvite

451 5378 690 5444 palliolo.
726 5378 878 5432 iland
926 5350 1084 5432 secus
1130 5377 1266 5430 viris
1309 5374 1548 5429 arbitror
1595 5371 1925 5434 faciendum,
1968 5379 2026 5422 ut
2063 5383 2186 5423 cum
2247 5365 2456 5436 pudore
2525 5373 2671 5417 recta
2709 5368 3056 5420 contuentes.
3090 5368 3240 5412 caste
3285 5361 3342 5410 et
3383 5353 3632 5408 modeste
3661 5350 3713 5402 in

452 5469 684 5524 Domino
705 5487 830 5524 suas
858 5471 1098 5540 ipsorum
1129 5486 1320 5522 manus
1341 5469 1726 5522 circumtectas
1785 5474 1905 5532 toga
1949 5477 2072 5514 cum
2112 5457 2432 5520 habuerint,
2463 5455 2574 5509 iliic
2603 5453 2884 5508 secedant.
2918 5451 3128 5522 1062
3155 5447 3263 5503 Sed
3291 5456 3346 5502 et
3373 5454 3501 5500 ante
3530 5442 3712 5498 omnia

528 5625 572 5654 τι
604 5625 620 5654 1
657 5625 764 5654 Ρη..

604 5625 620 5677 1
657 5624 782 5678 Cor.
817 5642 889 5690 χι,
929 5626 980 5677 l.

1745 5707 1977 5765 VARH".
2021 5702 2426 5762 LECTIONES.

539 5816 560 5842 ι
594 5805 804 5860 ἐλπίδα.
883 5819 906 5846 α
943 5803 1282 5876 πομπεύσῃς.
1352 5804 1381 5844 ι’
1404 5805 1646 5874 ἁγνείαν.
