4020 6146
421 357 556 418 15θῖ

1685 352 2052 412 ANTIOCHI
2090 353 2434 413 MONACHI

3530 351 3670 418 1504

415 467 720 520 destinatos
752 466 798 498 ”
831 505 846 518 .
884 484 902 518 ι
969 465 1037 520 Et
1089 462 1266 518 illud:
1319 481 1338 514 ι
1375 463 1487 516 Nos
1545 461 1698 518 stulti
1763 470 1988 532 propter

2100 463 2256 530 ἐγγὺς
2279 463 2444 516 αὐτοῦ
2476 465 2638 540 εἰσιν,
2689 461 3020 532 Φοϐηθῶμεν
3071 455 3163 513 οὖν
3215 460 3283 514 τὸ
3333 463 3510 531 κρῖμα
3562 467 3671 514 τῶν

412 556 694 608 lilii-istum
725 555 794 606 θ’).
839 573 858 604 ι
899 551 1086 606 Satius
1117 551 1306 620 igitur,
1327 558 1388 602 ut
1409 548 1572 602 sileas
1603 556 1658 602 et
1686 547 1798 611 sis;
1826 561 1992 616 quam

419 656 479 700 ut
505 643 768 714 loquaris,
793 659 896 696 nec
931 643 1153 696 interim
1181 641 1278 695 sis.
1311 640 1634 708 Egregium,
1675 638 1868 702 fateor,
1909 647 1994 692 est

415 737 634 796 docere,
670 734 835 786 orndo
859 747 982 801 qum.
1005 733 1130 800 quis
1163 733 1318 792 dicit,
1351 731 1532 784 faciat.
1587 731 1797 799 1063
1849 728 1991 784 Sane

421 843 560 880 unus
594 825 709 883 fuit
741 827 1018 892 magister,
1057 825 1174 893 qui,
1196 809 1334 892 quie-
1356 823 1515 881 dixit,
1551 823 1680 876 fecit
1711 840 1723 875 :
1759 838 1880 875 nam
1906 823 1991 876 vel

421 929 606 972 Iacens
657 919 817 986 digna
841 917 1008 986 gessit
1038 918 1198 969 Patre
1249 931 1370 969 suo.
1424 915 1527 980 Qui
1585 915 1816 966 verbum
1863 913 1992 968 Jesu

410 1009 617 1064 illiristi
659 1026 826 1078 penes
852 1024 911 1062 se
944 1017 1096 1065 tenet
1119 1024 1183 1061 ae
1208 1007 1458 1062 recondit
1487 1006 1778 1074 (siquidem
1812 1004 1993 1073 perfe-

419 1111 542 1154 ctus
568 1101 678 1167 jam
707 1108 837 1162 est),
861 1114 986 1151 vere.
1019 1098 1062 1150 is
1100 1105 1280 1166 potest
1329 1097 1411 1150 vel
1468 1097 1750 1148 silentium
1787 1093 1993 1149 Christi

419 1192 747 1257 intelligere,
783 1207 951 1259 usque
979 1191 1116 1243 adeo
1149 1198 1208 1242 ut
1246 1204 1343 1257 per
1371 1204 1435 1242 ea
1467 1204 1586 1256 quae
1616 1187 1838 1241 silentio
1865 1202 1992 1254 prc-

423 1283 518 1335 mit
557 1282 829 1342 Christus,
862 1298 920 1336 se
957 1291 1136 1335 tamen
1171 1280 1365 1350 prodat
1387 1288 1442 1333 et
1469 1287 1817 1347 agnoscatur.
1845 1277 1992 1331 Nihil

425 1374 633 1441 uspiam
659 1373 910 1442 estquod
951 1373 1164 1426 Domini
1209 1373 1380 1441 fugiat
1417 1371 1810 1440 cognitionem,
1859 1369 1996 1438 quin

422 1478 622 1520 arcana
679 1469 921 1534 pectoris
963 1467 1132 1519 vestri
1178 1467 1234 1518 in
1263 1465 1565 1533 conspicuo
1601 1462 1680 1518 illi
1709 1471 1837 1516 sunt
1871 1478 1999 1532 pro—

423 1554 586 1608 xime.
652 1556 928 1610 .lndicium
969 1557 1156 1626 itaque
1179 1557 1326 1626 quod
1355 1565 1538 1610 manet
1562 1556 1818 1609 doctores
1848 1557 1997 1624 ejus-

423 1646 594 1710 modi,
624 1655 892 1702 terrorem
913 1649 1072 1702 nobis
1100 1649 1349 1702 incutiat.
1379 1647 1764 1700 Abundantius
1792 1647 1996 1699 etenim

417 1733 685 1802 judicium
737 1736 805 1790 iis
830 1738 1196 1806 imminetqui
1233 1753 1354 1806 quae
1375 1737 1588 1798 dicunt,
1623 1751 1732 1790 non
1766 1736 1996 1798 faciunt,

2091 553 2445 608 διδασκάλων.
2469 553 2865 625 Περισσὸτερον
2893 552 3002 618 γάρ
3044 552 3162 604 ἐστι
3218 552 3328 604 τῶν
3382 552 3668 619 λεγόντων,

2095 645 2187 696 καὶ
2242 644 2316 714 μὴ
2372 644 2690 704 ποιούντων,
2724 643 2786 696 τὸ
2820 634 2997 713 κρῖμα
3028 659 3042 674 ο
3079 641 3434 712 ψευδώνυμον
3468 641 3674 710 γνῶσιν

2092 735 2470 798 διδασκόντων,
2505 738 2600 789 καὶ
2635 735 3051 805 ἐμϐατευόντων
3071 737 3216 802 εἰκῆ,
3247 735 3338 786 καὶ⁵
3371 735 3670 801 φυσιουμέ-

2093 843 2200 878 νων
2229 827 2334 878 ἀπὸ
2371 827 2468 879 τοῦ
2508 827 2627 887 νοὸς
2654 827 2753 892 τῆς
2773 826 2999 895 -σαρκὸς
3019 868 3034 886 ,
3081 825 3296 892 τυφλῶν
3323 827 3552 893 τυφλοὺ-
3587 826 3675 880 ὁδ-

2092 917 2391 983 ηγούιτων,
2429 920 2524 971 καὶ
2577 919 2902 987 ἀμφοτέρων
2961 920 3039 980 εἰς
3089 919 3310 987 βόθυνον
3343 919 3670 973 πιπτόντων.

2108 1009 2201 1062 Ἐκ
2230 1011 2338 1080 γὰρ
2370 1011 2550 1074 ἐξόδου
2572 1011 2730 1077 λόγου
2761 1011 2910 1081 αὐτῷ
2941 1013 3315 1078 γνωςθήσεται
3347 1014 3503 1082 ἀνὴρ.
3537 1013 3684 1082 Περὶ,

2095 1092 2170 1152 ὧν
2203 1101 2295 1154 καὶ
2318 1103 2346 1152 ὁ
2381 1103 2432 1152 Ἀ
2446 1101 2698 1162 πόστολός
2729 1118 2894 1170 φησιν
2921 1117 2934 1132 ⁸
2980 1121 2996 1151 ι
3031 1097 3187 1154 Οὗτοί
3231 1105 3368 1154 εἰσιν
3392 1105 3669 1170 ἀκρατεῖς,

2095 1191 2385 1260 ἀνήμεροι,
2422 1191 2773 1259 ἀφιλάγαθοι,
2825 1193 3101 1262 προδόται,
3157 1197 3467 1260 προπετεῖς,
3515 1210 3670 1246 τετυ-

2098 1284 2356 1348 φωμένοι.
2385 1283 2660 1352 φιλήδονοι
2695 1284 2896 1352 μᾶλλον
2945 1284 2976 1353 ἥ
3018 1285 3275 1351 φιλόθεοι.
3313 1303 3333 1336 ι
3366 1285 3520 1337 Καὶό
3544 1303 3674 1353 προ-

2097 1374 2266 1442 πετὴς
2307 1375 2505 1438 Ἰούδας
2542 1379 2570 1428 6
2610 1377 2967 1444 Ἰσκαριώτης
3006 1377 3189 1444 ἔλεγεν
3215 1394 3231 1410 ο
3266 1397 3286 1429 ε
3310 1377 3409 1431 Διά
3435 1378 3487 1435 τί
3518 1377 3674 1431 τοῦτο

2096 1465 2158 1518 τὸ
2211 1465 2380 1536 μύρον
2426 1469 2525 1520 οὐκ
2585 1468 2800 1537 ἐπράθη
2857 1470 3185 1538 τριακοσίων
3233 1459 3525 1540 δηνάρῐων,
3579 1469 3674 1522 καὶ

2098 1553 2254 1623 ἐδόθη
2287 1558 2566 1624 πτωχοῖςς
2607 1553 2744 1608 Εἷπε
2803 1555 2864 1608 δὲ
2905 1558 3062 1608 τοῦτο
3113 1558 3212 1627 οὐχ
3267 1559 3349 1610 ὅτι
3393 1557 3523 1623 περὶ
3567 1560 3678 1610 τῶν

2098 1645 2328 1713 πτωχῶν
2363 1646 2564 1714 ’ἡμελεν
2599 1645 2767 1714 αὐτῷ,
2794 1645 2906 1698 ἀλλ’
2943 1648 3027 1699 ὅτι
3058 1648 3296 1716 κλέπτης
3325 1644 3394 1717 ἦν
3420 1665 3435 1680 ο
3467 1646 3588 1718 [καὶ
3613 1647 3676 1700 τὺ

2098 1738 2483 1806 γλωσσόκομον
2499 1735 2661 1806 εἶχεν,
2679 1742 2772 1790 καὶ
2789 1740 2853 1792 τὰ
2876 1742 2897 1792 ὲ
2909 1739 3254 1808 μϐαλλόμενα
3274 1738 3622 1812 ἐϐάσταζεν]
3651 1759 3671 1791 ι

421 1823 685 1880 docentes
713 1828 833 1882 falsi
866 1830 1106 1884 nominis
1129 1830 1436 1893 scientiam,
1467 1831 1619 1882 nullo
1647 1829 1824 1882 fructu
1846 1843 2000 1882 suam

2103 1830 2317 1883 Μᾶλλον
2340 1831 2396 1882 δέ
2425 1830 2687 1892 ἄσπονδος
2714 1831 2810 1894 ὢν,
2834 1832 3067 1900 ἀθέμιτα
3094 1833 3272 1886 ἐλάλει
3305 1834 3583 1902 πρέποντα
3609 1835 3674 1902 τῇ

423 1917 729 1974 doctrinam
753 1921 1009 1986 ferentes,
1034 1932 1090 1976 at
1124 1923 1340 1976 interim
1372 1937 1534 1976 sensu
1563 1921 1746 1996 carnis
1793 1920 2002 1975 exube-

425 2022 610 2064 rantes
640 2026 703 2065 ac
728 2013 1062 2083 praeturgidi.
1121 2014 1259 2068 Caeci
1319 2029 1444 2068 cmn
1495 2013 1625 2076 sint,
1678 2013 1822 2065 viam
1865 2026 2002 2080 pra:-

425 2108 646 2155 struunt
671 2103 849 2165 caecis,
888 2115 946 2156 ut
974 2105 1192 2172 utrique
1239 2104 1294 2158 in
1345 2103 1554 2158 foveam
1617 2103 1814 2157 abeant
1865 2117 2004 2170 prae-

423 2193 620 2262 cipites
647 2195 691 2227 ⁹¹
722 2213 736 2260 ;
762 2195 830 2249 ab
861 2195 1012 2250 exitu
1041 2196 1188 2248 enim
1217 2197 1490 2250 sermonis
1515 2195 1598 2248 sui
1637 2201 2002 2262 cognoscctur

2103 1919 2264 1972 αὐτοῦ
2313 1920 2526 1990 γνώμῃ.
2591 1919 2653 1972 '0
2695 1921 2770 1972 .δέ-
2818 1921 3168 1990 μακρόθυμο;
3205 1921 3403 1990 Κύριος
3441 1923 3474 1974 6
3501 1924 3676 1975 πάντα

2064 2018 2073 2026 ·
2103 2007 2305 2077 φέρων,
2337 2009 2552 2072 ἕλε-(ενδ
2583 2027 2602 2058 ι
2645 2009 2845 2074 Ἅφετε
2877 2010 3068 2080 αὐτὴν,
3104 2011 3184 2072 είς
3212 2010 3308 2078 τὴν
3339 2011 3554 2080 ἡμέραν
3583 2011 3676 2064 τοῦ

2103 2099 2474 2168 ἐνταφιασμοῦ
2510 2117 2610 2168 μου
2657 2102 2958 2170 τετήρηκεν
3001 2101 3152 2154 αὑτό.
3197 2118 3216 2152 ι
3254 2100 3417 2170 Αὐτῷ
3467 2102 3502 2173 ἠ
3551 2101 3678 2168 δόξα

2101 2195 2181 2254 εἰς
2207 2193 2334 2253 τοὺς
2365 2191 2588 2251 αἰῶνας.
2636 2191 2828 2260 Ἀμήν.

423 2285 532 2339 vir.
594 2288 700 2342 Eos
754 2289 848 2359 qui
901 2291 1036 2343 tales
1084 2297 1234 2351 sunt,
1289 2289 1606 2358 perstringit
1655 2287 1990 2355 Apostolus:
2037 2303 2056 2336 ‹
2091 2286 2154 2340 Hi
2187 2292 2318 2340 sunt
2382 2284 2808 2346 incontinentes,
2871 2281 3128 2348 immites,
3163 2281 3282 2336 sine
3318 2279 3674 2350 benignitate,

426 2375 754 2444 proditores,
813 2380 1079 2447 protervi,
1143 2377 1337 2440 inflati,
1390 2379 1735 2446 voluptatum
1789 2387 2062 2430 amatores
2101 2377 2274 2444 magis
2299 2390 2464 2444 quam
2491 2375 2582 2427 Dei
2609 2375 2675 2424 ⁸³.
2713 2391 2732 2424 ι
2765 2373 2870 2427 Sed
2902 2384 2959 2427 et
2987 2373 3213 2428 effrenis
3246 2372 3338 2427 ille
3379 2373 3568 2442 lingua
3616 2387 3678 2428 ac

423 2467 1010 2534 prazpmperusludas.
1033 2480 1401 2536 cognomento
1449 2468 1756 2524 lscariotes.
1782 2466 2000 2520 dicebat
2041 2483 2054 2518 :
2101 2483 2119 2514 ι
2159 2465 2360 2534 thuid
2421 2473 2762 2534 unguentum
2791 2464 2897 2518 hoc
2931 2479 3039 2518 non
3065 2463 3254 2520 veniit,
3286 2464 3548 2518 trecentis
3587 2461 3681 2517 de-

424 2556 616 2620 nariis,
668 2565 726 2610 et.
771 2557 958 2611 datum
983 2567 1065 2614 est
1101 2559 1476 2628 pauperibus?
1506 2559 1644 2613 dixit
1707 2569 1891 2611 autem
1959 2557 2064 2610 hoc
2101 2571 2210 2608 non
2246 2556 2390 2623 quod
2444 2570 2715 2624 pauperes
2763 2555 2996 2610 haberet
3041 2572 3208 2629 curae,
3265 2557 3358 2611 sed
3407 2555 3538 2624 quia
3592 2552 3679 2606 fur

422 2656 546 2702 erat
572 2650 657 2702 ":
696 2668 714 2700 ι
757 2651 940 2718 potius
992 2667 1148 2716 vero,
1186 2653 1549 2722 implacabilis
1585 2667 1710 2706 cum
1763 2657 1929 2714 esset,
1972 2665 2084 2703 suae
2125 2649 2371 2718 tegenda:
2433 2648 2728 2709 voluntati.
2767 2649 3016 2719 quaedam
3078 2650 3133 2704 in
3190 2649 3428 2719 speciem
3479 2648 3678 2702 decen-

428 2745 501 2798 tia
549 2746 880 2812 [ιι-περιοῦσι
927 2747 1092 2802 homo
1139 2734 1502 2802 nefari'us.At
1563 2747 1828 2802 Dominus
1892 2743 2283 2816 longanimiter
2343 2753 2538 2797 cuncta
2593 2743 2709 2798 haec
2773 2744 3078 2812 perferens.
3124 2729 3418 2814 respondit
3455 2738 3676 2796 mitissi-

425 2851 549 2893 mus
575 2855 590 2892 :
620 2855 638 2892 ι
677 2839 852 2894 Sinite
881 2856 1024 2907 eam,
1049 2843 1105 2896 in
1121 2841 1267 2897 diem
1285 2843 1584 2910 sepulturae
1601 2856 1734 2896 mete
1753 2840 1995 2896 servavit
2032 2839 2136 2893 sibi
2167 2837 2236 2892 ’³.
2275 2856 2292 2889 ι
2331 2837 2441 2907 ipsi
2474 2837 2650 2908 gloria
2671 2837 2725 2890 in
2749 2838 2968 2892 saecula.
2997 2836 3192 2892 Amen.

953 2952 1236 3007 HOMILIA
1278 2953 1474 3008 XXIII.

1093 3063 1172 3118 De
1227 3067 1332 3118 ira.

496 3173 732 3228 Necesse
783 3175 854 3230 sit
922 3191 1030 3232 non
1081 3177 1420 3231 mediocrem
1477 3179 1583 3241 vim
1637 3178 1741 3232 sibi
1805 3178 2007 3234 inferat

429 3265 596 3322 homo
649 3276 708 3322 et
757 3268 1053 3332 eluctelur,
1109 3268 1483 3324 turbulentam
1540 3269 1682 3323 hanc
1722 3278 1781 3324 ut
1828 3269 2006 3328 frenet

428 3361 775 3416 affectionem
827 3361 942 3426 ine,
995 3361 1222 3431 vimque
1267 3363 1460 3417 animae
1499 3363 1727 3416 adiram
1765 3378 2002 3432 propen-

428 3450 650 3508 dentem
707 3461 764 3506 ut
813 3453 1096 3508 contineat
1147 3453 1202 3506 in
1249 3453 1428 3510 oﬁicio
1499 3469 1596 3523 per
1637 3453 2004 3524 longanitnem

432 3546 796 3608 tolerantiam,
814 3561 912 3616 per
930 3547 1257 3607 orationem,
1277 3562 1340 3601 ac
1357 3547 1442 3600 sui
1455 3561 1616 3614 quam
1641 3547 2004 3601 lnunillimam

429 3635 817 3708 dejectionem,
871 3637 1008 3692 adeo
1058 3647 1120 3692 nt
1147 3654 1206 3693 se
1245 3654 1345 3692 nec
1368 3637 1799 3706 fucatcjudicel,
1826 3619 1916 3708 qui
1951 3639 2004 3692 in

426 3728 662 3786 aliorum
694 3741 864 3784 censu
913 3739 1259 3794 muneretur,
1313 3745 1435 3783 esse
1483 3729 1787 3799 indignum.
1841 3730 2006 3784 lnnuo

433 3819 597 3874 meris
627 3819 897 3889 siquidem
930 3821 1112 3874 modis
1145 3822 1238 3876 irze
1277 3822 1530 3874 incentor
1557 3819 1648 3890 hic
1677 3820 1910 3884 dmtnon,
1943 3835 2006 3876 ac

432 3907 756 3962 multiformi
783 3907 1038 3961 conflictu
1071 3907 1346 3961 hominem
1373 3906 1622 3960 adoritur
1637 3913 2002 3976 etoppuguat,

427 4015 528 4055 eos
569 4000 910 4069 potissimum
950 4001 1042 4070 qui
1085 4001 1150 4054 ad
1185 4000 1564 4057 sustinendum
1601 4014 1830 4070 agonem
1861 3997 2006 4052 hunc

431 4089 491 4144 in
528 4090 812 4159 procinctu
841 4093 950 4158 jam
977 4100 1104 4144 sunt
1136 4109 1148 4143 :
1183 4099 1244 4144 ut
1297 4107 1436 4160 quos
1492 4091 1698 4159 ingenti
1754 4103 1877 4142 cum
1933 4088 2008 4140 la-

431 4179 564 4236 bore
598 4183 851 4250 congeris
881 4182 1112 4246 fructus,
1149 4183 1266 4236 sive
1293 4183 1524 4250 jeinnio,
1556 4181 1670 4235 sive
1719 4179 2006 4250 pervigilio

431 4275 632 4335 noctis,
662 4277 908 4330 oratione
953 4285 1008 4330 et
1058 4275 1440 4330 deeantationc
1495 4273 1850 4344 psalmorum,
1913 4279 2007 4324 aut

430 4376 580 4422 certe
643 4367 1060 4422 adininistrandi
1111 4367 1332 4432 ollicio,
1384 4365 1453 4419 ad
1506 4381 1674 4429 unum
1727 4363 2005 4432 dispergat

2029 3086 2076 3150 α
2135 3083 2142 3090 ,

2703 2952 2921 3005 ΛΟΓΟΣ
2955 2952 3080 3006 Kl".

2421 3147 2430 3155 .
2698 3060 2838 3129 Περὶ
2887 3057 3093 3130 ὀργῆς.

2175 3174 2448 3242 Μεγάλως
2479 3174 2622 3251 θέλει
2653 3173 2944 3242 βιάσασθαι
2970 3173 3260 3243 ἄνθρωπος
3287 3174 3382 3230 τοῦ
3407 3177 3681 3247 κρατῆσαι

2103 3265 2200 3340 τοῖς
2237 3266 2446 3327 πάθους
2474 3267 2575 3334 τῆς
2603 3265 2796 3336 ὀργῆς,
2831 3267 2926 3318 καὶ
2973 3265 3330 3318 καταστεῖλαι
3369 3265 3461 3318 τὸν
3511 3265 3682 3334 θυμὸν

2103 3353 2206 3422 τῆς
2233 3355 2409 3424 ψυχῆς
2433 3355 2519 3408 διὰ
2553 3353 2951 3424 μακροθυμίας.
2971 3353 3038 3406 δι’
3059 3351 3382 3417 ἐπιεικείας,
3399 3353 3487 3406 διὰ
3511 3369 3680 3422 προσ-

2104 3447 2270 3514 ευχῆς
2316 3447 2410 3498 καὶ
2459 3445 2882 3507 ταπεινώσεως·
2936 3445 3029 3496 καὶ
3062 3447 3119 3498 ἐν
3174 3445 3336 3497 παντὶ
3367 3445 3512 3512 ἔχειν
3543 3444 3678 3496 ἐαυ-

2103 3535 2194 3587 τὶν
2229 3535 2554 3604 etiamm».
2591 3535 2732 3588 Πολὺ
2765 3537 2874 3607 γὰρ
2929 3535 3158 3602 πολεμεῖ
3203 3539 3230 3588 6
3273 3535 3480 3603 δαίμων
3527 3527 3682 3598 οὗτος

2104 3630 2202 3698 τῆς
2227 3629 2396 3698 ὀργῆς
2419 3629 2510 3682 τὸν
2535 3629 2838 3699 ἄνθρωπον.
2867 3628 3006 3680 κατὰ
3029 3627 3255 3688 πολλοὺς
3275 3627 3398 3689 τοὺς
3421 3627 3677 3693 τρόπους,

2109 3720 2342 3792 μάλιστα
2399 3721 2523 3782 τοὺς
2567 3719 2925 3790 βουλομένους
2981 3718 3364 3794 ἀγωνίζεσθαι.
3423 3719 3540 3772 Ἵνα
3588 3712 3682 3770 οὖν

2109 3813 2312 3883 συνάγῃ
2342 3813 2588 3884 καρποὺς
2617 3811 2753 3879 μετᾶ
2785 3809 2978 3863 πολλοῦ
3015 3811 3282 3876 καμάτου,
3308 3809 3419 3862 εἴτε
3460 3807 3548 3861 διὰ
3596 3824 3681 3878 νη·

2109 3903 2298 3954 στειῶν
2331 3903 2421 3954 καὶ
2469 3900 2804 3970 ἀγρυπνιῶν,
2836 3899 2868 3969 ἦ
2901 3900 2986 3951 διὰ
3019 3897 3334 3968 προσευχῶν
3376 3899 3469 3950 καὶ
3497 3897 3681 3966 ψαλμ·

2103 3992 2296 4061 ῳδιῖῦν,
2349 3991 2494 4061 ἣδιά
2537 3979 2844 4050 διακονιῶν,
2884 3989 2972 4056 ὑφ’
3021 3987 3078 4040 ἓν
3131 3987 3414 4056 σκορπίσει
3465 3987 3678 4050 αὐτοὺς,

2109 4083 2345 4152 μάλιστα
2401 4081 2494 4136 ἐὰν
2523 4081 2608 4152 ἴδῃ
2641 4080 2762 4132 τινὰ
2801 4079 2996 4148 μικρὸν
3023 4078 3452 4146 παρατραπέντα
3469 4078 3566 4146 τῆς
3589 4077 3677 4128 εύο

2106 4173 2227 4243 κῆς.
2295 4171 2644 4244 Ἐπιρρίπτει
2698 4171 2804 4240 γάρ
2853 4173 2880 4222 ὁ
2915 4171 3275 4238 παμπόνηρος
3302 4169 3507 4236 δαίμων
3531 4159 3682 4228 οὗτος

2105 4264 2181 4332 τῷ
2211 4262 2499 4332 ἀνθρώπῳ,
2542 4263 2635 4314 καὶ
2671 4259 2764 4322 οὓς
2799 4262 3106 4332 συνήγαγεν
3147 4261 3203 4310 ἐν
3269 4259 3452 4328 πολλῷ
3507 4260 3682 4328 χρόνῳ

2107 4354 2370 4421 καρποὺς,
2403 4353 2460 4404 ἐν
2494 4353 2590 4420 μιᾷ
2621 4353 2758 4421 ῥοπῇ
2792 4349 2939 4419 ὥρας
2975 4349 3278 4418 σκορπίζει.
3335 4349 3444 4401 Καὶ
3499 4347 3683 4400 λοιπὸν

429 4474 622 4513 omnes
649 4475 712 4513 ac
737 4459 983 4528 dissipet,
1008 4459 1250 4512 omnium
1278 4457 1532 4521 maxime,
1558 4457 1601 4509 si
1625 4469 1786 4524 quem
1802 4453 2001 4506 viderit

2106 4443 2421 4512 εὑρίσκεται
2449 4445 2476 4496 6
2507 4443 2602 4496 ἄνθ
2615 4459 2794 4512 ρωπος
2824 4441 3038 4510 μεθύων
3068 4441 3236 4509 χωρὶς
3268 4435 3432 4496 οἴνου.
3461 4437 3555 4500 οὓς
3589 4438 3684 4491 καὶ

429 4565 622 4618 parum
680 4549 913 4602 orationi
969 4556 1238 4603 attentum
1271 4555 1434 4616 atque
1465 4554 1832 4600 cxcrrantem.
1861 4543 2004 4610 Sug-

433 4641 574 4710 gerit
595 4641 741 4693 enim
763 4640 1003 4694 hominis
1028 4641 1196 4695 menti
1227 4640 1440 4694 daemon
1471 4639 1562 4692 hic
1615 4637 1783 4691 totius
1843 4634 2004 4688 mali-

433 4729 656 4800 gnitatis
707 4729 924 4785 artifex.
985 4737 1121 4798 quot
1165 4727 1375 4782 fructus
1437 4735 1667 4780 eatenus
1723 4721 2004 4791 coegerit:

435 4826 585 4873 tanto
623 4818 887 4872 nimirum
915 4829 1178 4888 tempore.
1205 4835 1302 4874 eos
1341 4827 1401 4872 ut
1423 4817 1506 4870 vel
1533 4822 1811 4870 momento
1833 4813 2006 4866 inter-

433 4909 600 4980 cipiat
642 4919 698 4966 et
732 4909 1034 4978 disperdat.
1067 4911 1228 4978 Atqui
1265 4910 1429 4964 homo
1463 4907 1587 4972 talis
1618 4905 1881 4972 deinceps
1921 4903 2006 4956 in-

436 5001 656 5057 venitur
689 5001 898 5064 ebrius,
927 5016 1036 5055 non
1072 5001 1202 5054 item
1257 5016 1286 5054 a
1343 5001 1491 5053 vino.
1543 4996 1680 5050 lluic
1740 4994 2010 5049 assimiles

433 5091 683 5160 deplorat
715 5091 915 5145 misere
944 5091 1214 5160 propheta
1239 5106 1252 5142 :
1290 5107 1306 5138 ι
1346 5089 1439 5143 Vae
1460 5086 1552 5157 qui
1579 5085 1719 5140 ebrii
1740 5085 1873 5140 estis
1893 5085 2011 5138 sine

434 5183 566 5237 vino
603 5184 668 5236 ³⁸.
715 5203 734 5235 ι
772 5181 985 5238 Homini
1013 5182 1179 5254 igitur
1205 5180 1372 5236 semel
1401 5179 1610 5234 insesso
1631 5177 1883 5248 passione
1909 5177 2012 5230 hac

437 5274 552 5338 irai,
603 5289 742 5344 opus
779 5274 1073 5328 admodum
1110 5271 1188 5335 lit,
1226 5271 1458 5325 multum
1507 5269 1783 5323 eluctetur
1822 5265 2009 5336 prmsi-

437 5365 530 5426 dio
549 5375 787 5420 extensae
815 5367 1100 5428 orationis,
1126 5381 1246 5419 eam
1273 5380 1303 5418 a
1335 5379 1393 5418 se
1429 5372 1491 5417 ut
1521 5361 1738 5432 ableget
1779 5368 1835 5414 et
1883 5367 2008 5429 agat

439 5471 491 5508 ιη
525 5457 799 5512 exsilium.
825 5457 969 5514 Sane
991 5457 1079 5513 cui
1107 5467 1191 5512 est
1219 5457 1370 5512 cordi
1403 5453 1754 5525 perfectionis
1787 5465 2006 5520 scopus,

444 5544 525 5597 cui
562 5561 890 5616 magnopere
919 5548 1096 5617 placet
1137 5563 1277 5618 agon
1325 5545 1672 5618 spiritualis;
1729 5539 1798 5596 ab
1853 5539 2005 5594 omni

521 5675 568 5711 “
600 5677 616 5730 l
648 5678 772 5731 Cor.
811 5695 884 5739 tv,
919 5680 970 5732 9.

448 5749 502 5815 ιε.
576 5747 622 5777 ιι
649 5747 776 5802 ibid.
811 5749 860 5802 7.

1053 5681 1098 5709 ’θ
1132 5681 1199 5732 ihi
1227 5685 1261 5732 ί.
1295 5684 1374 5737 iii.

936 5751 981 5781 ’⁵
1005 5753 1106 5806 lsa.
1144 5767 1290 5818 ms,
1325 5759 1375 5807 ‘J.

1457 5685 1498 5714 ⁹¹
1535 5685 1724 5737 .‘lh'th.
1761 5699 1846 5748 xv,
1882 5681 1966 5734 Η.

2102 4534 2379 4597 ταλανίζει
2406 4536 2434 4586 ὁ
2465 4537 2768 4605 προφήτης,
2804 4533 2980 4600 λέγων
3011 4549 3024 4562 ·
3061 4551 3080 4582 ι
3116 4532 3253 4584 Οὐαὶ
3285 4531 3334 4582 οἱ
3397 4531 3684 4600 μεθύοντες

2107 4625 2233 4678 ἄνευ
2258 4625 2428 4678 οἴνου.
2460 4643 2478 4675 ι
2508 4623 2708 4675 Πολλοῦ
2742 4619 2834 4676 οὖν
2860 4621 3073 4690 ἀγῶνος
3111 4621 3283 4672 δεῖται
3325 4623 3354 4672 6
3402 4620 3684 4689 ἄνθρωπος

2105 4720 2198 4773 τοῦ
2221 4721 2464 4788 ἐξορίσαι
2486 4720 2548 4771 τὸ
2579 4718 2748 4780 πάθος
2775 4719 2876 4790 τῆς
2905 4717 3074 4787 ὀργῆς
3112 4718 3170 4768 ἐν
3223 4716 3474 4786 ἐκτενείᾳ
3519 4733 3686 4785 προσ-

2107 4816 2293 4882 ευχῆς.
2339 4813 2396 4865 '0
2425 4812 2604 4864 τοίνυν
2627 4811 2949 4879 βουλόμενος
2981 4810 3114 4878 πρὸς
3159 4809 3436 4862 τελείωσιν
3491 4809 3681 4872 ἐλθεῖν,

2107 4903 2202 4954 καὶ
2246 4899 2528 4970 ἐπιθυμῶν
2557 4900 2647 4952 τὸν
2681 4898 3050 4968 πνευματικὸν
3078 4898 3264 4965 ἀγῶνα
3289 4897 3681 4962 ἀγωνίσασθαι,

2108 4993 2213 5046 ἀπὸ
2265 4992 2467 5056 παντὸς
2519 4992 2906 5060 ἐλαττώματος
2961 4992 3129 5060 ὀργῆς
3187 4989 3468 5059 ἀλλότριος
3523 4991 3682 5042 ἔστω.

2107 5083 2180 5134 Τὸ
2207 5083 2314 5150 γάρ
2347 5081 2566 5152 πνεῦμα
2587 5083 2684 5150 τῆς
2730 5081 2920 5150 ὀργῆς,
2976 5083 3035 5134 ἐν
3075 5083 3142 5150 τῇ
3197 5081 3441 5150 ἡμετέρα
3491 5079 3685 5150 καρδίᾳ

2108 5172 2438 5244 καθήμενον,
2493 5173 2586 5224 τὸν
2629 5173 2729 5242 μὲν
2782 5171 3060 5240 ὀφθαλμὸν
3088 5173 3188 5240 τῆς
3213 5171 3452 5230 διανοίας
3483 5186 3685 5222 σκοτει-

2109 5267 2227 5328 ναῖς
2286 5267 2554 5336 ταραχαῖς
2622 5263 2922 5331 ἐκτυφλοῖ·
2975 5263 3180 5320 λοιπὸν.
3237 5261 3363 5315 οὔτε
3413 5262 3688 5331 διάκρισιν

2107 5357 2216 5410 τῶν
2243 5357 2630 5426 συμφερόντων
2655 5345 2932 5424 δυνάμεθα
2975 5355 3302 5425 κτήσασθαι,
3355 5352 3480 5406 οὔτε
3521 5365 3689 5404 πνευ-

2113 5447 2350 5517 ματικῆς
2373 5446 2628 5514 γνώσεως
2658 5448 2838 5516 εὑρεῖν
2871 5445 3196 5515 κατάληψιν,
3236 5444 3360 5497 οὔτε
3389 5442 3694 5514 βουλεύμαο

2109 5556 2200 5604 τος
2242 5540 2449 5608 ἀγαθοῦ
2502 5539 2760 5610 κατέχειν
2818 5539 3152 5608 τελειότητα,
3200 5536 3324 5590 οὔτε
3383 5535 3480 5605 τῆς
3522 5533 3690 5594 ὖντιυς

2042 5683 2088 5714 ⁹²
2123 5681 2163 5732 ιι
2195 5677 2433 5734 ‘l‘imnth.
2462 5693 2538 5742 ιιι,
2570 5678 2603 5731 2
2637 5677 2688 5730 4.
2763 5677 2810 5709 ’³
2838 5677 3014 5731 Marc.
3049 5692 3160 5742 xiv,
3195 5673 3228 5728 5
3259 5687 3276 5740 ;
3309 5669 3466 5727 Joan.
3502 5667 3674 5736 111,5,
