3986 6148
481 325 506 390 1
520 327 618 390 ξ’)οἹ

1745 315 2112 378 ANTIOCHI
2151 315 2502 376 MONACIH

3616 315 3750 380 15.08

477 446 720 515 aliquem
767 439 954 510 concit
987 437 1201 492 animos
1245 453 1258 489 :
1299 435 1384 490 fac
1430 432 1754 500 memineris
1799 431 2068 487 orationis

2187 432 2266 496 ια).
2299 431 2501 494 εὐθέως
2543 430 2577 500 ή
2631 429 2866 492 ἄτακτος
2901 429 2959 482 ἐν
2997 427 3080 482 σοὶ
3107 429 3324 498 κίνησις
3356 430 3652 502 ἡρεμήσει.
3695 431 3748 486 ‘0

480 535 784 591 Dominicae
815 541 982 601 atque
1011 529 1185 598 ipsius
1205 526 1426 599 judicii,
1455 535 1511 582 et
1535 525 1828 580 confestim
1859 525 2069 580 inordi-

481 637 646 682 natus
675 621 1091 679 etl‘crvescentis
1123 620 1293 673 animi
1339 627 1522 674 motus
1558 617 1825 672 rcsidebit
1848 625 1904 671 ct
1932 632 2068 671 con-

481 718 748 788 quiescet.
788 713 980 769 lstltaec
1018 711 1166 766 enim
1205 709 1526 780 praefervida
1557 709 1918 779 intemperies
1947 708 2070 762 ani-

480 812 804 880 mi,-pr:eter
839 816 1070 861 crateras
1104 805 1332 859 vitiosas
1361 804 1702 869 affectiones,
1738 805 1861 872 plus
1888 801 2072 856 eoncit

483 897 794 952 turbarum.
854 895 966 948 Nec
1027 893 1134 948 hoc
1181 893 1381 956 solum,
1433 893 1527 948 sed
1583 892 1823 947 animam
1871 891 2073 962 premit

482 991 686 1044 misere
731 995 790 1042 et
823 987 1046 1042 atllictat
1093 985 1465 1042 continenter.
1518 985 1638 1040 Duo
1669 985 1760 1039 isti
1815 983 2068 1046 allectus,

484 1097 684 1150 nempe
715 1080 797 1134 ira
820 1086 878 1133 et
902 1077 1236 1148 indignatio,
1261 1087 1492 1146 nepotes
1515 1077 1707 1147 utique
1729 1085 1858 1132 sunt
1881 1075 2076 1130 matris

485 1175 672 1238 unius,
701 1173 822 1242 ejus
846 1187 968 1242 qua:
995 1169 1233 1225 stultitia
1265 1178 1499 1224 vocatur
1529 1169 1646 1224 sive
1677 1168 2072 1240 imprudentia.

487 1268 578 1323 Ait
612 1266 760 1322 enim
801 1283 813 1318 :
855 1282 872 1314 ι
913 1263 1113 1317 Totum
1157 1261 1405 1316 animum
1460 1277 1622 1315 suum
1668 1261 1880 1331 profert
1933 1259 2076 1314 stul-

492 1369 580 1415 tus
611 1359 674 1412 "‘.
714 1377 732 1409 ›
777 1358 847 1412 Et
881 1375 894 1410 :
931 1375 950 1407 ι
1001 1355 1216 1409 Stultus
1247 1355 1366 1423 ipso
1413 1353 1502 1408 die
1539 1353 1723 1424 prodit
1769 1354 1906 1408 iram
1945 1353 2010 1407 ³⁵.
2051 1372 2071 1406 ι

488 1452 593 1518 Qui
637 1451 807 1522 igitur
850 1449 919 1503 ab
964 1448 1068 1502 hac
1113 1446 1288 1500 invisa
1334 1455 1392 1500 et
1437 1445 1625 1500 hostili
1667 1455 1914 1516 parente,
1954 1461 2078 1514 quae

489 1545 628 1599 istos
679 1541 981 1612 progenuit
1037 1539 1206 1600 fetus,
1241 1537 1514 1608 disparari
1565 1538 1685 1592 vult
1727 1554 1792 1594 ac
1837 1538 2073 1609 seiungi,

487 1634 732 1704 scipsum
782 1642 842 1686 ut
872 1633 1057 1684 vincat
1105 1644 1335 1684 necesse
1367 1631 1474 1692 est,
1514 1626 1568 1682 in
1601 1627 1771 1682 multa
1815 1613 2077 1697 patientia

486 1735 545 1780 et
573 1724 760 1780 cordis
791 1723 1044 1786 lenitate,
1075 1720 1313 1791 supplici
1347 1735 1512 1794 prece
1547 1719 1616 1772 ad
1642 1719 1837 1784 Deum,
1879 1719 2076 1788 suique

2171 523 2282 592 γὰρ
2307 521 2478 592 θυμὺς
2509 519 2692 573 πλεῖον
2715 519 2820 590 τῶν
2841 518 3016 572 ἄλλων
3042 517 3230 572 παθῶν
3251 523 3546 590 ταράττειν
3597 523 3748 578 εἴωθε

2173 615 2270 668 καὶ
2296 615 2520 684 συγχεῖν
2552 613 2651 682 τὴν
2681 611 2882 684 ψυχήν.
2921 613 2980 666 '0
3012 611 3180 682 θυμὸς
3215 621 3310 667 καὶ
3333 619 3368 685 ὴ
3395 615 3554 685 ὀργὴ,
3591 619 3642 670 oi
3665 618 3752 674 δύο

2171 699 2318 760 οὗτοι
2344 707 2473 776 μιᾶς
2499 705 2706 774 μητρὸς
2724 704 2926 775 ἥττονα
2949 707 3276 774 τυγχάνουσι
3297 709 3394 773 τῆς
3417 708 3751 778 καλουμένης

2172 801 2512 868 ἀφροσύνης.
2575 799 2716 868 Φησὶ
2778 799 2920 868 γάρ·
2957 817 2977 850 ι
3029 799 3194 852 Ὅλον
3251 799 3341 852 τὸν
3383 800 3554 870 θυμὸν
3589 799 3752 854 αὑτοῦ

2173 893 2400 962 ἐκφέρει
2447 890 2660 960 ἄφρων.
2693 908 2711 940 ι
2748 890 2856 943 Καί
2883 906 2896 918 ·
2929 909 2950 941 ‹
2988 891 3213 962 ’Λφρων
3253 891 3564 964 αὑθήμερον
3595 893 3753 962 ἐξαγ-

2172 981 2360 1048 γέλλει
2397 980 2592 1050 ὀργήν.
2633 998 2653 1030 ›
2704 979 2760 1033 '0
2801 977 2895 1033 οὑν
2925 979 3094 1034 θέλων
3139 982 3480 1052 χωρισθῆναι
3523 985 3636 1038 ἀπὸ
3664 987 3754 1055 τῆς

2173 1073 2475 1144 δυσμενοῦς
2504 1075 2774 1142 τεκούσης
2831 1073 3058 1137 αὐτοὺς,
3101 1076 3435 1144 κρατησάτω
3472 1079 3670 1130 ἑαυτὸν
3700 1081 3754 1130 ἐν

2177 1167 2428 1237 ὑπομονῇ
2465 1166 2676 1237 monii,
2731 1166 2827 1219 καὶ
2877 1167 3081 1237 πραεία
3141 1168 3339 1239 καρδίᾳ
3381 1168 3473 1221 καὶ.
3520 1171 3588 1240 τῇ
3625 1170 3754 1240 πρὸς

2176 1263 2309 1316 Θεὸν
2365 1263 2566 1333 ἱκεσίᾳ,
2606 1263 2706 1314 καῖ
2746 1261 2834 1314 διὰ
2871 1259 2964 1313 τοῦ
3016 1261 3358 1332 ἀρνήσασθαι
3407 1262 3634 1316 ἑαυτὸν·
3669 1266 3754 1317 καὶ

2177 1355 2389 1424 ταχέως
2443 1353 2824 1424 ἐλευθεροῦται
2861 1354 2920 1421 ἐξ
2963 1354 3157 1423 αὐτῆς.
3197 1350 3310 1410 Kal
3343 1356 3553 1424 γίνεται
3587 1359 3619 1410 ὁ
3653 1358 3754 1420 υίὸς

2176 1445 2278 1515 τῆς
2310 1445 2503 1514 σοφίας
2528 1445 2790 1513 θεόφοϐος
2815 1447 2911 1499 καὶ
2941 1445 3208 1514 θεόφιλος.
3249 1467 3266 1498 ι
3320 1448 3490 1520 Ἀρχὴ
3535 1449 3650 1522 γὰρ
3674 1467 3754 1504 σοι

2180 1539 2332 1608 φίας,
2371 1537 2534 1606 φόϐος
2559 1537 2789 1608 Κυρίου.
2819 1545 2839 1590 i
2874 1539 2983 1592 Καί
3004 1556 3017 1571 ο
3051 1557 3070 1590 ι
3104 1540 3166 1592 Οἱ
3193 1541 3517 1607 ἀγαπῶντες
3537 1545 3630 1594 τὶν
3659 1543 3756 1594 Κύ-

2184 1647 2320 1698 ριον,
2367 1630 2579 1698 μισεῖτε
2611 1629 2844 1699 πονηρά.
2876 1647 2896 1680 ι
2943 1630 3036 1682 Ἐκ
3066 1629 3160 1682 τοῦ
3197 1633 3306 1702 γὰρ
3339 1633 3510 1700 φόὸου
3554 1635 3640 1696 εἰς
3667 1635 3756 1703 τὴν

2180 1719 2401 1789 ἀγάπην
2441 1719 2728 1788 προϐαίνει
2761 1719 2855 1774 τοῦ
2896 1719 3056 1776 Θεοῦ.
3088 1723 3200 1775 Kal
3247 1725 3276 1776 ὀ
3324 1725 3755 1793 Ἐκκλησιαστὴς

488 1816 666 1887 ipsius
697 1813 1099 1884 abnegatione;
1132 1823 1191 1867 et
1235 1812 1282 1867 is
1319 1813 1452 1882 jugo
1479 1811 1572 1866 illo
1610 1827 1738 1867 mox
1763 1812 2080 1880 emancipa-

2187 1828 2350 1880 φησιν
2379 1827 2390 1840 ·
2435 1832 2453 1863 ι
2498 1813 2845 1890 Ἀπόστησον
2871 1813 3044 1882 θυμόν
3087 1831 3182 1867 σου
3216 1816 3324 1869 ἀπὸ
3374 1819 3598 1890 καρδίας
3649 1833 3752 1872 σου·

489 1918 604 1972 tur,
644 1908 814 1976 fitque
837 1905 986 1959 titius
1011 1903 1316 1974 sapientiae.
1352 1903 1497 1969 Quid
1521 1903 1711 1959 enim?
1743 1903 1839 1958 Dei
1863 1903 2076 1958 consti-

491 2000 667 2056 tuitur
725 1997 978 2063 amieus,
1041 1997 1215 2051 Deum
1276 1997 1536 2052 observat
1587 1996 1912 2050 venerabili.
1949 2011 2075 2050 cum

493 2093 690 2146 timore
724 2107 738 2143 :
775 2109 794 2141 ι
841 2088 1066 2144 initium
1110 2087 1386 2157 siquidem
1421 2087 1725 2156 sapientiae,
1763 2087 1930 2144 timor
1968 2087 2077 2141 Do-

491 2183 627 2238 mini
655 2184 720 2238 “.
774 2203 794 2235 ι
843 2181 912 2236 Ει
960 2197 974 2236 ι
1027 2199 1046 2232 ι
1098 2180 1202 2246 Qui
1249 2179 1480 2250 diligitis
1531 2179 1864 2244 Dominum,
1929 2179 2082 2234 odite

493 2274 638 2328 mala
672 2271 734 2327 "’.
771 2291 791 2323 ι
827 2275 874 2326 Α
903 2270 1104 2324 timore
1130 2268 1277 2323 enim
1319 2269 1416 2322 Dei
1452 2267 1521 2322 ad
1551 2269 1672 2338 ejus
1699 2267 2078 2330 dilectionem,

493 2367 632 2424 ordo
666 2376 752 2424 est
794 2379 1144 2436 progressus.
1181 2361 1294 2417 Sed
1328 2371 1386 2415 et
1413 2361 1818 2416 Ecclesiastes:
1851 2379 1872 2411 ι
1909 2359 2084 2415 Aufer

495 2458 836 2515 iracundiam
859 2474 888 2512 a
909 2455 1076 2512 corde
1099 2467 1215 2520 tuo,
1239 2461 1298 2509 et
1319 2468 1543 2509 remove
1571 2453 1840 2507 malitiam
1863 2467 1894 2506 a
1917 2466 2083 2507 carne

493 2559 590 2606 tua
623 2550 694 2603 ³⁸.
727 2569 746 2600 ι
785 2547 846 2604 In
875 2546 1160 2602 Parabolis
1205 2560 1426 2616 quoque
1458 2563 1472 2598 :
1503 2544 1775 2601 Mansueti
1823 2545 1994 2600 animi
2027 2556 2084 2600 et

494 2641 785 2714 placabilis
818 2639 906 2693 vir
939 2637 1126 2693 cordis
1163 2646 1250 2692 est
1279 2637 1551 2700 medicus,
1590 2636 1742 2692 tinea
1769 2647 1954 2691 autem
1991 2652 2084 2692 os-

496 2737 662 2800 sium,
688 2750 785 2788 cor
816 2731 1167 2786 sensitivum.
1191 2730 1432 2786 Rursum
1465 2746 1479 2782 :
1513 2747 1532 2780 ι
1564 2727 1872 2798 ReSponsio
1905 2727 2091 2782 mollis-

497 2823 695 2878 avertit
721 2808 858 2876 iram
887 2822 963 2886 ‘9;
991 2819 1088 2889 qui
1124 2835 1370 2889 prmeeps
1409 2827 1494 2874 est
1523 2817 1590 2872 ad
1623 2817 1787 2884 iram,
1824 2825 2087 2888 Operatur

500 2917 620 2970 siue
651 2913 884 2968 consilio
915 2914 980 2966 ὀ.
1031 2932 1049 2964 ι
1099 2912 1341 2967 Rursum
1380 2928 1393 2963 :
1437 2929 1456 2962 ι
1503 2910 1596 2964 Vir
1623 2909 1868 2980 prudens
1909 2909 2086 2964 multa

501 3009 694 3062 suffert
723 3010 789 3061 ἰ.
827 3025 844 3057 ι
878 3007 945 3060 Ει
979 3023 992 3058 :
1034 3025 1051 3056 ι
1092 3003 1450 3074 Longanimis
1492 3003 1580 3056 vir
1608 3003 1794 3058 multa:
1831 3011 1917 3058 est
1947 3018 2082 3072 pru-

505 3099 727 3162 dentia,
755 3097 1124 3168 pusiilanimis
1149 3107 1354 3159 autem,
1389 3093 1549 3148 fortis
1577 3101 1662 3148 est
1691 3093 1927 3148 stultitia
1951 3094 2020 3148 ".
2055 3113 2074 3144 ι

502 3191 608 3244 Et:
652 3209 669 3239 ι
707 3189 800 3242 \‘ir
848 3187 1146 3253 iracundus
1179 3185 1504 3254 neutiquam
1536 3185 1766 3254 pulcher
1801 3186 1866 3240 ³³.
1914 3204 1932 3236 ι
1965 3185 2033 3240 Ει
2067 3201 2081 3238 :

503 3282 702 3335 Totum
749 3280 994 3333 animum
1029 3292 1191 3332 suum
1225 3275 1439 3346 profert
1476 3275 1703 3340 stultus,
1737 3277 1958 3345 sapiens
1983 3291 2086 3329 au-

505 3383 612 3426 tem
673 3380 916 3426 reservat
967 3385 1064 3440 per
1119 3377 1333 3438 partem
1375 3369 1442 3420 “.
1488 3387 1505 3418 ι
1543 3367 1750 3421 lterum
1785 3383 1799 3418 :
1830 3387 1846 3418 ι
1885 3367 1963 3422 Ne
2011 3368 2088 3421 sis

504 3467 660 3519 velox
697 3463 894 3533 spiritu
925 3461 991 3515 ad
1022 3459 1398 3528 irascendum,
1429 3459 1556 3528 quia
1593 3459 1669 3512 ira
1698 3460 1752 3512 in
1791 3459 1914 3514 sinu
1947 3459 2088 3512 stul-

506 3565 686 3611 torum
725 3551 1027 3622 requiescit
1051 3551 1115 3602 ’⁵.
1149 3569 1169 3602 ›
1193 3580 1260 3589 -
1283 3569 1301 3601 ι
1335 3551 1508 3604 Homo
1546 3548 1854 3603 iracundus
1894 3549 2087 3602 inccn-

507 3650 586 3702 dit
628 3661 888 3716 pugnam,
927 3660 1038 3698 non
1087 3644 1236 3698 enim
1287 3643 1496 3712 poterit
1538 3642 1842 3696 iracundus
1881 3642 2086 3710 justiti-

505 3740 644 3792 cari.
677 3737 773 3790 Vir
798 3744 1056 3806 peccator
1088 3733 1338 3788 turbabit
1373 3733 1603 3798 amicos,
1636 3740 1692 3787 et
1739 3732 1794 3786 in
1841 3731 2086 3786 medium

507 3844 698 3900 pacem
747 3825 1071 3881 habentium
1114 3825 1376 3879 immittet
1409 3823 1743 3878 calumniam
1767 3823 1842 3886 ",,
1869 3841 1888 3874 ι
1919 3822 2087 3876 Indu-

507 3923 584 3975 eit
617 3939 630 3973 :
671 3940 689 3973 ι
719 3921 794 3974 Ne
821 3919 990 3974 fueris
1011 3919 1198 3973 socius
1212 3917 1334 3971 viro
1355 3915 1641 3982 iracundo,
1665 3914 1842 3969 amico
1866 3929 2088 3984 quoque

507 4015 719 4069 furioso
745 4029 813 4066 ne
835 4011 1142 4075 cohabites,
1161 4025 1238 4090 ne
1273 4009 1420 4064 forte
1445 4008 1627 4063 discas
1653 4008 1798 4061 viam
1827 4007 1950 4077 ejus
1972 4007 2038 4059 ".
2063 4026 2080 4058 ι

509 4109 585 4162 De
623 4105 892 4169 eiusmodi
930 4104 1096 4158 etiam
1131 4102 1298 4156 David
1329 4119 1344 4156 :
1375 4121 1395 4152 ι
1427 4101 1604 4154 Furor
1645 4099 1755 4153 illis
1785 4097 2090 4152 secundum

509 4195 931 4251 similitudinem
981 4193 1295 4262 serpentis,
1355 4191 1499 4246 sicut
1548 4189 1756 4259 aspidis
1805 4189 1986 4243 surdae
2034 4198 2134 4244 et.

507 4287 823 4342 obturantis
863 4299 1028 4340 aures
1077 4299 1207 4339 suas
1238 4283 1305 4336 ".
1351 4302 1370 4334 ›
1413 4281 1888 4348 Quemadmodum
1939 4280 2087 4335 enim

513 4383 711 4452 vipera:
744 4381 892 4435 fetus
922 4387 1153 4432 matrem
1185 4375 1457 4429 arrodunt
1495 4391 1674 4435 suam.
1707 4375 1790 4428 sic
1833 4373 2090 4428 iracundi

2182 1903 2602 1984 καὶ-παράγαγε
2654 1888 2922 1976 πονηρίαν
2950 1907 3059 1959 ἀπὸ
3101 1909 3309 1983 σαρκός.
3339 1888 3458 1964 σου.
3503 1931 3522 1964 ι
3567 1913 3680 1967 Kal
3705 1915 3756 1966 ἐν

2180 1997 2300 2056 ταῖς
2333 1995 2684 2065 Παροιμίαις,
2709 2013 2720 2024 ·
2742 1997 3065 2068 πραΰθυμος
3099 1999 3239 2070 ἀνὴρ
3269 2003 3502 2074 καρδίας
3543 2005 3754 2076 ἰατρός·

2184 2085 2281 2156 σὴς
2309 2085 2366 2139 δὲ
2397 2085 2599 2138 ὀστέων
2622 2086 2822 2156 καρδία
2851 2089 3168 2160 αἰσθητικὴ.
3196 2091 3304 2143 Kal
3335 2093 3515 2145 πάλιν·
3547 2113 3568 2144 ι
3610 2097 3759 2148 Ἀπό-

2183 2193 2364 2247 κρισις
2397 2177 2782 2234 ὑποπίπτουσα
2822 2167 3160 2252 ἀποστρέφει
3195 2182 3385 2250 θυμόν·
3417 2185 3450 2254 ὑ
3483 2185 3762 2252 δέὀξὺθυσ

2186 2287 2288 2339 μος
2331 2271 2570 2341 πράσσει
2607 2263 2748 2340 μὲτά
2781 2271 3094 2334 seem“.-
3133 2256 3243 2327 Kafl
3273 2273 3437 2329 πάλιν
3475 2293 3491 2308 ·
3522 2296 3552 2330 ι
3603 2278 3761 2349 ’Δνὴρ

2184 2359 2452 2431 φρόνιμος
2483 2361 2654 2416 πολλά
2685 2362 2970 2433 ὑποφέρει.
3013 2383 3033 2415 ι
3091 2365 3226 2429 Καὶ,
3259 2385 3278 2418 ‹
3321 2368 3378 2420 Ὀ
3415 2369 3759 2440 μακριθυμος

2183 2452 2323 2523 ἀνὴρ
2351 2452 2520 2516 πολὺς
2551 2453 2611 2506 ἐν
2657 2454 2952 2533 φρονήσει..
2979 2453 3039 2506 '0
3067 2453 3123 2508 δὲ
3166 2453 3496 2527 ὁλιγόψυχος
3543 2459 3758 2530 ἰσχυρὸς

2185 2543 2395 2615 ἄφρων.
2437 2563 2456 2596 ι
2495 2534 2640 2597 Καί’
2673 2563 2692 2595 ι
2733 2544 2898 2616 Ἀνὴρ
2945 2543 3201 2618 θυμώδης
3246 2548 3348 2601 οὐκ
3391 2549 3701 2620 εὐσχήμων.
3738 2571 3755 2600 ι

2185 2635 2297 2689 Kal
2312 2630 2466 2699 αὖθις
2495 2651 2508 2666 ·
2539 2653 2559 2687 ι
2587 2633 2750 2691 Ὀλον
2776 2637 2872 2690 τὸν
2907 2636 3074 2708 θυμὸν
3110 2638 3278 2693 αὑτοῦ
3301 2639 3526 2711 ἐκφέρει
3558 2643 3757 2711 ἄφρων,

2186 2726 2349 2796 σοφὸς
2375 2727 2442 2800 δὲ.
2461 2728 2788 2799 ταμιεύεται
2821 2728 2964 2784 κατὰ
2993 2731 3181 2802 μέρος.
3213 2748 3232 2782 ι
3267 2731 3378 2786 Kal
3409 2733 3593 2801 πάλιν,
3636 2755 3651 2781 ι
3675 2735 3759 2804 Μὴ

2189 2819 2434 2890 σπεύσῃς
2489 2822 2548 2873 ἐν
2601 2817 2873 2893 πνεύματί
2943 2839 3040 2875 σου
3095 2822 3432 2895 θυμοῦσθαι,
3487 2828 3570 2880 ὅτι
3601 2828 3758 2896 θυμὸς

2187 2913 2245 2964 ἐν
2276 2911 2462 2983 κόλπῳ
2516 2913 2768 2982 ἀφρόνων
2789 2913 3184 2970 ἀναπαύεται.»
3222 2917 3332 2971 Kal
3367 2916 3548 2984 πάλιν,
3585 2937 3604 2970 ι
3641 2919 3763 2972 Ἀν-

2187 3004 2408 3076 θρωπος
2465 3004 2720 3077 θυμώδης
2778 3009 3255 3079 ἐκκαίει-μάχην.
3314 3011 3390 3064 Οὐ
3441 3010 3550 3082 γὰρ
3605 2987 3766 3081 δυνήί

2191 3115 2348 3152 σεται
2387 3099 2672 3170 ἅνθρωπος
2703 3099 2960 3171 θυμώδης
2984 3101 3368 3174 δικαιωθῆναι.
3400 3123 3418 3154 ι
3448 3104 3559 3156 Kal
3590 3100 3762 3167 αὖθις,

2196 3209 2214 3240 ι
2265 3191 2430 3260 Ἀνὴρ
2461 3189 2787 3261 ἁμαρτωλὸς
2832 3193 3062 3262 ταράξει
3103 3194 3312 3262 φίλους,
3343 3196 3438 3248 καὶ
3466 3195 3576 3248 ἀνά
3609 3196 3765 3264 μέσον

2189 3282 2580 3349 εἰρηνευὸντων
2613 3282 2842 3353 ἐμϐαλεί
2869 3283 3178 3355 διαϐολήν.»
3212 3287 3326 3342 Kal
3356 3288 3560 3356 ἐπάγει
3593 3303 3606 3316 ·
3637 3306 3656 3338 ι
3680 3286 3764 3356 Μὴ

2192 3370 2298 3423 ίσθι
2332 3371 2544 3450 ἑταῖρος
2595 3381 2619 3410 ο
2663 3373 2818 3444 ἀνδρὶ
2851 3372 3110 3443 θυμὼδειζ
3158 3375 3300 3444 Φίλῳ
3347 3376 3406 3428 δὲ
3447 3376 3657 3448 ὀργίλῳ
3697 3377 3765 3445 μὴ

2191 3463 2534 3528 συναυλίζου,
2571 3463 2645 3533 μή
2688 3461 3035 3535 ποτε-μάθῃς
3067 3465 3164 3534 τὴν
3192 3465 3316 3518 ὁδὸν
3363 3467 3556 3522 αὑτοῦ.
3601 3486 3621 3518 ι
3667 3467 3768 3519 Kal

2189 3557 2218 3608 ὁ
2243 3555 2409 3608 Δαὸὶδ
2437 3555 2798 3626 περὶτούτων
2825 3557 2982 3626 φησὶ,
3024 3577 3043 3609 ι
3067 3558 3249 3629 Θυμὸς
3289 3559 3472 3623 αὐτοῖς
3503 3561 3650 3615 κατά
3676 3561 3768 3631 τὴν

2188 3645 2449 3714 ὁμοίωσιν
2475 3646 2568 3698 τοῦ
2605 3645 2802 3715 ὄφεως,
2834 3648 2971 3701 ὡσεὶ
2998 3643 3224 3714 ἀσπίδος
3263 3651 3458 3721 κωφῆς
3487 3656 3586 3707 καὶ
3619 3653 3765 3723 βυοὺ·

2192 3753 2290 3807 σης
2323 3738 2393 3789 τα
2439 3731 2556 3796 ὦτα
2598 3741 2788 3810 αὐτῆς.
2830 3759 2851 3793 ι
2885 3741 3097 3809 Ὥσπερ
3139 3741 3252 3812 γὰρ
3305 3743 3374 3798 τὰ
3420 3744 3521 3815 τῆς
3559 3745 3768 3814 ἐχίδνης

2190 3829 2508 3906 γεννήματα
2555 3829 2908 3885 κατεσθίουσι
2943 3831 3209 3887 τεκοῦσαν
3244 3836 3476 3907 μητέρα,
3507 3837 3658 3891 οὕτω
3687 3835 3767 3890 λο-

2191 3923 2387 3992 γισμὸς
2431 3922 2705 3993 θυμώδης.
2750 3925 2814 3976 Ἦ
2861 3925 3143 3997 προσευχὴ
3200 3927 3295 3981 τοῦ
3345 3928 3656 3999 θυμώδους,
3702 3930 3770 3990 ὡς

2193 4014 2446 4086 θυμίαμα
2499 4015 2918 4084 ἐΰδεὶωγμένον,
2956 4018 3048 4070 καὶ
3100 4019 3133 4087 ἡ
3182 4018 3478 4090 omnem
3509 4021 3679 4074 αὑτοῦ
3703 4020 3769 4079 ὡς

2191 4102 2326 4178 ἦχος
2357 4108 2547 4178 ἀηδήςί
2583 4109 2692 4161 Kal
2723 4107 2914 4179 ὥσπερ
2949 4107 3086 4162 λέων
3115 4112 3173 4162 ἐν
3208 4109 3409 4182 ζώγρῳ
3458 4115 3606 4166 κινεῖ
3653 4114 3771 4172 τοὺς

2195 4201 2532 4270 στρόφιγγας
2564 4201 2826 4271 συνεχῶς,
2851 4201 2996 4254 οὑτω
3025 4202 3120 4254 καὶ
3151 4201 3409 4274 θυμώδης
3433 4205 3659 4258 ἐκκαίει
3689 4207 3771 4256 λο-

2192 4292 2426 4361 γισμοὺς
2455 4293 2646 4362 ὀργῆς.
2678 4295 2784 4346 Kal
2819 4292 3008 4364 ὥσπερ
3049 4294 3250 4364 ἄνεμος
3285 4296 3515 4366 σφοδρὸς
3537 4296 3604 4350 οὐ
3644 4297 3777 4350 κινεῖ

2195 4385 2408 4456 πῦργον
2440 4385 2636 4454 ὀχυρὸν
2658 4427 2674 4448 ,
2704 4385 2847 4438 οὑτω
2874 4385 3054 4456 ψυχὴν
3094 4388 3364 4456 ἀόργητον
3396 4391 3456 4441 οὗ
3495 4389 3773 4460 συναρπά-

509 4471 752 4526 hominis
800 4470 1166 4540 cogitationes
1211 4483 1312 4522 cor
1353 4467 1619 4522 exedunt.
1670 4465 1742 4522 Ut
1795 4465 2084 4536 thymiama

2197 4476 2280 4540 ζει
2311 4478 2501 4548 θυμός.
2531 4475 2590 4530 '0
2615 4476 2670 4529 δὲ
2719 4477 3036 4542 Ἀπόστολος
3059 4478 3330 4532 νουθετῶν
3355 4497 3524 4549 φησιν
3554 4499 3599 4532 ἰ
3624 4479 3776 4534 ’Δπόο

512 4565 848 4618 inammnum
869 4571 923 4616 et
945 4559 1310 4623 exsecrabile,
1335 4561 1408 4614 ita
1434 4559 1598 4614 istius
1622 4568 1924 4612 concentus
1942 4561 2092 4628 psal-

512 4693 760 4741 morum,
815 4690 986 4731 sonus
1037 4672 1306 4729 insuavis.
1359 4669 1834 4737 Quemadmodum
1889 4671 1976 4725 leo
2034 4669 2092 4724 in

512 4771 725 4826 vivario
777 4769 1039 4823 continue
1095 4775 1352 4820 movetur
1386 4763 1627 4832 obliquis
1685 4763 1956 4827 ﬂexibus,
2012 4763 2091 4817 ita

510 4863 815 4922 iracundus
865 4877 1052 4918 secum
1107 4869 1297 4917 versat
1347 4859 1714 4931 cogitationes
1767 4858 1883 4912 irre.
1935 4857 2092 4912 Sicut

511 4971 711 5013 currus
771 4955 968 5010 turrim
1015 4955 1284 5008 munitam
1319 4967 1430 5006 non
1465 4959 1652 5006 movet
1688 4949 1830 5011 loco,
1865 4949 1944 5004 sic
1975 4949 2099 5003 ani-

511 5067 662 5107 mum
697 5048 1092 5104 iniraseibilem
1137 5061 1248 5101 non
1279 5043 1484 5114 abripit
1529 5041 1836 5097 iracundia.
1869 5040 2106 5110 Aposto-

512 5147 600 5200 lus
630 5144 936 5200 admonens
965 5141 1044 5198 ait
1076 5157 1090 5194 :
1123 5160 1142 5192 ι
1175 5139 1444 5211 Deponite
1473 5144 1529 5191 et
1557 5150 1656 5190 vos
1684 5135 1892 5197 omnia,
1936 5135 2099 5200 iram,

517 5238 733 5308 1063
778 5233 1252 5306 indignationem,
1314 5229 1610 5293 malitiam,
1661 5223 2098 5297 blasphemiam,

515 5341 731 5402 turpem
747 5344 1060 5386 sermonem
1075 5327 1144 5384 de
1161 5340 1256 5382 ore
1277 5321 1543 5380 vestro”.
1568 5340 1586 5372 ι
1607 5318 1778 5374 Infert
1794 5336 1806 5372 :
1821 5339 1836 5369 ι
1859 5317 1920 5372 ιιι
1939 5331 2104 5387 prece

585 5469 628 5502 “
673 5470 834 5524 Prov.
866 5483 1012 5532 xxix,
1049 5467 1135 5521 ll.

513 5555 602 5597 IV.
646 5544 694 5594 l.
766 5546 810 5572 "’
854 5542 1014 5594 Prov.
1047 5554 1152 5596 xlv.
1189 5537 1273 5590 l't'.

514 5613 558 5642 ’θ
595 5613 774 5666 Eccle.
811 5626 881 5664 ιιι
908 5651 922 5674 ,
965 5609 1048 5666 ιιι.
1125 5609 1168 5640 ³⁸
1204 5605 1374 5663 lict-li.
1413 5619 1594 5663 sum,
1634 5603 1720 5654 tl.

1353 5536 1392 5566 “
1427 5533 1586 5587 Prov.
1621 5547 1691 5587 λι.
1730 5529 1810 5582 19..

1211 5466 1253 5498 "
1284 5465 1448 5520 Prov.
1479 5477 1575 5524 xu,
1617 5459 1702 5514 l6.
1781 5459 1826 5490 “
1864 5457 2114 5518 Psal.cx,
2142 5454 2232 5509 10.

1929 5529 1974 5558 ’³
2014 5528 2174 5580 Prov.
2227 5541 2342 5583 λιιι.
2395 5522 2481 5576 16.

1797 5601 1840 5631 ³⁷
1873 5597 2042 5652 Eccli.
2074 5611 2183 5659 xm,
2219 5595 2310 5648 9.5.

2199 4569 2358 4622 θεσθε
2412 4570 2507 4621 καὶ
2547 4569 2706 4638 ὑμεῖς
2741 4567 2812 4622 τὰ
2841 4569 3040 4634 πάντα,
3075 4571 3281 4642 ὒργὴν,
3321 4571 3513 4640 θυμὸν,
3555 4572 3770 4632 κακίαν,

2200 4661 2576 4732 βλασφημίαν,
2607 4661 3011 4733 αἰσχρολογίαν,
3035 4663 3101 4715 ἐκ
3127 4662 3224 4715 τοῦ
3262 4663 3532 4732 στόματος
3569 4663 3770 4733 ὑμῶν.ι

2198 4757 2310 4808 Kal
2349 4756 2600 4824 ἐπιφέρει
2636 4771 2650 4785 ·
2687 4773 2706 4806 ι
2759 4755 2847 4806 Ἑν
2883 4755 2994 4825 γὰρ
3029 4755 3223 4826 εἰρήνῃ
3249 4754 3518 4825 κέκληκεν
3569 4757 3716 4825 ἡμᾶς
3751 4755 3774 4804 ὁ

2199 4846 2351 4908 Θεός.
2391 4863 2410 4898 δ
2445 4847 2510 4900 Οἱ
2539 4846 2650 4915 γὰρ
2679 4845 2946 4915 θυμὼδεις
2977 4847 3057 4910 εἰς
3099 4846 3228 4909 τοὺς
3263 4847 3493 4917 ἐχθροὺς
3517 4848 3620 4899 τοῦ
3653 4847 3775 4916 Χρι-

2201 4935 2328 4992 στοῦ
2355 4937 2680 5004 λογίζονταιο
2722 4937 2796 4999 ὡς
2823 4938 2918 4988 καὶ
2942 4937 3086 5006 ἄλλῳ
3110 4937 3345 5008 εἴρηται,
3378 4955 3396 4988 ι
3429 4934 3652 5008 Ἶιρξαν
3690 4937 3776 4990 θυ-

2204 5027 2437 5100 μοῦσθαι
2497 5030 2778 5098 ἄρχοντες.
2817 5047 2836 5080 ι
2874 5029 2985 5083 Kal
3017 5029 3046 5081 ὁ
3093 5028 3338 5101 Ἡρώδης
3378 5028 3521 5086 ίδὼν.
3567 5031 3653 5083 ὅτι
3699 5029 3776 5081 ενι

2199 5121 2438 5192 επαίχθη
2470 5122 2574 5174 ὑπὸ
2605 5120 2712 5173 τῶν
2739 5122 2950 5191 μάγων,
2973 5120 3230 5192 ἐθυμώθη
3261 5121 3404 5176 λίαν.
3420 5123 3530 5176 Kal
3561 5119 3778 5191 πέμψας

2202 5215 2412 5270 ἀνεῖλεν
2440 5215 2650 5278 πάντας
2678 5216 2806 5278 τοὺς
2839 5214 3036 5278 παῖδας
3058 5214 3184 5278 τοὺς
3209 5217 3268 5267 ἐν
3299 5213 3577 5284 Βηθλεὲμ,
3611 5215 3705 5269 καὶ
3728 5215 3777 5264 ἐν

2204 5311 2338 5363 πᾶσι
2387 5310 2503 5365 τοῖς
2547 5307 2715 5378 ὁρίοις
2755 5305 2951 5375 αὐτῆς.
2989 5305 3079 5360 διὰ
3128 5307 3221 5360 τὸν
3277 5307 3650 5376 φθονούμενον
3695 5303 3779 5356 καὶ

2346 5451 2390 5484 ¹τ
2431 5450 2574 5506 Psal.
2604 5464 2746 5512 xcvt,
2776 5448 2864 5504 lO.
2976 5449 3020 5482 "
3049 5449 3236 5513 Eccle,
3265 5463 3339 5510 St,
3366 5447 3452 5504 lO.
3531 5448 3577 5479 ”
3621 5446 3773 5502 Prov.

2582 5521 2627 5552 ¹³
2660 5521 2818 5574 Prov.
2873 5536 2961 5583 xv,
3014 5521 3099 5575 l8.
3197 5521 3242 5553 "
3272 5521 3434 5576 Prov.
3491 5535 3645 5582 xxix,
3699 5514 3772 5568 H-

2387 5595 2432 5625 ’³⁸
2457 5592 2604 5648 Psal.
2629 5607 2752 5658 tvn,
2785 5592 2839 5645 5.
2915 5593 2961 5624 ’θ
2992 5590 3206 5648 Coloss.
3245 5608 3326 5656 ιιι,
3356 5593 3408 5645 8.

1854 5692 2086 5748 VMllAS
2121 5687 2530 5746 LlCCTIONES.

589 5786 612 5814 ο
646 5776 820 5840 φίλος.
