3986 6148
355 360 486 420 15th
1381 356 1710 415 HOMILIA
1752 356 1926 414 XXV.
1957 378 2021 387 —-
2049 353 2144 411 DE
2188 338 2609 411 TRISTITM.
3469 352 3605 415 ιδῃ)

352 472 646 541 πολύτιμον
700 470 1032 545 μαργαρίτην
1082 458 1180 514 τὸν
1256 468 1463 538 Κύριον
1509 468 1662 538 ἡμῶν
1717 467 1922 537 Ἰησοῦν

2025 465 2173 518 enim
2218 464 2436 519 vocavit
2493 474 2595 515 nos
2648 461 2799 519 Deus
2829 467 2894 518 ³³.
2934 486 2951 517 ι
2989 466 3240 521 Iracundi
3281 465 3462 527 enim,
3506 481 3609 533 pro

354 560 584 627 Χριστὸν
621 559 710 612 τὸν
743 558 873 611 Θεὸν
902 556 1076 628 ἡμῶν.
1111 550 1275 622 Αὐτῷ
1301 556 1334 624 ἡ
1368 553 1494 617 δόξα
1525 556 1602 616 είς
1630 555 1758 618 τούς
1793 554 1922 606 αἰῶ-

2030 556 2236 610 Christi
2262 555 2507 609 inimicis
2529 553 2826 623 habentur,
2859 574 2958 611 ceu
2992 558 3047 612 in
3078 560 3192 612 alio
3221 559 3425 613 dictum
3450 559 3605 611 loco:

349 642 471 713 νας.
520 652 709 722 Ἀμήν.
947 643 954 650 ’
1662 680 1667 688 -
1835 720 1840 725 .

2039 666 2056 698 ι
2096 647 2400 717 Coeperunt
2438 648 2624 702 animo
2658 651 2869 703 moveri
2907 651 3187 719 principes
3217 651 3284 702 ³¹.
3342 670 3359 698 ι
3407 648 3515 702 Sed
3551 658 3609 701 et

353 746 615 808 Herodes,
635 744 830 799 videns
871 741 1018 814 quod
1065 740 1264 797 illusus
1311 749 1458 796 esset
1524 756 1553 794 a
1589 737 1790 808 Magis,
1843 739 2016 793 iratus
2054 751 2140 794 est
2179 742 2361 804 valde,
2403 752 2458 795 et
2500 741 2684 795 missis
2755 744 3088 797 satellitibus
3152 741 3352 795 occidit
3415 756 3611 795 omnes

349 852 553 907 pueros
610 836 704 905 qui
764 845 925 890 erant
980 837 1037 889 in
1099 835 1379 890 Bethleem
1438 841 1495 887 et
1554 830 1928 885 in'omnihus
1966 832 2167 887 ﬁnibus
2245 834 2394 903 ejus,
2440 842 2666 903 propter
2743 834 2905 904 longe
2948 818 3408 903 pretiosissimum
3458 846 3607 884 mar-

348 934 582 1002 garitum
617 931 709 985 cui
741 931 909 985 vitam
954 929 1238 984 invidebat
1279 945 1292 982 :
1350 942 1549 997 nempe
1594 927 1886 980 Dominum
1932 940 1995 980 ac
2032 926 2203 979 Deum
2244 935 2492 980 nostrum
2527 927 2714 981 Jcsum
2751 925 3054 992 Christum,
3086 927 3175 981 cui
3208 926 3384 995 gloria
3414 927 3469 979 in
3504 940 3607 979 sae-

349 1026 490 1082 cula.
524 1023 721 1079 Amen.

957 1124 1176 1209 ΛοΓοὲ
1207 1157 1334 1209 KE'.

944 1268 1082 1336 Περὶ
1111 1269 1333 1335 λύπης.
1350 1310 1355 1315 ,

420 1381 495 1433 “re.
530 1379 778 1450 ἀκαίρως
817 1377 1129 1441 λυπεῖσθαι,
1161 1378 1226 1430 ἐκ
1250 1374 1352 1455 τοῦ
1378 1376 1641 1449 φθονεροῦ
1669 1375 1923 1444 δαίμονός

346 1477 520 1527 ἐστιν.
548 1473 673 1525 Ἵνα
717 1475 827 1541 γάρ
861 1487 977 1533 πως
1021 1469 1317 1541 ἀποσπάσῃ
1370 1471 1434 1522 ἐκ
1464 1470 1562 1538 τῆς
1613 1466 1923 1538 προθέσεως

345 1568 444 1637 τῆς
475 1567 642 1634 εὐχῆς
666 1563 755 1615 τὸν
785 1562 929 1624 νοῦν,
956 1562 1051 1615 καὶ
1090 1562 1340 1632 ἄκαρπον
1368 1563 1570 1633 ποιήσῃ
1592 1559 1681 1613 τὸν
1710 1558 1921 1629 ἄνθρω-

345 1676 467 1721 πον,
499 1657 587 1710 διὰ
621 1655 779 1708 τοῦτο
811 1654 1117 1723 ἐπιπέμπει
1150 1652 1300 1722 αὐτῷ
1329 1653 1428 1722 τὴν
1456 1652 1687 1727 ἄκαιρον
1719 1651 1919 1719 λύπην.

347 1750 421 1802 Οὐ
456 1749 562 1819 χρὴ
591 1748 769 1801 τοίνυν
826 1746 1228 1818 παραδέχεσθαι
1276 1744 1468 1816 αὐτὴν,
1522 1746 1616 1799 καὶ
1664 1743 1924 1814 ἄχθεσθαι

346 1841 614 1911 ἀκαίρως,
644 1840 737 1892 καὶ
776 1837 1019 1909 πληροῦν
1051 1838 1148 1908 τὴν
1178 1837 1355 1907 χαρὰν
1382 1837 1476 1891 τοῦ
1503 1836 1752 1906 Ἐχοροῦ,
1783 1834 1922 1889 ἀλλά

349 1930 548 1999 μᾶλλον
574 1927 885 1997 ἀνασφῆλαι
923 1929 988 1979 ἐκ
1028 1929 1127 1998 τῆς
1169 1926 1461 1996 ἐπιϐουλῆς
1499 1925 1591 1979 τοῦ
1624 1926 1922 1994 ἀλάστορος

343 2018 436 2073 τοῦ
460 2021 557 2088 τῆς
580 2018 758 2089 λύπης
786 2018 1062 2089 δαίμονος.
1087 2019 1257 2070 Ὅταν
1287 2017 1396 2088 γὰρ
1416 2019 1478 2072 τὸ
1507 2017 1743 2088 πονηρὸν
1765 2016 1924 2069 τοῦτο

347 2112 569 2184 πνεῦμα
599 2113 996 2183 περιδράξηται
1027 2111 1128 2180 τῆς
1174 2111 1375 2181 ψυχῆς,
1423 2111 1516 2163 καὶ
1580 2111 1710 2183 ὃλην
1755 2109 1923 2180 αὐτὴν

347 2205 598 2277 σκοτίσῃ,
636 2206 736 2258 οὐκ
781 2204 947 2274 εὐχὰς
1005 2203 1246 2255 ἐκτελεῖν
1294 2202 1436 2273 μετά
1487 2202 1794 2273 προθυμίας
1825 2218 1918 2253 συ-

345 2302 570 2368 γχωρεῖ,
590 2297 713 2350 οὐτε
750 2297 909 2368 ἱερῶν
929 2297 1373 2366 ἀναγνωσμάτων
1388 2299 1453 2367 τῇ
1475 2296 1710 2366 ὠφελείᾳ
1727 2299 1925 2366 ἐγκαρο

345 2393 545 2460 τερεῖν.
603 2389 742 2443 Οὔτε
794 2390 970 2458 πρᾶον
1029 2388 1121 2439 καὶ
1167 2388 1573 2458 εὐκατάμικτον
1618 2387 1753 2456 πρὸς
1797 2387 1924 2449 τοὺς

346 2482 610 2549 ἀδελφοὺς
644 2482 889 2549 ἀφίησιν·
914 2481 1009 2533 καὶ
1036 2478 1172 2549 πρὸς
1187 2480 1357 2550 αὐτὴν
1375 2479 1469 2532 τοῦ
1494 2479 1609 2549 βίου
1628 2480 1727 2549 τὴν
1753 2480 1925 2545 ἐπαγ-

346 2572 536 2640 γελίαν
577 2573 731 2641 μῖσος
767 2574 1007 2641 ἐμποιεῖ,
1040 2570 1133 2624 καί⁸
1182 2571 1358 2624 πάντα
1409 2570 1595 2633 ἁπλῶς
1629 2571 1698 2623 τὰ
1749 2586 1925 2639 σωτη-

351 2661 518 2733 ριὼδη
548 2662 891 2732 βουλεύματα
929 2662 1030 2729 τῆς
1061 2661 1240 2732 ψυχῆς
1281 2666 1313 2732 ή
1339 2661 1486 2733 λύπη
1519 2661 1819 2729 συγχέασα,
1849 2660 1925 2721 ὡς

347 2756 557 2824 ἄφρονα
603 2754 809 2825 ταύτην
866 2757 959 2808 καὶ
1001 2756 1339 2827 παραπλῆγα
1386 2753 1782 2824 ἀπεργάζεται,
1814 2768 1924 2803 κω-

346 2847 549 2902 λύουσα
598 2847 783 2899 πᾶσαν
833 2847 1045 2918 ἀγαθὴν
1097 2846 1407 2915 συντυχίαν.
1452 2845 1560 2896 Καὶ
1607 2843 1728 2895 οὐδέ
1774 2842 1926 2910 παρὰ

347 2936 457 2991 τῶν
486 2936 728 3006 γνησίων
746 2938 916 3006 φίλων
941 2938 1302 3010 συγχωροῦσα
1321 2935 1574 3006 δέχεσθαι
1596 2934 1756 3001 λόγον
1786 2950 1927 3001 συμ-

351 3029 592 3092 ϐουλίας,
624 3029 745 3081 οὐδέ
789 3030 1075 3100 εἰρηνικὴν
1122 3029 1416 3099 ἀπόκρισιν
1457 3031 1682 3096 ἀφιεῖσα
1716 3025 1924 3086 τούτοις

2578 1153 2862 1209 IiOMlLlA
2898 1153 3062 1208 XXV.

2642 1267 2741 1335 De,
2756 1269 2997 1321 tristitia.

2102 1379 2258 1447 Quod
2306 1383 2433 1451 quis
2481 1382 2870 1451 intempestivo
2906 1381 3200 1436 conﬁcitur
3240 1398 3502 1445 maerore,
3537 1384 3607 1439 ab

2028 1472 2147 1542 ipso
2180 1481 2384 1527 nostra:
2431 1473 2626 1527 salutis
2656 1474 2856 1527 aemulo
2907 1473 3158 1529 daemone
3206 1474 3602 1542 proficiscitur.

2028 1562 2087 1617 In
2121 1563 2229 1617 hoc
2256 1564 2404 1617 enim
2451 1563 2686 1618 instillat
2720 1562 2876 1618 cordi
2896 1565 3267 1634 importunam
3296 1566 3603 1625 tristitiam.

2028 1663 2089 1709 ut
2115 1664 2356 1709 mentem
2379 1670 2407 1708 a
2433 1655 2719 1724 proposito
2746 1665 2941 1711 avocet
2964 1657 3350 1721 etamoliatur,
3375 1656 3603 1721 orandi;

1961 1756 1995 1807 [ι
2029 1760 2092 1800 ac
2126 1746 2361 1816 proinde
2397 1748 2676 1801 hominem
2727 1750 2907 1818 ipsum
2952 1749 3157 1819 infrugi
3207 1749 3401 1804 reddat
3438 1762 3604 1818 atque

2024 1838 2295 1894 inutilem.
2328 1839 2658 1910 Neutiquam
2681 1841 2851 1911 igitur
2879 1840 3223 1896 admittenda
3245 1850 3330 1897 est
3355 1841 3602 1905 tristitia,

2024 1945 2126 1985 nec
2146 1932 2417 2001 ejusmodi
2444 1933 2795 2002 suscipienda
2836 1933 3152 2003 importuna
3180 1933 3449 2003 aegritudo
3484 1935 3604 1987 ani-

2023 2021 2131 2086 mi,
2162 2031 2224 2076 ut
2255 2039 2323 2077 ne
2356 2024 2641 2078 inimicum
2692 2025 2924 2093 impleas
2968 2024 3169 2094 gaudio
3198 2042 3210 2077 :
3242 2023 3375 2093 quin
3422 2024 3608 2093 potius

2023 2115 2203 2169 calces
2224 2116 2549 2186 objiciendi,
2572 2126 2626 2169 et
2663 2116 3046 2171 reluctandum
3075 2116 3344 2170 adversus
3374 2116 3603 2170 insidias

2024 2205 2180 2260 furiae
2208 2207 2370 2261 istius
2395 2207 2697 2262 incentoris
2723 2207 2963 2262 tristitia:
2994 2202 3359 2262 dmmoni‘sfSi
3383 2207 3605 2276 quando

2024 2300 2171 2353 enim
2221 2301 2494 2370 malignus
2545 2301 2639 2354 hic
2694 2292 2928 2371 spiritus
2979 2300 3318 2356 clanculario
3366 2300 3603 2369 quodam

2025 2391 2234 2466 ambitu
2264 2392 2435 2446 menti
2467 2404 2573 2446 tuae
2594 2408 2653 2447 se
2682 2392 3070 2455 insinuaverit,
3106 2401 3275 2448 totam
3311 2408 3433 2447 eam
3463 2400 3603 2446 tetra

2025 2484 2260 2553 caligine
2289 2483 2631 2547 obscurahit,
2656 2499 2761 2538 nec
2781 2483 2893 2555 jam
2920 2483 3063 2539 sinet
3090 2499 3284 2553 preces
3315 2484 3603 2538 absolvere

2029 2584 2081 2630 te
2113 2592 2236 2630 cum
2263 2576 2546 2630 alacritate
2586 2577 2813 2646 spiritus
2838 2594 2850 2631 :
2878 2593 2988 2631 non
3016 2592 3186 2631 sacra:
3215 2575 3443 2631 lectioni
3473 2590 3603 2644 per-

2025 2668 2211 2721 mittet
2242 2666 2401 2720 ﬁxius
2437 2673 2497 2719 ut
2531 2668 2795 2731 assidcas,
2824 2668 2991 2736 idque
3032 2683 3227 2737 magno
3267 2676 3360 2723 tuo
3391 2668 3607 2721 incom-

2026 2758 2211 2811 modo.
2247 2757 2337 2811 Sic
2370 2772 2785 2827 aegrescentem,
2823 2774 2933 2812 non
2964 2759 3097 2813 sinit
3130 2774 3254 2815 cum
3288 2769 3607 2811 mansuetu-

2027 2850 2156 2905 dine
2203 2850 2447 2906 inserere
2503 2866 2560 2905 se
2605 2851 2841 2905 fratrum
2888 2851 3181 2915 sodalitio;
3234 2852 3367 2919 quin
3416 2850 3606 2905 odium

2026 2944 2215 2999 verius
2237 2944 2406 2998 menti
2441 2943 2521 2998 sic
2546 2943 2754 2998 vitiatae
2787 2943 3042 3005 instillat,
3068 2951 3125 2997 ct
3155 2943 3390 3013 ingignit
3412 2943 3610 2996 adver-

2026 3051 2121 3089 sus
2161 3037 2429 3106 propositi
2475 3036 2641 3089 semel
2689 3036 2892 3104 arrepti
2944 3036 3364 3104 professionem.
3411 3032 3606 3089 Omnia

354 3120 716 3190 μεταδιδόναι·
742 3121 875 3173 ἀλλὰ
898 3138 963 3173 πε
973 3119 1265 3191 ριλαϐοῦσα
1289 3122 1468 3173 πᾶσαν
1489 3120 1589 3189 τὴν
1611 3117 1809 3186 ψυχὴν,
1838 3132 1922 3166 πι-

2030 3126 2271 3195 denique
2318 3126 2571 3189 consilia,
2610 3125 2915 3195 quamlibet
2966 3141 3028 3178 ea
3081 3126 3191 3179 sint
3239 3134 3607 3179 consentanea

351 3212 513 3281 κρέας
555 3211 648 3264 καὶ
679 3211 871 3281 ἀηδίας
912 3214 1083 3283 αὐτὴν
1127 3215 1344 3281 πληροῖ,
1401 3213 1493 3265 καί
1538 3209 1717 3263 πείθει
1755 3206 1925 3274 αὐτὴν

350 3303 571 3371 φεύγειν
594 3304 728 3365 τοὺς
757 3301 1099 3374 ἀνθρώπους,
1129 3303 1204 3366 ὼς
1236 3303 1443 3365 αἰτίους
1464 3303 1602 3372 αὐτῇ
1627 3301 1727 3368 τῆς
1756 3314 1927 3369 ταρα-

350 3396 453 3464 χῆς
486 3397 835 3463 γενομένους.
868 3397 939 3447 Οὐ
974 3395 1082 3465 γὰρ
1117 3398 1394 3465 συγχωρεῖ
1432 3396 1569 3464 αὐτὴ
1602 3393 1922 3461 ἐπιγνῶναι,

350 3486 432 3538 ὃτι
461 3489 560 3539 οὐκ
591 3487 812 3551 ἔξωθεν,
840 3487 957 3539 ἀλλ’
985 3486 1198 3540 ἔνδοθεν
1230 3487 1344 3555 ἔχει
1387 3486 1485 3555 τὴν
1519 3486 1672 3537 νόσον
1699 3485 1926 3537 ἀποκει-

357 3576 544 3645 μένην.
577 3578 711 3629 Τότε
733 3579 788 3630 δὲ
821 3577 1170 3647 φανεροῦται,
1200 3578 1328 3630 ὅταν
1357 3577 1408 3629 οί
1436 3578 1737 3645 πειρασμυὶ
1768 3576 1927 3628 ἐπελ-

352 3665 557 3731 θόντες,
603 3668 693 3721 διὰ
747 3667 848 3737 τῆς
890 3667 1195 3738 γυμνασίας
1228 3668 1308 3730 είς
1349 3666 1410 3719 τὸ
1456 3668 1695 3736 ἐμφανὲς
1723 3667 1926 3735 ταύτην

352 3758 796 3827 προσαγάγωσιν.
817 3758 979 3828 Λύπη
1014 3755 1106 3812 οὖν
1131 3760 1279 3813 ἐστιν
1305 3760 1578 3829 κατήφεια
1603 3758 1702 3828 μὲν
1725 3759 1922 3828 ψυχῆς,

351 3848 529 3917 στόμα
560 3848 618 3900 δὲ
652 3847 867 3911 λέοντος
915 3848 1214 3903 καταπίνον
1251 3849 1496 3919 εὐχερῶς
1527 3850 1619 3903 τὸν
1653 3848 1925 3918 λυπούμε-

349 3954 458 3993 νον.
513 3940 675 4010 Δύπη
733 3941 886 3995 ἐστὶν
933 3940 1152 4012 σκώληξ
1201 3942 1451 4013 καρδίας,
1494 3941 1798 3996 κατεσθίων
1826 3942 1925 4011 τὴν

348 4035 618 4091 τεκοῦσαν
670 4032 904 4103 μητέρα.
946 4034 1059 4086 Οὐκ
1090 4028 1232 4086 οἶδεν
1279 4032 1491 4103 μέλιτος
1530 4034 1718 4098 γεῦσιν
1761 4033 1791 4086 ὁ
1835 4032 1925 4085 λυ-

350 4127 620 4197 πούμενος
648 4124 899 4197 μοναχὸς,
931 4123 1007 4186 ὡς
1037 4125 1065 4175 ό
1102 4123 1392 4191 πυρέσσων
1420 4118 1683 4191 σφοδρῶς.
1708 4122 1923 4176 Λυπού-

353 4236 510 4293 μενος
552 4218 808 4290 μοναχδς,
861 4216 924 4268 οὐ
978 4218 1120 4268 κινεί
1168 4215 1259 4268 τὸν
1309 4216 1432 4267 νοῦν
1478 4214 1614 4284 πρὸς
1665 4214 1923 4283 θεωρίαν,

347 4311 468 4363 οὐδὲ
503 4309 818 4383 προσευχὴν
856 4306 1107 4379 καθαρὰν
1157 4308 1474 4377 ἀναπέμπει
1509 4306 1638 4359 ποτὲ
1670 4306 1746 4375 τῷ
1782 4305 1922 4375 Θεῷ,

359 4405 418 4459 Ὀ
437 4405 714 4474 κρατήσας
739 4401 948 4464 παθῶν,
984 4401 1415 4469 ἐκράτησεντῆς
1448 4398 1644 4468 λύπης·
1679 4396 1921 4469 ἡττημέ-

344 4511 434 4558 νος
467 4495 523 4547 δὲ
551 4492 766 4562 ἡδονῆς,
799 4493 898 4544 οὐκ
938 4491 1260 4560 ἐκφεύξεται
1292 4492 1419 4552 τοὺς
1463 4490 1696 4559 δεσμοὺς
1726 4489 1918 4559 αὐτῆς.

360 4585 420 4639 '0
456 4583 797 4653 λυπούμενος
843 4585 1104 4652 συνεχῶς,
1143 4582 1240 4635 καί
1271 4580 1739 4652 προσποιούμενος
1780 4578 1922 4631 ἀπάο

345 4677 520 4739 θείαν,
551 4676 737 4744 ὅμοιός
783 4677 932 4728 ἐστιν
970 4675 1236 4739 νοσοῦντι,
1272 4674 1364 4726 καὶ
1408 4672 1599 4740 ὑγείαν
1630 4673 1920 4740 ὑποκρινο-

349 4773 514 4843 μένῳ.
546 4773 760 4840 ’Ὡσπερ
790 4771 899 4840 γάρ
928 4772 957 4822 ό
980 4768 1152 4822 νοσῶν
1183 4766 1439 4835 δηλοῦται
1470 4766 1574 4817 ὐπὸ
1606 4764 1706 4834 τῆς
1731 4763 1918 4833 χρόας,

344 4860 519 4923 οὓτως
553 4860 807 4929 ἐμπαθὴς
838 4859 1118 4928 ἐλέγχεται
1157 4857 1263 4910 ὐπὸ
1311 4856 1408 4925 τῆς
1451 4855 1652 4924 λύπης.
1695 4855 1753 4906 ὐ
1784 4854 1919 4920 ἀγα-

345 4951 465 5003 πῶν
496 4951 588 5004 τὸν
614 4950 841 5020 κόσμον,
874 4938 1251 5017 λυπηθήσεται
1281 4946 1472 5010 πολλόν
1498 4947 1525 4996 ὀ
1559 4942 1919 5011 καταφρονῶν

341 5044 452 5094 τῶν
482 5045 539 5095 ἐν
575 5043 745 5111 αὐτῷ.
769 5042 1203 5112 εὐφρανθήσεται
1230 5039 1315 5092 διὰ
1348 5038 1565 5099 παντός.
1595 5039 1705 5089 Καί
1732 5035 1921 5104 ὥσπερ

345 5137 711 5203 χωνευτήριον
750 5135 1006 5203 καθαίρει
1054 5131 1316 5199 ἀδόκιμον
1370 5127 1655 5197 ἀργύριον,
1682 5124 1856 5186 οὕτως
1885 5126 1918 5194 ὴ

342 5228 485 5278 κατά
507 5224 642 5276 Θεὸν
674 5223 817 5295 λύπη
846 5224 1072 5295 καρδίαν
1099 5223 1408 5292 ἐνάμαρτον
1438 5220 1716 5289 καθαίρει.
1747 5219 1925 5271 Καλὸν

341 5315 434 5371 οὖν
470 5319 610 5386 ἄγαν
644 5318 738 5370 καὶ
772 5320 1047 5386 συμφέρον
1095 5321 1160 5386 τῇ
1203 5316 1371 5385 ψυχῇ,
1403 5314 1463 5366 τὸ
1512 5312 1784 5382 στιϐαρῶς
1831 5311 1926 5380 βα·

343 5406 561 5470 στάζειν
601 5409 784 5458 πᾶσαν
827 5408 1028 5475 θλίψιν,
1084 5407 1193 5459 εἴτε
1253 5405 1402 5473 παρά
1442 5402 1769 5470 ἀνθρώπιον,
1811 5404 1922 5455 εἴτε

345 5497 496 5566 πτιρά
528 5498 799 5567 δαιμόνων
833 5501 1185 5567 ἐπαγομένην
1209 5539 1223 5561 ,
1279 5496 1375 5549 καὶ
1423 5496 1619 5547 εἱδὲναι
1657 5494 1919 5564 ἀκριϐῶς,

342 5594 536 5658 ὅτιπερ
562 5590 832 5659 χρεῶσται
860 5592 1179 5660 ὑπάρχομεν
1205 5591 1302 5656 τῆς
1328 5591 1771 5657 καταπονήσεως.
1799 5587 1919 5659 Χρὴ

420 5742 515 5796 “l
547 5743 691 5796 Pctr.
726 5757 779 5803 ν,
820 5740 904 5796 l0.

986 5740 1029 5770 ³⁸
1058 5740 1243 5794 Palatii).
1276 5755 1331 5800 ιι,
1358 5749 1416 5801 5.

2028 3217 2288 3285 paranda
2322 3217 2485 3271 saluti
2512 3226 2569 3271 et
2605 3215 3037 3278 accommodata,
3068 3216 3238 3269 scmcl
3277 3216 3368 3269 ubi
3405 3217 3607 3282 permi-

2029 3309 2238 3362 scuerit
2268 3323 2324 3361 se
2356 3323 2560 3363 matror
2576 3309 2665 3363 hic
2690 3308 2929 3363 animam
2945 3306 3608 3367 circumfundcns,homi-

2030 3415 2156 3455 nem
2199 3401 2383 3455 reddit
2415 3401 2644 3469 perinde
2677 3415 2740 3454 ac
2774 3400 3174 3460 vesanientem,
3209 3409 3503 3466 menteque
3544 3413 3608 3453 ac

2028 3501 2252 3560 stupore
2281 3502 2525 3560 captum,
2554 3491 2634 3544 illi
2666 3489 3008 3544 interdicens
3033 3489 3173 3541 bona
3206 3487 3355 3540 omni
3383 3502 3609 3540 consuc-

2029 3584 2220 3637 tudine
2257 3599 2322 3637 ac
2354 3585 2584 3637 fratrum
2616 3597 2954 3651 congressu;
2998 3580 3138 3632 adeo
3169 3586 3229 3631 ut
3263 3592 3366 3632 nec
3407 3595 3437 3632 ξι
3479 3595 3607 3647 ger-

2026 3688 2186 3726 mane
2225 3672 2418 3727 amicis
2447 3672 2676 3726 cxhibiti
2715 3671 2932 3727 consilii
2978 3671 3235 3723 salutaris
3274 3670 3417 3723 sinat
3454 3671 3602 3723 exci-

2025 3780 2157 3833 pere
2184 3778 2467 3819 sermones
2496 3765 2639 3827 illos,
2663 3764 2757 3817 sed
2780 3779 2849 3816 ne
2880 3762 3046 3818 etiam
3085 3777 3350 3830 responso
3378 3762 3605 3830 paciﬁco

2026 3871 2090 3909 ac
2121 3856 2371 3910 modesto
2408 3856 2698 3926 dignatur;
2737 3854 2870 3923 quin
2898 3854 2977 3907 sic
3009 3867 3201 3906 omnes
3240 3852 3434 3905 animae
3460 3852 3605 3907 vires

2026 3946 2398 4015 circumplexa
2459 3946 2629 4000 semel
2690 3944 2952 4008 tristitia,
3013 3950 3181 3995 totam
3242 3940 3605 3994 amarulentia

2026 4039 2265 4106 complet
2281 4046 2445 4106 atque
2463 4036 2671 4091 insuavi
2692 4035 3041 4104 intemperie.
3058 4033 3359 4088 Persuadet
3375 4032 3606 4102 proinde

2025 4128 2280 4184 homines
2313 4137 2373 4184 ut
2392 4128 2729 4183 vitabundus
2756 4127 3002 4195 defugiat
3031 4126 3185 4195 quasi
3217 4134 3471 4179 auctores
3494 4140 3606 4178 sum

2027 4223 2188 4276 istius
2213 4222 2585 4276 turbnlcntim.
2628 4221 2818 4290 Neque
2847 4222 2992 4275 cnim
3021 4218 3290 4288 permittit
3334 4226 3394 4271 ut
3431 4232 3604 4286 agno-

2029 4324 2147 4368 scat
2167 4314 2551 4384 mgritudinem
2581 4324 2702 4382 qua:
2727 4326 2783 4366 se
2814 4319 2992 4380 urget.
3028 4311 3097 4364 ah
3124 4309 3320 4363 intimo
3348 4308 3602 4378 prosilire

2028 4405 2195 4458 animi
2224 4419 2468 4467 recessu,
2491 4403 2585 4458 sed
2612 4411 2861 4457 cxterne.
2895 4401 3049 4455 Tunc
3076 4399 3340 4453 elucescit
3362 4399 3601 4467 primum

2026 4495 2250 4560 veritas,
2281 4512 2405 4550 cum
2453 4495 2787 4549 tentationcs
2818 4509 2939 4563 qua:
2973 4492 3232 4547 miserum
3267 4492 3602 4551 invaserant,

2028 4586 2084 4641 in
2107 4596 2351 4657 apertam
2381 4604 2439 4643 se
2471 4589 2760 4657 proferunt
2785 4588 2963 4641 lucem
2989 4604 3002 4639 :
3028 4585 3173 4656 quod
3204 4585 3317 4639 sola
3338 4585 3605 4654 contingit

2026 4680 2448 4734 exercitatione.
2485 4679 2735 4733 Tristitia
2779 4679 2949 4748 igitur
2982 4678 3179 4731 animae
3206 4687 3289 4732 est
3320 4678 3606 4732 mmrentis

2029 4771 2299 4840 dejectio;
2356 4787 2418 4826 os
2472 4780 2659 4826 autem
2725 4771 2933 4833 leonis,
2984 4769 3262 4824 helluonis
3317 4768 3449 4831 ritu,
3492 4783 3602 4822 non

2025 4875 2226 4929 magno
2273 4860 2497 4930 negotio
2545 4859 2804 4913 absorbet
2851 4873 3088 4913 mmrore
3128 4857 3221 4911 tali
3268 4856 3600 4910 confertum.

2030 4950 2279 5007 Tristitia
2338 4952 2546 5007 vermis
2606 4958 2690 5006 est
2748 4950 2969 5016 cordis,
3042 4958 3315 5005 suammet
3367 4948 3607 5003 exedens

2030 5054 2282 5099 matrem.
2319 5045 2651 5114 Ncutiqnam
2682 5044 2798 5099 hazc
2828 5044 3209 5111 experimento
3234 5041 3602 5103 didicit,sua-
3645 5042 3650 5051 '

2030 5135 2115 5187 vis
2135 5152 2296 5203 quam
2333 5136 2403 5188 sit
2427 5145 2624 5203 gustus
2651 5136 2850 5189 mellis.
2875 5134 3171 5188 Monachus
3196 5145 3429 5185 mcerore
3466 5128 3606 5181 inta-

2024 5225 2277 5285 besccns,
2303 5227 2563 5280 assimilis
2598 5238 2681 5281 est
2710 5230 2761 5283 ci
2796 5226 2890 5295 qui
2922 5222 3243 5279 exicstnanti
3278 5221 3429 5274 febre
3454 5219 3607 5272 labo-

2024 5323 2129 5366 rat.
2160 5312 2260 5376 ριιὶ
2284 5313 2588 5366 continenti
2618 5310 2840 5366 tristitia
2866 5312 3080 5365 laborat
3112 5308 3433 5367 monachus,
3454 5305 3607 5360 nullo

1996 5404 2115 5458 'hic
2171 5415 2330 5474 pacto
2387 5416 2628 5459 mentem
2688 5404 2754 5457 ad
2811 5400 3303 5471 contemplationis
3356 5396 3606 5468 subrigct

2021 5495 2296 5558 studium,
2355 5496 2566 5566 1957
2613 5508 2793 5563 neque
2846 5494 2914 5548 ad
2976 5493 3280 5547 orationem
3332 5490 3604 5544 sinceram

2020 5601 2141 5654 qua:
2173 5585 2237 5637 ad
2271 5585 2437 5638 L‘cnm
2465 5585 2796 5649 destinetur,
2829 5591 3069 5637 utentem
3118 5579 3386 5635 rcllectct.
3417 5576 3608 5632 Victor
