3986 6148
486 356 624 424 ιδιι

1750 328 2116 409 ANTIOCHI
2158 346 2502 408 MONACHI

3609 346 3749 413 1.212

484 465 806 537 passionum
841 461 1033 532 utique
1077 461 1258 515 victor
1306 457 1545 514 tristitiae
1581 465 1685 512 est.
1736 455 1910 522 Quem
1939 455 2075 509 vicit

2192 456 2269 511 >bv
2314 459 2372 509 ὲν
2403 458 2674 527 προσευχῇ
2713 456 2807 513 καὶ
2849 454 3095 525 ὑπομονῇ
3152 454 3468 524 ἀντιστῆναι
3517 455 3598 527 τῷ
3630 457 3749 511 δαί-

486 559 764 626 voluptas,
816 555 863 609 is
910 569 1020 608 non
1070 551 1231 606 facile
1270 550 1528 618 effugerit
1562 548 1803 602 tristitiae
1828 546 2067 600 vincula.

487 645 959 715 Qui’continenti
1029 642 1255 695 tristitia
1307 640 1622 705 coniicitur,
1677 653 1915 706 cumque
1969 638 2072 690 bac

488 740 734 809 perfecta
769 736 967 789 anima:
1002 733 1458 801 tranquillitatem
1500 731 1606 785 sibi
1658 739 1719 784 ut
1765 736 2069 797 comparet,

489 830 784 889 adnititur,
825 826 1087 880 assimilis
1140 834 1226 879 est
1279 824 1331 878 ei
1384 824 1481 893 qui
1525 821 1777 894 aegrescit
1825 820 2069 890 quidem,

490 918 589 974 sed
644 918 1000 972 simulatione
1053 915 1359 969 ementitur
1406 914 1614 967 habere
1661 928 1720 967 se
1754 911 2070 965 sanitatem.

489 1007 967 1075 Quemadmodum
1015 1007 1100 1059 vel
1137 1006 1325 1058 colore
1370 1004 1496 1072 quis
1540 1019 1598 1058 se
1645 1002 1849 1072 prodit,
1879 1002 2074 1055 morbo

491 1100 536 1152 si
570 1100 866 1169 premitur,
911 1098 986 1150 ita
1019 1097 1114 1165 qui
1153 1095 1573 1165 perturbatione
1606 1095 1774 1147 animi
1814 1093 2073 1162 quapiam

491 1187 767 1256 agitatur,
834 1185 1071 1238 tristitia:
1131 1184 1483 1236 convincitur
1552 1191 1895 1250 argumento.
1970 1180 2074 1246 Qui

495 1279 765 1333 mundum
810 1277 1013 1346 diligit,
1055 1278 1103 1329 is
1130 1290 1360 1329 necesse
1395 1276 1468 1328 sit
1502 1284 1562 1328 ιιι
1601 1274 1837 1328 subinde
1871 1274 2078 1329 contri-

494 1376 676 1423 stetur
701 1377 759 1420 et
785 1374 1052 1428 maereat;
1086 1365 1181 1433 qui
1222 1373 1406 1416 autem
1439 1377 1561 1432 quae
1593 1361 1650 1414 in
1690 1360 1898 1414 mundo
1948 1369 2079 1415 sunt

494 1460 670 1523 bona,
714 1474 785 1512 ne
836 1458 1033 1511 tantilli
1085 1454 1323 1525 quidem,
1348 1455 1522 1518 ducit,
1568 1455 1684 1525 jugi
1735 1454 1922 1507 laetitia
1955 1469 2080 1522 per-

494 1549 731 1604 fruetur.
770 1548 1256 1613 Quemadmodum
1288 1545 1605 1601 conﬂatoria
1641 1560 1735 1598 ars
1768 1561 1835 1598 ex
1870 1543 2079 1613 plumbi

494 1641 731 1695 materia
781 1639 1161 1709 detraliitjugi
1200 1638 1531 1692 conﬂatione
1576 1646 1633 1691 et
1678 1635 1976 1699 imminuit,
2006 1636 2081 1688 ita

494 1741 552 1786 et
581 1732 808 1786 tristitia
838 1731 1031 1783 mundi
1060 1730 1223 1784 istius
1258 1738 1499 1782 mentem
1535 1728 1743 1782 atterit.
1773 1728 1842 1782 Ut
1883 1743 2081 1797 argen-

2176 566 2297 619 μονι
2328 547 2520 617 τούτῳ.
2561 546 2619 601 '0
2647 547 2757 618 γὰρ
2785 546 2939 609 ἐκτὸς
2987 548 3295 618 προσευχῆς
3337 549 3432 599 καὶ
3469 548 3753 618 ὑπομονῆς

2172 641 2517 710 πειρασμοὺς
2572 641 2792 708 νικῆσαι
2848 639 3040 701 θέλων,
3071 641 3171 692 οὐκ
3217 639 3498 692 ἀπώσεται
3527 641 3752 704 αὐτοὺς,

2171 732 2308 786 ἀλλὰ
2349 733 2512 786 πλέον
2542 734 2953 803 ὲμπλακήσεται
2979 732 3181 795 αὐτοῖς.
3222 733 3433 786 Οὐκοῦν
3466 735 3557 785 καὶ
3594 734 3752 802 ἡμεῖς

2171 822 2240 876 δι’
2280 823 2561 893 ὑπομονῆς
2584 826 2681 876 σὺν
2710 824 2788 893 τῷ
2813 823 2974 876 Δαυῒδ
3009 823 3303 892 ψάλλομεν·
3335 842 3353 873 ι
3372 822 3490 876 Ἵνα
3510 824 3565 875 τί
3599 823 3754 893 περί-

2172 912 2341 977 λυπος
2387 909 2458 977 εἴ,
2489 915 2521 983 ἡ
2554 914 2700 983 ψυχή
2742 932 2865 981 μου,
2896 912 2989 965 καὶ
3021 914 3106 966 ἵνα
3130 913 3182 966 τί
3212 916 3611 983 συνταράσσεις
3651 931 3753 980 με;

2173 1001 2395 1054 ἐλπισον
2428 1002 2523 1053 ἐπὶ
2577 1002 2669 1054 τὸν
2714 1001 2865 1065 Θεὸν,
2921 1002 3005 1053 ὅτι
3058 1000 3529 1071 ἐξομολογησομαί
3586 1002 3754 1071 αὐτῷ,

2177 1093 2445 1163 σωτήριον
2500 1092 2594 1144 τοῦ
2658 1093 2949 1159 προσώπου
3012 1109 3149 1162 μου,
3198 1095 3291 1145 καὶ
3322 1097 3349 1146 ὁ
3387 1094 3517 1154 Θεός
3570 1111 3749 1163 μου.»

2189 1185 2496 1253 Ἀμήχανον
2526 1184 2635 1253 γάρ
2687 1185 2834 1237 ἐστιν
2887 1184 3056 1252 χωρὶς
3109 1183 3286 1253 λύπης
3339 1185 3644 1255 παρελθεῖν
3673 1185 3757 1236 τὸν

2178 1276 2648 1345 ὲμπαιδευόμενον
2672 1277 2785 1337 τοῖς
2812 1276 3158 1343 πειρασμοῖς.
3193 1275 3356 1327 Ἀλλὰ
3390 1278 3522 1345 μετὰ
3561 1276 3753 1340 ταῦτα,

2179 1368 2385 1431 πολλῆς
2431 1368 2608 1437 χαρᾶς
2660 1366 2993 1438 πληροῦνται
3027 1369 3076 1419 οἱ
3106 1368 3336 1419 τοιοῦτοι
3373 1369 3643 1436 (μάλιστα
3670 1371 3758 1422 ἐὰν

2178 1459 2245 1512 δι’
2278 1460 2441 1528 εὐχῆς
2481 1462 2576 1512 καὶ
2622 1459 2909 1528 ὑπομονῆς
2933 1458 3159 1521 ἑαυτοὺς
3200 1457 3641 1530 καθοπλίσωσ.ν)
3672 1462 3757 1513 καὶ

2180 1548 2436 1619 δακρύων
2460 1549 2729 1617 γλυκέων,
2752 1549 2847 1601 καὶ⁴
2869 1548 3159 1622 νοημάτων
3192 1548 3375 1610 θείων,
3407 1550 3528 1602 ὅσοι
3560 1551 3759 1619 ὲγεὼρο

2182 1655 2358 1708 γησαν
2396 1639 2487 1691 τὸν
2533 1640 2694 1691 πόνον
2744 1640 2839 1692 καὶ
2886 1638 2984 1709 τὴν
3025 1638 3203 1707 θλίψιν
3240 1640 3297 1690 ὲν
3348 1642 3470 1701 ταῖς
3512 1643 3757 1710 καρδίαις

2184 1731 2388 1785 αὐτῶν.
2422 1732 2508 1784 Ἐν
2535 1718 2643 1801 η’ὰρ
2681 1734 2801 1794 ταῖς
2834 1731 3100 1800 θλϊψεσιν,
3136 1733 3249 1793 τοῖς
3291 1729 3623 1805 ἀθλοῦσινηοὶ
3649 1734 3758 1785 στέ-

496 1834 615 1880 tum
655 1823 866 1892 alioqui
916 1824 1219 1891 reprobuin
1269 1822 1557 1875 collustrat
1600 1818 1982 1874 conﬂatorium
2025 1827 2081 1872 et

2192 1839 2360 1893 pavet.
2403 1824 2556 1876 Ἐπεὶ
2585 1825 2680 1876 ἐὰν
2716 1823 2968 1892 χαυνωθῇ
2996 1824 3024 1875 ὁ
3052 1822 3312 1891 λογισμὸς
3343 1824 3408 1874 ὲκ
3438 1822 3545 1886 τῆς
3576 1826 3754 1893 εὐχῆς.

494 1915 693 1987 purius
718 1915 923 1977 reddit,
943 1915 1024 1967 sic
1044 1914 1268 1968 tristitia
1286 1928 1413 1981 quae
1435 1911 1742 1967 secundum
1773 1911 1945 1963 Deum
1972 1917 2078 1973 est,

497 2021 594 2060 cor
630 2006 839 2075 expiat,
877 2008 1009 2060 licet
1056 2007 1379 2060 oecalluerit
1425 2004 1637 2075 peccati
1685 2003 1887 2058 scoria.
1939 2001 2082 2056 Sane

497 2100 782 2171 egregium
812 2107 899 2152 est
931 2107 988 2153 et
1032 2098 1231 2152 anima:
1266 2098 1531 2151 conducit
1563 2111 1673 2150 non
1701 2093 2081 2158 mediocriter,

501 2204 725 2243 omnem
757 2189 1032 2243 invectam
1057 2188 1409 2241 aﬂlictionem
1444 2187 1570 2240 forti
1594 2186 1842 2257 perferre
1877 2185 2080 2249 animo,

503 2279 619 2341 sive
656 2279 1010 2347 improbitate
1049 2278 1335 2339 hominum
1365 2294 1431 2331 ea
1459 2278 1735 2346 inﬂigatur
1768 2276 2083 2346 impressio,

505 2369 620 2423 sive
675 2370 917 2422 assultus
977 2368 1070 2422 hic
1133 2369 1421 2422 incentore
1484 2368 1730 2423 daamone
1788 2368 2082 2436 irrogetur,

504 2460 603 2516 sed
641 2469 697 2514 et
750 2476 912 2515 nosse
950 2469 1001 2514 te
1032 2462 1282 2515 exactius
1310 2461 1570 2515 convenit
1601 2475 1704 2515 nos
1742 2460 1900 2513 istius
1927 2458 2085 2512 debi-

505 2560 657 2607 tores
678 2566 807 2605 esse
845 2567 1106 2605 aerumna:
1136 2560 1192 2605 et
1220 2550 1551 2607 aﬂlictionis.
1579 2550 1731 2620 Opus
1760 2552 1925 2621 igitur
1957 2550 2087 2604 huic

507 2656 571 2702 ut
606 2648 956 2702 obluctemur
992 2663 1136 2702 saevo
1167 2647 1424 2713 daatuoni,
1478 2645 1733 2716 praesidio
1779 2643 2001 2699 subnixi
2033 2651 2089 2697 et

505 2738 775 2794 orationis
801 2747 857 2791 et
883 2738 1163 2808 patientia:
1190 2755 1203 2792 :
1238 2754 1363 2792 nam
1394 2739 1489 2807 qui
1522 2738 1885 2792 tentationum
1905 2733 2089 2806 jacula

507 2844 541 2884 a
589 2846 647 2886 se
702 2831 984 2900 depellere
1017 2832 1245 2901 quidem
1278 2832 1425 2895 vult,
1461 2847 1563 2886 nec
1611 2832 1767 2887 fulcit
1816 2846 1876 2884 se
1918 2828 2089 2882 armis

511 2921 781 2976 orationis
806 2931 862 2976 et
902 2923 1203 2990 patientite,
1245 2923 1385 2977 adeo
1410 2939 1439 2976 a
1469 2937 1529 2976 se
1558 2938 1667 2975 non
1695 2920 1946 2992 proﬂigat
1972 2933 2087 2983 eas,

511 3021 575 3067 ut
594 3021 762 3065 etiam
797 3013 907 3066 illis
934 3014 1250 3083 perplexius
1281 3014 1607 3067 involvatur.
1639 3013 1749 3068 Nos
1774 3013 1940 3082 igitur
1964 3026 2090 3066 cum

511 3103 675 3161 beato
728 3104 901 3157 David
963 3105 1263 3159 tolerantes
1316 3104 1691 3167 aﬂlictionem,
1727 3105 2027 3173 psallamus
2072 3116 2086 3153 :

519 3209 539 3243 ι
576 3191 779 3260 thuid
808 3191 979 3245 tristis
1030 3207 1112 3257 es,
1143 3193 1324 3246 anima
1351 3209 1490 3259 mea,
1517 3203 1575 3247 et
1596 3208 1768 3262 quare
1792 3192 2090 3246 conturbas

512 3283 641 3338 me?
665 3280 843 3352 Spera
863 3283 917 3335 in
953 3282 1084 3343 Deo,
1117 3284 1377 3353 quoniam
1406 3282 1714 3337 conﬁtebor
1737 3283 1823 3347 ei;
1849 3285 2089 3337 salutare

510 3374 702 3428 vultus
732 3373 839 3427 mei
874 3384 929 3427 et
959 3375 1103 3428 Deus
1129 3389 1284 3428 mcus
1307 3376 1371 3428 θ’.
1408 3395 1425 3425 ι
1454 3375 1643 3443 Neque
1668 3374 1816 3428 enim
1845 3375 1939 3443 qui
1974 3386 2091 3427 ten-

514 3466 787 3519 tationum
828 3465 1191 3520 vibrameutis
1221 3466 1496 3530 eruditur,
1543 3466 1807 3535 possibile
1855 3467 1927 3520 sit
1955 3465 2090 3535 quin

514 3564 751 3608 mcerent
780 3569 845 3608 ac
878 3558 1148 3610 tristetur.
1181 3557 1360 3625 Atque
1404 3557 1677 3625 patienter
1700 3557 1930 3610 tolerato
1959 3570 2092 3625 ago-

515 3660 624 3711 ne,
689 3646 824 3700 talcs
879 3662 991 3698 non
1049 3647 1313 3701 mediocri
1373 3648 1782 3718 perlunduntur
1852 3648 2088 3718 gaudio;

515 3736 752 3790 maxime
786 3737 832 3790 si
881 3737 1093 3806 seipsos
1124 3739 1292 3793 armis
1336 3739 1764 3793 communierint
1802 3739 2090 3802 orationis,

519 3825 819 3894 patienti-.e,
854 3838 910 3881 et
940 3828 1186 3882 dulcium
1226 3830 1613 3899 lacrymarum,
1641 3844 1857 3884 necnon
1885 3828 2093 3891 intelli-

516 3919 702 3988 gentia
733 3919 933 3974 divinae
972 3919 1290 3988 Scripturaa.
1328 3923 1753 3993 Quanticunque
1780 3922 1929 3977 enim
1964 3929 2094 3977 sunt

518 4021 660 4077 quos
690 4009 847 4064 labor
876 4020 932 4064 et
973 4010 1195 4064 atllictio
1226 4026 1526 4066 exercuere
1556 4013 1611 4067 in
1653 4014 1914 4067 cordibus
1943 4015 2095 4070 suis?

517 4096 651 4153 Jure
676 4099 934 4166 quidem!
967 4098 1198 4154 Coronae
1230 4102 1379 4155 enim
1405 4117 1635 4172 agonem
1676 4102 1895 4157 fortiter
1927 4104 2096 4157 susti-

521 4190 783 4244 nentibus
813 4192 1236 4246 concinnantur.
1260 4194 1416 4259 Quod
1447 4197 1492 4248 si
1520 4210 1676 4249 mens
1706 4197 1903 4250 inertia
1926 4198 2096 4251 animi

520 4291 838 4347 enervetur,
886 4298 1012 4336 mox
1052 4283 1276 4339 tristitia
1328 4285 1590 4340 arrodere
1634 4287 1830 4357 incipit
1858 4288 2099 4344 hominis

522 4386 640 4432 cur,
694 4372 849 4442 juxta
910 4376 1239 4433 sententiam
1309 4378 1681 4446 superiorem,
1734 4395 1835 4434 ceu
1895 4382 2099 4435 assolet

522 4461 750 4530 pallium
806 4463 1041 4517 exedere
1102 4465 1278 4528 tinea,
1336 4466 1542 4519 vermis
1588 4466 1797 4536 lignum
1856 4467 1912 4525 in
1965 4466 2099 4537 ligni

525 4554 743 4608 ossibus
791 4565 1110 4624 prognatus.
1169 4557 1610 4625 Deprehenditnr
1656 4562 1819 4614 homo
1860 4569 1989 4616 tunc
2047 4560 2103 4614 in

527 4642 851 4698 densissima
899 4649 1109 4701 versari
1157 4650 1387 4718 caligine
1431 4653 1848 4721 cogitationum.
1891 4645 1970 4707 Ob
2000 4653 2107 4709 hoc

528 4748 701 4789 unum
755 4735 1017 4791 admonet
1062 4738 1378 4809 Scriptura,
1429 4742 1619 4796 dicens
1664 4760 1678 4796 :
1736 4762 1752 4793 ι
1802 4741 2103 4797 Tristitiam

530 4824 691 4895 longe
726 4836 913 4880 averte
942 4843 972 4881 a
1009 4836 1096 4895 te;
1135 4831 1337 4885 multos
1355 4832 1504 4887 enim
1537 4833 1742 4889 occidit
1773 4834 2014 4899 tristitia,
2050 4841 2108 4889 et

531 4932 641 4970 non
672 4927 757 4971 est
784 4919 993 4974 utilitas
1030 4921 1084 4974 in
1115 4937 1179 4976 ea
1203 4924 1267 4976 ³³.
1305 4943 1321 4973 i
1355 4925 1421 4977 Et
1448 4942 1460 4977 :
1497 4945 1513 4975 ι
1544 4926 1623 4979 Ex
1654 4927 1874 4982 tristitia
1909 4942 2107 4997 prove-

532 5010 616 5061 nit
660 5024 809 5064 mors
849 5010 912 5062 “.
948 5030 966 5061 ›
1002 5012 1067 5065 Ει
1103 5031 1114 5065 :
1155 5031 1172 5063 ι
1220 5013 1466 5070 Tristitia
1508 5018 1691 5072 cordis
1731 5016 2020 5072 inclinabit
2050 5024 2109 5071 et

496 5102 775 5167 _emollict
809 5102 982 5159 robur
1002 5104 1064 5158 ³³.
1102 5124 1119 5157 ι
1151 5106 1368 5162 lnducit
1398 5125 1410 5160 :
1446 5126 1463 5161 ι
1502 5109 1582 5164 Ne
1606 5109 1705 5164 des
1735 5111 1790 5164 in
1827 5110 2108 5165 tristitiam

531 5209 629 5249 cor
664 5204 839 5263 tuum,
876 5197 972 5252 scd
1000 5198 1157 5254 aufer
1189 5215 1308 5255 eam
1342 5200 1440 5256 abs
1469 5211 1542 5267 te,
1569 5211 1849 5257 memento
1877 5200 2112 5255 novissi-

534 5300 748 5341 morum
796 5288 918 5357 ejus
944 5290 1011 5341 '°.
1060 5310 1078 5341 ι
1114 5290 1317 5347 Averte
1370 5293 1535 5364 igitur
1584 5295 1682 5349 abs
1726 5303 1777 5349 te
1817 5292 2100 5347 tristitiam

533 5373 704 5441 hanc,
733 5387 788 5432 ct
814 5394 881 5434 ne
912 5382 1205 5437 contristes
1244 5382 1509 5453 Spiritum
1544 5397 1795 5440 sanctum
1825 5385 1918 5453 qui
1955 5385 2009 5439 in
2050 5392 2102 5438 te

534 5465 769 5531 habitat,
810 5487 876 5525 ne
901 5472 1043 5528 forte
1086 5475 1394 5544 interpellet
1422 5477 1591 5531 Deum
1621 5486 1677 5532 et
1715 5478 1938 5532 recedat
1965 5493 1995 5531 a
2031 5485 2105 5533 te.

535 5558 775 5631 Spiritus
816 5565 964 5617 enim
1014 5566 1110 5619 Dei
1152 5567 1245 5636 qui
1289 5568 1343 5621 in
1380 5568 1521 5623 hanc
1562 5569 1726 5622 etiam
1775 5584 1999 5623 carnem
2047 5585 2107 5624 se

609 5742 655 5772 δ’
687 5745 825 5797 Psai.
855 5761 935 5799 xu
966 5786 978 5809 ,
1024 5748 1075 5813 Ο,
1124 5749 1174 5801 7.
1280 5752 1321 5779 ³³
1366 5751 1532 5804 Eccli.
1583 5768 1703 5814 xxx,
1753 5753 1839 5816 Eli,
1873 5752 1961 5806 2'3.

2070 5753 2306 5809 3"Eccli.
2355 5762 2551 5809 εἶιναι
2605 5755 2694 5810 19.
2765 5757 2808 5788 ³³
2858 5753 2993 5810 ibid-

2181 1915 2410 1985 ἄρχεται
2444 1915 2478 1983 ἡ
2518 1913 2683 1984 λύπη-
2703 1912 3011 1966 κατεσθίειν
3040 1913 3139 1984 τὴν
3172 1913 3405 1984 καρδίαν
3426 1913 3528 1967 τοῦ
3555 1914 3756 1984 ἀνθρὼο

2184 2024 2310 2071 που,
2354 2006 2429 2069 ὡς
2473 2007 2713 2075 εἰρηται,
2758 2003 2946 2074 ὥσπερ
2994 2003 3091 2073 σὴς
3143 2005 3379 2073 ἱμάτιον,
3414 2005 3517 2057 καὶ.
3550 2004 3753 2073 σκώληξ

2185 2095 2361 2163 ξύλον,
2393 2098 2451 2148 ὲν
2480 2099 2592 2158 τοῖς
2616 2093 2823 2156 ὀστέοις
2855 2092 3017 2147 αὑτοῦ
3047 2095 3331 2163 γινομένη.
3365 2095 3477 2148 Καὶ
3508 2096 3754 2164 εὑρίσκε-

2182 2207 2274 2242 ται
2314 2192 2343 2243 ό
2379 2188 2665 2259 ἄνθρωπος
2704 2186 3027 2256 σκυθρωπὸς
3070 2188 3128 2239 ὲν
3162 2186 3423 2240 σκοτώσει
3457 2187 3751 2257 λογισμῶν.

2184 2281 2283 2336 Διὰ
2312 2279 2472 2333 τοῦτο
2517 2280 2613 2332 καί
2638 2280 2672 2350 η
2711 2278 2903 2348 Γραφὴ
2938 2281 3197 2349 παραινεῖ
3223 2278 3479 2347 λέγουσα,
3521 2299 3542 2332 ι
3575 2280 3754 2350 Λύπην

2186 2373 2404 2445 μακράν
2431 2371 2739 2441 ἀπόστησον
2774 2371 2881 2424 ἀπὸ
2911 2369 3026 2424 σοῦ·
3063 2370 3289 2433 πολλοὺς
3311 2376 3419 2442 γὰρ
3436 2373 3752 2424 ἀπέκτεινεν

2186 2465 2414 2535 ήλύπη,
2478 2465 2572 2517 καὶ
2626 2463 2728 2516 ούκ
2777 2462 2925 2515 ἔστιν
2977 2463 3219 2530 ὠφέλεια
3258 2466 3331 2529 ,ὲν
3364 2466 3535 2533 αὐτῇ.
3580 2482 3599 2514 ι
3629 2463 3751 2515 Καί·

2192 2575 2211 2609 ι
2261 2556 2393 2609 ’Δπδ
2432 2555 2610 2624 λύπης
2643 2554 2888 2606 ἐκϐαίνει
2918 2553 3200 2617 θάνατος.»
3227 2555 3332 2608 Καί
3359 2572 3373 2585 ·
3404 2555 3612 2621 «Anim;
3634 2569 3757 2624 καρ-

2183 2647 2322 2713 δίας,
2351 2646 2558 2717 κάμψει
2590 2646 2765 2715 ἰσχύν.
2802 2664 2821 2696 ι
2855 2647 3186 2714 Καὶὲπάγει
3209 2662 3223 2674 θ
3272 2664 3291 2697 ι
3321 2647 3415 2714 Μὴ
3448 2644 3645 2708 δώσεις
3672 2643 3757 2697 λύ-

2190 2757 2297 2810 πην
2345 2741 2411 2809 τῇ
2448 2739 2650 2809 καρδίᾳ
2689 2755 2808 2800 σου,
2856 2736 2995 2790 ἀλλὰ
3039 2738 3349 2805 άπόστησον
3393 2738 3593 2808 αὐτὴν,
3641 2738 3756 2806 μνήσ

2191 2832 2444 2900 σθητι-τὰ
2488 2830 2692 2899 ἔσχατα
2727 2829 2915 2897 αὐτῆς.
2960 2847 2979 2880 ι
3020 2824 3192 2898 τΔρον
3229 2827 3323 2883 οῦν
3358 2829 3465 2882 ἀπὸ
3497 2829 3592 2882 σοῦ
3631 2825 3756 2880 ταύ·

2188 2942 2288 2995 την
2318 2924 2417 2985 τὴν
2459 2921 2657 2990 λύπην,
2690 2908 2803 2973 καὶ⁴
2832 2920 2907 2991 μὴ
2951 2919 3112 2972 λύπει
3141 2921 3201 2972 τὸ
3240 2920 3464 2990 Πνεῦμα
3496 2922 3557 2974 τὸ
3585 2921 3753 2986 ἅγιον,

2188 3013 2248 3067 τὸ
2275 3010 2563 3066 κατοικοῦν
2594 3012 2651 3062 ὲν
2679 3010 2782 3065 σοί·
2813 3014 3023 3081 μήποτε
3042 3008 3363 3079 ἐντεύξηται
3396 3011 3474 3079 τῷ
3506 3010 3638 3080 Θεῷ,
3669 3010 3757 3063 καὶ

2119 3156 2158 3210 C
2191 3106 2400 3175 ἀποστῇ
2432 3103 2540 3157 ἀπὸ
2570 3103 2683 3165 σοῦ.
2721 3103 2796 3156 Τὸ
2830 3104 2938 3174 γάρ
2965 3102 3189 3172 Πνεῦμα
3217 3103 3308 3156 τοῦ
3338 3102 3500 3163 Θεοῦ.
3535 3104 3595 3156 τὸ
3618 3103 3760 3156 δοθὲν

2196 3198 2277 3258 εἰς
2303 3195 2400 3265 τὴν
2446 3194 2627 3264 σάρκα
2680 3192 2903 3264 ταύτην,
2939 3192 3117 3262 λύπην
3163 3194 3264 3245 ούκ
3317 3194 3608 3264 ὑποφέρει,
3649 3192 3760 3245 οὐδὲ

2199 3286 2577 3354 στενοχωρίαν.
2608 3284 2863 3357 "mam.
2897 3280 2989 3337 οῦν
3021 3285 3119 3355 τὴν
3152 3284 3471 3354 ἱλαρότητα,
3504 3286 3600 3355 τὴν
3644 3284 3760 3337 πάν-

2196 3396 2319 3433 τοτε
2357 3378 2591 3448 ἔχουσαν
2624 3378 2785 3447 χάριν
2831 3377 2980 3447 παρὰ
3019 3376 3096 3446 τῷ
3125 3377 3263 3446 Θεῷ,
3308 3377 3403 3430 καὶ
3433 3380 3680 3448 ὲντρύφα
3710 3380 3760 3429 ἐν

2198 3470 2358 3540 αὐτῇ.
2411 3469 2469 3521 'U
2518 3468 2628 3539 γὰρ
2666 3467 2848 3537 ἱλαρὸς
2885 3468 3026 3535 ἀνὴρ
3071 3468 3253 3533 ἀγαθὰ
3305 3469 3629 3538 ἐργάζεται,
3678 3469 3760 3522 καὶ

2200 3544 2532 3632 καταφρονεῖ
2555 3560 2656 3628 τῆς
2679 3558 2875 3628 λύπης.
2911 3559 2968 3613 ’0
2997 3559 3055 3612 δὲ
3081 3559 3321 3629 λυπηρὸς
3347 3563 3515 3629 ἀνὴρ,
3546 3563 3757 3615 πάντοτε

2199 3654 2585 3724 πονηρεύεται.
2619 3653 2843 3724 Πρῶτον
2877 3654 2974 3722 μὲν
3000 3654 3385 3724 πονηρεύεται,
3421 3656 3684 3709 δτιλυπετ
3706 3654 3759 3707 τὸ

2200 3747 2428 3816 Πνεῦμα
2455 3747 2517 3800 τὸ
2542 3745 2724 3813 ἅγιον,
2749 3746 2809 3799 τὸ
2835 3745 2986 3799 δοθὲν
3011 3746 3087 3814 τῷ
3110 3747 3383 3818 ἀνθρώπῳ
3415 3748 3619 3818 mpm.
3642 3744 3758 3799 Δεύ-

2197 3855 2358 3909 τερον
2390 3838 2448 3891 δὲ
2480 3838 2667 3890 λοιπὸν
2706 3837 2937 3907 ἀνομίαν
2961 3837 3273 3907 ἐργάζεται,
3310 3840 3384 3908 μὴ
3418 3836 3758 3907 ἐξομολογοῶ

2203 3946 2365 4000 μενον
2390 3929 2467 3998 τῷ
2505 3928 2718 3998 Κυρίῳ.
2754 3927 2863 3981 Τοῦ
2894 3929 3001 3998 γὰρ
3029 3929 3274 3997 λυπηροῦ
3302 3930 3495 4000 ἀνδρὸς
3525 3933 3558 3999 ἡ
3594 3931 3757 3982 ἔντευ-

2203 4020 2285 4084 ξις
2318 4019 2418 4071 οὐκ
2468 4018 2581 4089 ἔχει
2608 4018 2838 4087 δύναμιν
2870 4019 3132 4088 ἀναϐῆναι
3166 4020 3260 4071 ἐπὶ
3299 4019 3358 4071 τὸ
3388 4021 3758 4089 (θυσιαστήριον

2200 4110 2297 4164 τοῦ
2335 4109 2490 4164 Θεοῦ.
2536 4110 2866 4179 Ἑγκάθηται
2913 4108 3022 4178 γὰρ
3053 4111 3086 4180 ἡ
3115 4109 3259 4180 λύπη
3292 4113 3370 4172 εἰς
3411 4112 3508 4180 τὴν
3552 4108 3758 4178 καρδίιν

2202 4200 2391 4254 αὐτοῦ.
2445 4202 2778 4271 Μεμιγμένη
2826 4196 2919 4253 οὖν
2957 4201 3101 4270 λύπη
3144 4202 3282 4269 μετὰ
3332 4202 3432 4268 τῆς
3483 4202 3759 4266 ἐντεύξεως

2204 4290 2305 4343 οὐκ
2333 4289 2561 4357 ἀφίησιν
2592 4289 2691 4361 τὴν
2726 4290 2962 4354 ἔντευξιν
2991 4291 3256 4359 ἀναϐῆναι
3286 4289 3532 4361 καθαρὰν
3556 4290 3685 4358 πρὸς
3708 4288 3759 4339 τὸ

2205 4381 2617 4451 θυσιαστήριον.
2646 4381 2861 4451 ,Ὥσπερ
2886 4383 2994 4450 γὰρ
3042 4380 3161 4445 ὅξος
3201 4382 3293 4433 καὶ
3325 4378 3464 4444 οἶνος
3500 4376 3758 4449 μεμιγμέ-

2206 4493 2296 4539 νος
2329 4477 2420 4529 ἐπὶ
2448 4476 2508 4529 τὸ
2540 4475 2672 4527 αὐτὸ
2707 4477 2806 4544 τὴν
2847 4475 3017 4544 αὐτὴν
3056 4474 3247 4544 ἡδονὴν
3276 4478 3377 4527 οὐκ
3424 4473 3659 4541 ἔχουσιν,
3682 4468 3760 4523 οὖα

2204 4586 2313 4631 τως
2340 4568 2435 4620 καὶ
2467 4570 2500 4638 ἠ
2534 4568 2678 4637 λύπη
2715 4568 3027 4636 μεμιγμένη
3061 4569 3199 4637 μετά
3226 4566 3319 4619 τοῦ
3342 4566 3657 4634 Πνεύματος
3677 4560 3757 4614 τοῦ

2205 4662 2387 4729 ἁγίου,
2411 4662 2512 4729 τὴν
2535 4660 2704 4737 αὐτὴν
2734 4659 2972 4724 ἔντευξιν
3000 4660 3099 4712 ούκ
3133 4660 3268 4729 ἔχει.
3301 4659 3483 4729 Καλὸν
3512 4654 3605 4709 οὖν
3630 4661 3757 4710 ἐστιν

2207 4751 2504 4807 ἀποϐαλεῖν
2547 4753 2640 4821 ἀφ’
2676 4750 2883 4804 ἑαυτῶν
2915 4751 3014 4822 τὴν
3064 4751 3276 4821 λύπην,
3325 4750 3419 4802 καὶ
3453 4747 3757 4803 ἐνδύσασθαι

2209 4847 2393 4899 πᾶσαν
2420 4843 2735 4914 ἱλαρότητα.
2758 4842 2974 4913 Ταύτης
2998 4837 3091 4896 οῦν
3120 4844 3219 4911 τῆς
3242 4842 3417 4912 λύπης
3446 4842 3598 4913 πάσῃ
3622 4854 3758 4890 σπου-

2209 4934 2272 5005 δῇ
2315 4934 2473 4997 ἐκτὸς
2513 4931 2822 5001 γενώμεθα,
2853 4933 2936 4985 ὅτι
2968 4933 3108 4986 κατὰ
3136 4933 3343 5001 κόσμον
3364 4932 3533 4983 ἐστίν·
3568 4949 3585 4980 ι
3634 4924 3759 4981 Ἡδὲ

2210 5027 2352 5080 κατὰ
2385 5024 2518 5079 Θεὸν
2561 5024 2729 5094 λύπη,
2769 5044 2787 5076 ι
2828 5025 2904 5089 ὡς
2948 5021 3102 5079 εἶπεν
3146 5027 3174 5078 ό
3205 5023 3503 5086 ἀπόστολος
3536 5021 3755 5081 Παῦλος,

2216 5136 2237 5169 ι
2271 5118 2561 5187 μετάνοιαν
2590 5118 2671 5179 εἰς
2700 5118 2976 5189 σωτηρίαν
3001 5116 3414 5188 ἀμεταμέλητον
3444 5112 3758 5185 κατεργάζεο

2212 5223 2320 5262 ταν
2344 5226 2368 5273 ,i
2408 5209 2441 5277 ἡ
2471 5206 2527 5260 δὲ
2555 5206 2650 5260 τοῦ
2681 5207 2889 5278 κόσμου
2927 5208 3077 5276 λύπη
3104 5206 3335 5261 θάνατον
3359 5204 3757 5277 κατεργάζεται.

2216 5301 2326 5353 Καὶ
2359 5301 2385 5352 ὀ
2420 5299 2861 5371 Παροιμιαστής’
2906 5319 2924 5350 ι
2964 5298 3439 5369 ΕύλογίαιΚυρίου
3481 5297 3577 5349 ἐπὶ
3609 5306 3759 5360 nea-

2216 5389 2313 5460 λὴν
2342 5390 2572 5450 δικαίου,
2612 5387 2776 5461 [αὕτη
2822 5388 3143 5461 πλουτίζει,]
3185 5391 3279 5442 καὶ
3310 5390 3373 5443 ού
3406 5388 3482 5457 μὴ
3518 5379 3760 5455 προστεθῇ

2214 5483 2351 5552 αὐτῇ
2378 5481 2524 5551 λύπη
2555 5484 2614 5534 ὲν
2656 5481 2874 5553 καρδία.
2914 5500 2932 5533 ι
2974 5482 3084 5534 Καὶ
3126 5481 3326 5535 πάλιν·
3364 5498 3381 5531 ι
3418 5478 3658 5548 Καρδίαν
3683 5470 3761 5524 εὕο

2215 5574 2584 5643 φραινομένην
2617 5574 2845 5647 εύεκτὴν
2882 5576 3057 5626 ποιεῖ’
3086 5572 3275 5641 ἀνδρὸς
3317 5573 3371 5624 δὲ
3406 5566 3645 5640 λυπηροῦ
3675 5562 3755 5631 ξη-

3073 5754 3115 5786 ⁸⁶
3146 5752 3281 5809 ibid.
3327 5753 3411 5807 2i.
