3986 6148
417 320 574 385 ,1315

1705 324 2068 386 ANTIOCHI
2105 326 2447 388 MONACHI

3535 327 3651 390 1516

433 439 596 494 stitia:
629 455 641 491 :
675 447 758 492 est
786 434 990 505 alioqui
1027 451 1088 486 ea
1116 447 1211 485 sua
1246 431 1513 500 grauitate
1561 436 1847 492 molestior
1874 477 1888 501 ,
1939 443 2002 492 ut

2112 438 2302 510 λύπης,
2339 440 2434 492 καὶ
2461 439 2667 508 σφόδρα
2700 438 2997 509 βαρύτατος
3026 437 3172 501 ὅστις
3199 437 3478 510 περ’-,ὥραν
3505 440 3652 509 Intra

435 547 560 584 tum
585 530 732 585 circa
767 529 956 583 horam
1005 534 1234 586 sextam,
1287 524 1434 578 velut
1465 541 1528 580 ex
1565 525 1786 583 insidiis
1825 529 2003 585 assilit

435 621 728 686 monacho,
761 620 1041 676 tmdiosam
1075 633 1137 671 ac
1177 618 1586 673 formidabilem
1637 621 1888 690 agoniam
1921 621 2002 674 illi
2037 671 2042 674 _

436 713 735 775 incutiens,
771 725 947 778 usque
974 709 1112 764 adeo
1155 710 1326 764 utve]
1361 709 1544 764 locum
1579 709 1780 776 oderit,
1817 712 2002 766 verius

436 813 620 858 autent
672 801 879 856 fratres
918 799 1127 854 invisus
1201 799 1400 857 habeat
1477 802 1810 870 quibuscum
1865 803 2003 858 vivit

437 895 834 950 communiter.
867 891 1010 960 Quid
1036 892 1059 946 7
1085 892 1151 948 ad
1183 907 1322 964 Opus
1349 893 1656 962 quodlibet,
1699 893 1767 949 ad
1803 893 2004 950 divinae

441 987 746 1057 E‘cripturae
775 985 1074 1058 lectionem
1104 1026 1117 1048 ,
1159 985 1349 1039 nescio
1371 1000 1536 1054 quam
1573 985 1654 1039 illi
1685 986 1887 1056 ingerit
1915 986 2002 1040 in-

436 1095 661 1136 suavem
689 1077 997 1134 ethiulcam
1019 1075 1426 1132 oscitationem.
1463 1075 1560 1130 His
1582 1075 2002 1141 adde,esuriem

435 1172 702 1244 suggerit,
734 1178 980 1240 tempore
1002 1167 1304 1238 prolixiore
1327 1167 1734 1222 sustinendam.
1767 1167 1848 1222 Ad
1875 1183 2000 1223 eum

437 1263 664 1322 modum
693 1261 930 1332 supinus
963 1259 1058 1322 ille
1089 1274 1152 1312 ac
1179 1274 1433 1324 securus,
1472 1259 1604 1314 boni
1657 1259 1847 1329 operis
1883 1273 2004 1314 sco-

437 1371 565 1426 pum
601 1353 827 1410 unicum
859 1359 1092 1421 spectat,
1143 1364 1342 1420 nempe
1369 1351 1562 1406 horam
1593 1349 1874 1405 sumenda
1904 1350 2004 1404 ali-

437 1443 892 1504 ntoniar.lnterim
929 1451 1112 1498 tamen
1143 1451 1364 1513 sumpto
1403 1442 1459 1496 in
1478 1456 1673 1497 manus
1701 1440 1848 1496 libro
1874 1440 2005 1512 legit

434 1535 716 1599 nonnihil,
745 1549 910 1604 quem
937 1541 992 1588 et
1017 1533 1217 1589 ordine
1243 1549 1345 1588 suo
1369 1533 1514 1587 locat
1540 1549 1551 1586 :
1578 1548 1704 1587 mox
1717 1532 2002 1587 oculorum

435 1629 610 1682 aciem
646 1623 937 1680 intendere
985 1625 1180 1693 incipit
1211 1666 1224 1686 ,
1277 1625 1444 1693 inque
1484 1623 1753 1678 fenestras
1782 1623 2004 1692 propius

435 1721 641 1790 deligit.
661 1718 934 1786 Quiddam
958 1733 1153 1772 rursus
1167 1717 1332 1788 legit;
1352 1717 1550 1772 deinde
1568 1732 1697 1770 suos
1709 1716 2004 1770 admetitur

2103 530 2372 598 ἐμπίπτει
2405 529 2482 598 τῷ
2519 529 2758 600 μοναχῷ,
2807 529 3049 596 ἀγωνίαν
3080 529 3230 598 αὐτῷ
3281 532 3547 598 ἐμποιῶν,
3577 537 3656 586 καὶ

2103 617 2356 688 ἀπεχθῶς
2398 619 2538 689 ἔχειν
2580 622 2716 689 arpi;
2747 621 2838 673 τὸν
2867 621 3052 682 τόπον,
3097 621 3298 689 μᾶλλον
3327 621 3383 672 δὲ
3427 625 3513 674 καῖ
3537 623 3656 690 πρὸς

2105 709 2230 771 τοὺς
2261 711 2739 778 συνδ;ατρί6οντας
2767 710 3052 776 ἀδελφοὺς,
3077 711 3171 762 καὶ
3201 709 3338 778 πρὸς
3369 712 3472 762 πᾶν
3495 711 3654 780 ἔργον,

2106 804 2200 854 καὶ
2226 802 2357 870 προς
2386 803 2484 872 τὴν
2517 803 2667 855 θείαν
2697 802 2942 873 Γραερὴν,
2978 802 3173 873 ἀηδίαν
3203 803 3297 856 καὶ
3333 803 3542 872 χάσμην
3565 818 3655 853 πο-

2110 893 2384 960 κιοτάτην
2413 886 2648 960 ἐμποιεῖ.
2681 893 2824 961 Πρὸς
2869 891 3096 958 τούτοις,
3129 893 3224 952 καὶ
3268 894 3452 945 πεῖναν
3477 891 3658 962 πολλὴν

2111 985 2368 1050 παρέχει·
2404 983 2497 1036 καὶ
2532 977 2634 1036 ὦδε
2664 984 2887 1037 κάκεῖσε
2927 985 3294 1054 στρεφόμενον
3324 981 3659 1052 καραδοκοῦν-

2105 1091 2173 1125 τα
2203 1074 2296 1142 τὴν
2321 1073 2472 1141 ὥραν
2500 1073 2598 1142 τῆς
2633 1073 2950 1136 ἑστιάσεως.
2985 1075 3092 1127 Καὶ
3114 1073 3296 1127 λαϐὼν
3327 1073 3522 1142 βιόλίον
3543 1077 3657 1126 ἀνα-

2105 1163 2362 1231 γινώσκει
2399 1164 2592 1235 μικρόν
2624 1181 2637 1194 ·
2673 1165 2770 1218 καὶ
2819 1164 2980 1218 πάλιν
3026 1165 3240 1234 τίθησιν
3272 1165 3423 1227 αὖτδ,
3453 1164 3542 1218 καὶ
3568 1164 3658 1233 ἀρ·-

2107 1272 2260 1324 χεται
2290 1254 2502 1325 τρίϐειν
2543 1255 2642 1324 τὴν
2675 1255 2819 1324 ὄψιν,
2861 1257 2956 1309 καὶ
3001 1257 3121 1316 ταῖς
3151 1255 3364 1322 Θυρίσιν
3391 1254 3656 1318 ἀτενίζειν⁸

2107 1350 2202 1398 καὶ
2232 1343 2387 1410 abit;
2411 1345 2592 1415 ὀλίγον
2611 1347 3026 1416 ἀναγινώσκειν,
3057 1342 3173 1399 εἷτα
3209 1350 3428 1416 μετρεῖν
3460 1347 3552 1410 τὰς
3582 1365 3658 1398 τεο

2105 1435 2330 1503 τράδας,
2360 1437 2454 1487 καὶ
2479 1435 2580 1498 τὰς
2611 1436 2785 1505 ἀρχὰς
2809 1435 3091 1505 ἐπιζητεῖν
3115 1435 3228 1486 τῶν
3255 1435 3550 1502 κεφαλαίων
3575 1437 3658 1502 τῆς

2111 1525 2315 1594 βίϐλου.
2343 1527 2506 1591 Τέλος
2531 1527 2736 1592 πτύξας
2767 1527 2828 1580 τὸ
2861 1527 3065 1598 βιϐλίον
3089 1529 3370 1598 κοιμᾶται·
3403 1527 3586 1597 μικροῦ
3609 1527 3656 1578 δὲ

2111 1619 2280 1671 ὕπνου
2305 1618 2672 1681 διαλαϐόντος,
2710 1619 2874 1672 πάλιν
2899 1619 3202 1672 ἀνίσταται·
3235 1617 3404 1671 ταῦτα
3435 1617 3486 1670 δὲ
3516 1620 3655 1681 ποιεῖ,

2091 1709 2438 1780 ’βονλόμενος
2487 1709 2800 1764 ἀναλίσκειν
2842 1709 2940 1771 τὰς
2982 1707 3162 1778 ὥρας’
3212 1709 3342 1762 πότε
3383 1708 3436 1761 δὲ
3475 1708 3658 1778 ἀκούσῃ

433 1822 491 1863 et
524 1817 817 1865 enumerat
841 1805 1272 1876 quaterniones;
1309 1807 1513 1876 plicato
1563 1821 1690 1858 mox
1723 1804 1870 1858 libro
1905 1804 2006 1857 ob-

2112 1801 2204 1854 τοῦ
2237 1803 2586 1872 σημαντῆρος
2627 1803 2720 1854 τοῦ
2773 1802 3020 1870 ἀρίστου.
3067 1801 3310 1864 ἀκούσας
3337 1800 3391 1853 δὲ
3422 1799 3655 1868 εὐπρόθυο

434 1897 756 1961 dormiseit;
780 1894 958 1950 somni
990 1895 1336 1964 aliquantum
1367 1897 1460 1950 ubi
1483 1895 1784 1966 decerpsit,
1813 1911 2008 1950 rursus

435 1989 676 2058 assurgit
704 1994 1092 2056 experrectus.
1120 1984 1247 2040 Haec
1277 2001 1344 2040 eo
1375 1987 1507 2041 facit
1527 1987 1768 2041 uthoras
1797 1987 2011 2042 deterat

435 2098 498 2134 ac
541 2079 807 2150 temporis
852 2079 1007 2133 fallat
1057 2077 1538 2148 prolixitudinem.
1595 2079 1760 2148 Atqui
1821 2079 2011 2132 audito

437 2173 674 2240 primum
711 2169 981 2240 signifero
1013 2177 1069 2224 et
1095 2169 1277 2222 indice
1314 2169 1555 2239 prandii,
1599 2187 1762 2238 quam
1805 2170 2008 2232 alater,

437 2280 600 2333 quam
627 2271 992 2331 expromptus
1025 2276 1092 2319 eo
1129 2261 1380 2331 provolat
1411 2263 1424 2314 ί
1465 2261 1750 2314 Invenitur
1778 2261 2013 2329 proinde

414 2368 490 2410 -rt
524 2359 570 2410 is
603 2357 669 2410 ad
699 2354 1126 2410 ministrandum
1155 2353 1300 2407 haud
1332 2354 1537 2423 segnis,
1569 2361 1725 2406 certo
1753 2353 1856 2408 sibi
1886 2369 2013 2422 pro-

389 2450 680 2507 ;miztens.
695 2444 961 2516 ejusmodi
978 2443 1307 2498 munusloco
1328 2442 1564 2497 mandati
1583 2441 1909 2520 imputatum
1926 2442 2022 2498 iri.

437 2535 684 2599 Subinde
703 2536 792 2590 tali
812 2534 1056 2605 suggerit
1070 2533 1279 2588 dazmon
1307 2533 1610 2588 hicacedim
1622 2533 2013 2605 cogitationum

439 2626 850 2699 intemperiem:
871 2640 1067 2695 nempe
1091 2624 1199 2680 alio
1219 2633 1278 2680 ut
1301 2627 1555 2696 emigret,
1580 2627 1777 2694 etquia
1801 2633 2017 2696 tempus

398 2720 419 2752 ’-
440 2700 603 2790 omne
633 2727 691 2772 et
729 2716 888 2770 labor
924 2715 1105 2770 omnis
1135 2730 1310 2769 vacua
1335 2715 1441 2770 sibi
1466 2725 1634 2770 erunt
1657 2716 1830 2786 frugis
1858 2715 2015 2771 bonae

438 2820 499 2876 et
531 2807 737 2871 inania,
768 2806 821 2859 ni
856 2820 915 2859 se
941 2804 1009 2858 ad
1047 2805 1156 2859 alia
1217 2805 1472 2861 conferat
1524 2807 1664 2860 loca.
1710 2805 2014 2861 Consilium

427 2885 634 2953 rursus
652 2905 814 2952 novat
833 2896 1033 2950 misero
1059 2897 1178 2960 isti,
1203 2897 1332 2966 quia
1359 2898 1466 2951 alio
1483 2894 1634 2952 nullo
1648 2907 1808 2968 pacto
1834 2907 2018 2968 potest

443 2989 618 3044 morbi
658 2989 739 3042 sic
770 2987 1067 3056 perniciosi
1099 2987 1324 3058 defungi
1359 2988 1708 3058 intemperie,
1744 2989 1850 3044 nisi
1878 3004 2015 3044 cnn-

447 3084 690 3138 tincnter
714 3087 982 3148 evagetur
1015 3085 1072 3132 et
1107 3088 1402 3142 commect,
1465 3095 1634 3148 seque
1669 3081 1896 3149 recipiat
1945 3080 2012 3145 ad
2042 3116 2086 3174 ρ

445 3175 664 3236 fratres,
699 3171 858 3240 quasi
903 3184 1034 3222 vero
1071 3167 1164 3222 fiat
1191 3170 1240 3222 id
1284 3169 1355 3223 ob
1407 3170 1680 3238 publicam
1719 3171 2012 3225 utilitatem

444 3262 870 3332 procurandum,
905 3269 1181 3319 aut_certe
1213 3259 1466 3316 infirmos
1509 3268 1570 3314 ttt
1606 3261 1917 3316 intervisat.
1968 3261 2018 3316 is

445 3338 662 3409 tandem
689 3353 825 3407 nihil
848 3351 1136 3406 dissimilis
1159 3351 1501 3421 comperitur
1529 3353 1772 3423 virgulto
1787 3353 2014 3418 deserti,

444 3445 590 3516 quod
623 3444 712 3500 ubi
743 3444 1086 3514 aliquantum
1113 3442 1495 3512 interquievit,
1532 3458 1724 3500 rursus
1751 3445 1861 3498 huc
1888 3445 2018 3500 illuc

445 3537 780 3607 aspiratione
801 3535 1458 3603 ventorum'perpellitur.
1478 3535 1588 3588 Aut
1617 3544 1792 3598 certe,
1821 3552 2016 3606 quem-

443 3627 737 3682 admodum
791 3628 972 3696 planta
991 3625 1261 3695 quaepiam
1287 3625 1572 3694 procerior
1620 3627 2019 3682 etexolescens

443 3717 669 3786 genitali
702 3717 824 3787 loco
863 3724 1068 3780 emota,
1109 3724 1165 3770 et
1213 3717 1519 3771 monachus
1571 3733 1896 3790 gyrovagus,
1947 3734 2016 3772 ne

445 3810 610 3865 unius
637 3809 860 3879 quidem
887 3807 1110 3864 virtutis
1142 3807 1356 3876 frugem
1385 3807 1612 3862 referet.
1653 3806 2020 3874 Quemadmo-

444 3885 736 3954 dutu'item
765 3897 948 3954 nubes
1006 3899 1165 3954 nullo
1215 3913 1372 3968 aquas
1423 3899 1655 3953 humore
1706 3906 1966 3954 concreta
2001 3939 2014 3965 ,

444 3992 596 4047 venti
637 3991 941 4061 agitatione
971 3990 1316 4060 percellitur,
1362 3990 1436 4044 ita
1485 3991 1792 4046 monachus
1819 3989 2015 4060 spiritu

445 4082 686 4152 agitatus
725 4079 930 4134 acc-dia:
957 4121 971 4145 ,
1019 4080 1230 4134 nullam
1277 4079 1446 4133 habet
1470 4079 1705 4134 solidam
1742 4082 2015 4149 requiem.

447 4169 753 4242 Siquando
783 4169 997 4224 dtemon
1063 4169 1155 4223 hic
1205 4186 1271 4223 ex
1301 4169 1451 4224 adito
1485 4169 1636 4222 celiaa
1691 4169 1845 4222 illum
1905 4184 2016 4224 non

445 4264 693 4336 quiverit
727 4261 1052 4326 extrudere,
1083 4269 1215 4316 tunc
1247 4262 1380 4314 hora
1408 4260 1644 4314 maxime
1677 4260 2020 4315 communio-

446 4357 534 4412 nis
569 4355 745 4425 ipsum
777 4353 1051 4417 adoritur,
1095 4365 1154 4406 ut
1179 4353 1300 4422 ejus
1333 4359 1575 4406 mentem
1607 4349 1839 4420 dissipet
1871 4358 1925 4404 et
1959 4351 2016 4404 in

2113 1907 2213 1960 μος
2245 1890 2476 1958 γίνεται,
2505 1890 2822 1962 εὑρίσκεται
2867 1890 2923 1942 δὲ
2969 1891 3062 1943 καὶ
3103 1891 3186 1952 εἰς
3229 1890 3499 1942 διακονίαν
3529 1889 3655 1950 ὀξὺς.

2110 1983 2205 2034 καὶ
2233 1981 2452 2050 ἐντολὴν
2482 1982 2751 2050 λογίζεται
2777 1971 2877 2050 τὴν
2908 1981 3102 2034 ἑαυτοῦ
3137 1981 3522 2052 πληροφορίαν.
3550 1983 3658 2034 Ast-

2112 2073 2211 2124 πον
2250 2072 2307 2125 δὲ
2332 2067 2486 2135 οὗτος
2520 2074 2548 2125 ὁ
2573 2073 2667 2142 τῆς
2703 2073 2934 2140 ἀκηδίας
2975 2073 3186 2143 δαίμων
3219 2073 3500 2126 ὑποϐάλλει
3527 2071 3658 2140 αὐτῷ

2113 2165 2205 2217 καὶ
2233 2163 2531 2234 λογισμοὺς
2563 2163 2702 2232 μετά
2733 2163 3074 2226 ὐποϐἀσεως,
3112 2167 3211 2217 καί
3238 2167 3311 2224 ὡς
3341 2167 3388 2218 εί
3414 2163 3484 2235 μὴ
3513 2181 3657 2234 μετα·

2115 2257 2290 2326 στήσῃ
2337 2255 2534 2308 ἑαυτὸν
2568 2257 2704 2324 πρὸς
2737 2254 2941 2317 τόπους
2975 2255 3234 2324 ἑτέρους,
3271 2257 3380 2318 πᾶς
3419 2257 3446 2308 ὁ
3491 2255 3658 2324 χρόνος

2115 2346 2208 2398 καὶ
2235 2347 2263 2396 ὁ
2303 2347 2462 2409 πόνος
2514 2346 2740 2415 μάταιος
2782 2345 2930 2414 αὐτῷ
2970 2347 3282 2416 γενήσεται.
3324 2342 3454 2400 Εἶτα
3493 2345 3658 2398 ὑποτί-

2115 2445 2267 2490 θεται
2311 2436 2482 2506 αὐτῷ,
2519 2437 2595 2500 ὠς
2626 2435 2801 2489 οὐδενὶ
2849 2437 2996 2506 ἄλλῳ
3041 2437 3234 2506 τρόπῳ
3279 2436 3546 2507 δυνήσεται
3571 2435 3654 2501 τῆς

2117 2531 2277 2581 νόσου
2309 2531 2516 2596 ταύτης
2557 2527 3019 2594 ἀπαλλάττεσθαι,
3051 2529 3098 2579 εί
3135 2527 3216 2598 μὴ
3233 2525 3332 2592 διὰ
3357 2529 3416 2580 τὸ
3449 2526 3655 2597 συνεχῶς

2118 2618 2466 2688 ἐξὲρχεσῦαι,
2511 2621 2606 2671 καὶ
2657 2617 3025 2688 παραὸἀλλειν
3066 2616 3320 2687 ἀδελφοῖς
3357 2617 3508 2686 δῆθεν
3537 2615 3657 2683 ὠφε-

2115 2709 2286 2773 λείας,
2323 2709 2356 2778 ἢ
2397 2708 2738 2778 ἐπισκέψεως
2778 2708 3148 2762 ἀσθενούντων
3181 2709 3368 2778 χάριν,
3407 2709 3494 2760 καὶ
3530 2705 3658 2775 εὗρε·

2119 2815 2308 2852 σκεται
2357 2797 2550 2868 ὥσπερ
2604 2799 3166 2870 φρύγανονὲρημίας·
3217 2801 3396 2868 ὀλίγον
3422 2798 3651 2874 ἡσύχασε.

2118 2889 2210 2940 καὶ
2241 2887 2403 2941 πάλιν
2452 2887 2560 2940 ὑπὸ
2586 2889 2790 2958 ἀνέμου
2820 2890 3123 2944 ἐλαύνεται.
3159 2893 3278 2946 Καὶ
3305 2892 3484 2961 ὥσπερ
3515 2889 3654 2960 (patir

2119 2978 2264 3046 μέγα
2302 2979 2726 3050 ἀφαιρούμενον,
2757 2966 3018 3034 οὕτωκαὶ
3040 2983 3280 3053 μοναχὸς
3308 2982 3556 3053 repenti};
3572 2980 3653 3032 οὐκ

2117 3069 2255 3124 οῐσει
2311 3071 2524 3136 καρπὸν
2572 3072 2796 3140 ἀρετῆς·
2836 3073 2928 3125 καί
2975 3072 3164 3144 ὥσπερ
3217 3075 3411 3144 νεφέλη
3461 3071 3654 3139 ἄνυδρος

2121 3159 2226 3211 ὑπὸ
2268 3161 2468 3228 ἀνέμου
2499 3159 2774 3223 διώκει-αι,
2803 3161 2944 3215 οὕτω
2995 3163 3236 3232 μοναχὸς
3277 3164 3349 3234 μὴ
3389 3165 3516 3233 ἔχων
3543 3163 3654 3212 ὑποι

2123 3248 2292 3320 μονὴν
2329 3250 2435 3302 ὑπὸ
2463 3251 2771 3320 πνεύματος
2800 3251 3049 3322 ἀκηδίας.
3082 3254 3200 3306 Καὶ
3228 3255 3355 3308 ὅταν
3377 3255 3448 3311 ,δὲ
3483 3253 3567 3305 καὶ
3595 3251 3658 3319 μὴ

2117 3341 2316 3411 δυνηθῇ
2347 3341 2578 3394 ὲκϐἀλαι
2604 3341 2766 3396 αὐτὸν
2789 3343 2852 3395 ἐκ
2885 3344 2982 3413 τῆς
3017 3344 3243 3413 κέλλης,
3274 3345 3493 3416 ἀρχεται
3520 3341 3659 3396 αὑτὸν

2117 3435 2174 3486 ὲν
2191 3433 2330 3504 αὐτῇ
2356 3451 2422 3486 πε
2432 3435 2632 3504 ρισπᾷν
2654 3435 2710 3489 ὲν
2724 3437 2789 3504 τῇ
2807 3433 2923 3506 ὥρᾳ
2949 3439 3049 3507 τῆς
3073 3439 3370 3504 συνάξεωςο
3385 3437 3560 3499 Τοῦτο,
3574 3451 3659 3502 φη-

2119 3523 2224 3588 σίν,
2255 3524 2644 3592 ἀνεπιτηδείως
2663 3528 2840 3579 κεῖται
2856 3517 2932 3595 τῷ
2950 3525 3093 3597 ἄλλῳ
3110 3545 3121 3557 ·
3147 3531 3214 3580 οὐ
3237 3528 3392 3599 χρεία
3409 3522 3504 3594 ᾦδε
3519 3523 3681 3583 εἶναι..

2115 3614 2262 3677 ὅπως
2293 3615 2385 3668 τὸν
2415 3616 2540 3668 νοῦν
2568 3615 2734 3669 αὐτοῦ
2765 3617 2932 3686 ἀργὸν
2962 3619 3056 3670 καὶ
3086 3618 3344 3691 ἄκαρπον
3377 3619 3662 3687 καταστήσῃ

2116 3710 2180 3762 ἐκ
2205 3711 2304 3778 τῆς
2339 3707 2648 3774 δοξολογίας
2689 3707 2784 3760 τοῦ
2815 3708 2972 3763 Θεοῦ.
3013 3708 3203 3763 Ταῦτα
3234 3711 3292 3764 δὲ
3325 3713 3490 3766 πάντα
3517 3712 3546 3780 ἠ
3575 3711 3660 3776 ἁρ-

2077 3784 2094 3797 .
2117 3798 2211 3866 γία
2234 3798 2328 3851 καὶ
2360 3800 2392 3870 ἡ
2420 3798 2662 3870 ῥᾳθυμία
2689 3799 3106 3869 κατεργάζεται.
3127 3799 3266 3852 Οὐδὲ
3295 3801 3400 3870 γὰρ
3421 3798 3660 3866 στοιχήπει

2116 3889 2451 3959 ἀκηδιαστὴς
2501 3888 2736 3959 μοναχδς
2781 3889 2928 3960 ἔργῳ
2969 3890 3049 3941 ἐνί
3095 3906 3253 3943 ποτε.
3295 3889 3449 3942 ’Λλλά
3478 3887 3562 3940 καὶ
3595 3885 3660 3942 είς
3757 3956 3763 3962 _

2117 3981 2424 4050 προσευχὴν
2467 3980 2716 4052 ὀκνηρὸς,
2748 3983 2826 4044 είς
2867 3979 2923 4032 δὲ
2965 3980 3297 4050 ἀργολογίαν
3326 3977 3658 4048 εὐπρόῦνμος.

2131 4073 2188 4124 Ὁ
2237 4071 2405 4124 θέλων
2451 4068 2544 4124 οὖν
2590 4070 2970 4143 περιγενέσθαι
3020 4071 3114 4125 τοῦ
3175 4073 3428 4143 δαίμονος
3474 4067 3656 4122 τούτου,

2115 4160 2265 4225 τάξει
2299 4161 2476 4231 ἑαυτῷ
2521 4161 2720 4232 μέτρον
2776 4165 2834 4214 ὲν
2867 4162 3030 4216 παντὶ
3069 4161 3242 4232 ἔργῳ.
3287 4165 3392 4216 Καὶ
3429 4161 3498 4232 μὴ
3542 4159 3658 4225 πρὸ·

2115 4272 2170 4306 τε
2185 4271 2274 4324 ρον
2313 4255 2522 4326 ἀποστῇ
2556 4255 2686 4324 πρὶν
2709 4254 2926 4308 τελέσαι
2952 4254 3134 4308 τοῦτο.
3165 4257 3272 4309 Καὶ
3300 4250 3658 4324 προσευχέσθω

2117 4347 2358 4416 συνεχῶς
2390 4347 2486 4399 καὶ
2519 4346 2819 4416 συντόμως,
2860 4347 2953 4400 καὶ
2983 4346 3041 4400 τὸ
3074 4347 3292 4418 πνεῦμα
3332 4349 3427 4416 τῆς
3455 4343 3656 4412 ἀκηδίας

445 4447 661 4502 diversa
694 4444 952 4515 abripiat.
1019 4443 1233 4513 1070
1281 4441 1479 4496 Secum
1519 4441 1744 4496 interim
1783 4441 2012 4496 admur-

2121 4437 2378 4506 φεύξεται
2407 4438 2502 4491 ἀπ’
2536 4435 2723 4492 αὑτοῦ.
2757 4438 2830 4490 Τὸ
2866 4439 2976 4509 γὰρ
3019 4439 3188 4502 πάθος
3223 4439 3379 4492 τοῦτο
3405 4435 3486 4488 διὰ
3517 4449 3660 4504 προσ-

445 4547 649 4601 mut-at,
680 4538 786 4591 hoc
808 4535 1157 4592 incommode
1189 4549 1292 4587 nec
1320 4547 1423 4587 suo
1449 4533 1570 4587 loco
1602 4532 1843 4602 positum
1881 4540 1967 4588 est
1995 4550 2008 4600 ;

2120 4531 2284 4600 ευχῆς
2312 4528 2700 4600 ἀνατρέπεται,
2733 4529 2826 4581 καὶ
2858 4528 3070 4598 ἀποχῆς
3100 4530 3443 4601 ἀργολογίας,
3465 4527 3550 4579 καὶ
3578 4521 3658 4574 τοῦ

447 4627 580 4682 iilud
609 4629 738 4682 item
767 4637 933 4698 atque
960 4627 1132 4689 aliud,
1159 4625 1299 4679 nihil
1321 4632 1406 4679 est
1437 4639 1662 4680 necesse
1688 4635 1747 4679 ut
1773 4625 1865 4680 hic
1895 4625 1963 4680 sit
1990 4640 2006 4679 :

2119 4619 2264 4675 κατά
2311 4620 2540 4698 δύναμιν
2588 4619 2927 4691 ἐργοχείρου,
2962 4621 3054 4674 καὶ
3089 4620 3319 4690 μελέτης
3367 4619 3474 4672 τῶν
3522 4614 3659 4668 θείων

445 4721 686 4788 dumque
721 4720 984 4773 miserunt
1025 4727 1272 4772 avocata
1311 4715 1573 4772 laudibus
1620 4715 1861 4780 divinis,
1905 4731 2013 4785 quo

2120 4712 2314 4782 λογίων
2348 4713 2440 4766 καὶ
2467 4713 2568 4782 τῆς
2597 4713 2656 4765 ἐν
2683 4714 2793 4774 τοῖς
2822 4715 3149 4784 πειρασμοῖς
3177 4713 3470 4784 ὑπομονῆς.

446 4819 608 4880 pacto
629 4812 748 4882 ejus
765 4820 1004 4865 mentem
1027 4810 1450 4866 redditvacuam
1475 4809 1633 4863 bonae
1689 4807 2053 4876 operationis,
2095 4806 2242 4862 etab
2278 4806 2427 4860 omni
2466 4805 2620 4875 fruge
2651 4805 2932 4860 alienam?
2976 4805 3188 4864 Cuncta
3215 4807 3332 4863 haec
3359 4805 3489 4876 quid
3527 4797 3657 4858 aliud

445 4911 731 4972 operatur,
777 4903 947 4971 quam'
992 4901 1169 4956 iners.
1199 4899 1372 4954 otium
1424 4915 1489 4952 ac
1541 4896 1794 4952 socordia
1845 4895 2016 4950 animi
2055 4893 2455 4951 lentescentis?
2509 4893 2810 4948 Monachus
2837 4895 2986 4948 enim
3043 4896 3243 4952 acedia:
3271 4896 3463 4966 spiritu
3507 4893 3660 4963 agita-

447 5009 537 5052 tus
571 4992 766 5050 ordine
826 4991 1100 5045 concinne
1133 4989 1344 5043 nullum
1382 5003 1624 5058 unquam
1668 5002 1810 5056 opus
1867 4986 2148 5041 clauserit.
2176 4985 2256 5040 Ad
2292 4987 2596 5041 orationem
2644 4993 2789 5040 totus
2859 5001 2982 5040 cum
3036 4985 3306 5051 desideat,
3356 5000 3512 5056 quant
3546 4999 3658 5052 pro-

446 5087 650 5159 pendct
684 5086 750 5141 ad
777 5085 953 5140 otium
984 5085 996 5138 ι
1053 5083 1195 5137 Sane
1235 5082 1538 5137 dmmonem
1590 5082 1740 5137 hunc
1787 5081 2038 5151 quisquis
2083 5081 2283 5151 insigni
2318 5081 2598 5151 triumpho
2649 5095 2681 5134 a
2714 5083 2784 5134 'se
2819 5079 3074 5150 ablegare
3107 5081 3244 5146 vult,
3290 5083 3346 5136 in
3395 5077 3535 5135 omni
3571 5089 3660 5131 suo

446 5194 614 5249 opere
642 5177 864 5247 modum
891 5176 996 5231 sibi
1039 5176 1356 5246 praescribat
1380 5174 1576 5230 ordine
1614 5185 1786 5238 certo,
1817 5189 1919 5230 nec
1948 5175 2100 5244 prius
2123 5174 2394 5229 desciscat
2424 5190 2454 5228 a
2475 5183 2656 5243 coepto
2707 5188 2872 5244 opere
2925 5189 3088 5244 quam
3117 5175 3279 5231 ﬁnem
3326 5168 3656 5244 imposuerit;

449 5273 801 5328 continenter
847 5270 1082 5342 proinde
1121 5279 1282 5334 oret,
1343 5285 1407 5324 ac
1432 5285 1623 5340 magna
1665 5269 1831 5323 animi
1862 5268 2240 5333 contentione,
2270 5279 2435 5338 atque
2473 5268 2547 5323 ita
2582 5269 2801 5322 demum
2830 5269 2896 5323 ab
2936 5285 3002 5323 eo
3029 5283 3088 5323 se
3136 5283 3300 5337 quam
3369 5260 3658 5334 longissime

445 5363 798 5419 submovebit
834 5361 1061 5433 Spiritus
1104 5360 1196 5416 hic
1237 5361 1459 5416 acedim.
1492 5361 1684 5416 lsthaee
1713 5360 1864 5416 enim
1891 5361 2210 5414 turbulenta
2240 5359 2462 5417 aﬂectio
2487 5360 3049 5416 subvertiturattente
3065 5359 3110 5414 si
3142 5373 3286 5420 ores,
3329 5358 3371 5413 si
3409 5366 3458 5411 te
3479 5365 3658 5409 avoces

434 5453 516 5507 οι)
543 5439 720 5508 otioso
769 5469 1042 5518 sermone,
1079 5453 1122 5506 si
1155 5461 1425 5522 quantum
1459 5453 1648 5508 sinunt
1709 5453 1882 5518 vires,
1928 5452 2024 5506 uni
2075 5451 2316 5520 cuipiam
2375 5453 2532 5520 operi
2571 5451 2896 5506 admoliaris
2949 5466 3191 5513 manum,
3241 5465 3284 5503 3t
3325 5446 3519 5504 divinis
3547 5443 3655 5507 elo-

445 5547 592 5615 quiis
623 5546 1006 5601 accommodes
1061 5556 1337 5610 mentem,
1381 5547 1428 5602 si
1472 5547 1712 5618 denique
1749 5547 1887 5601 nihil
1917 5561 2058 5615 {egre
2083 5545 2230 5599 feras
2266 5545 2634 5600 tentationum
2660 5545 2922 5600 assultus.

509 5637 618 5690 Nos
655 5637 801 5690 enim
831 5636 887 5690 tti
929 5636 1262 5704 compererit
1297 5639 1670 5692 commonitos
1697 5625 2010 5692 istiusmodi

2200 5634 2329 5690 Ἐὰν
2355 5635 2461 5704 γὰρ
2496 5635 2569 5706 μὴ
2597 5637 2709 5702 τοῖς
2741 5635 2926 5699 ὅπλοις
2963 5635 3172 5696 τούτοις
3211 5622 3652 5699 κοιταοφιίιλιζομέ⁹

452 5725 639 5788 armis,
679 5725 793 5779 suis
837 5725 1037 5798 jaculis
1079 5723 1300 5779 saucios
1359 5728 1684 5782 vacillantes
1734 5728 1923 5783 reddet
1964 5735 2013 5782 et

2128 5744 2248 5792 γους
2299 5727 2443 5798 ἡμᾶς
2467 5725 2630 5800 εὕρῃ.
2667 5726 3068 5792 κατατοξεύσας
3099 5727 3206 5788 τοῖς
3245 5721 3435 5777 ἑαυτοῦ
3469 5725 3651 5792 βέλεσιν
