3986 6148
353 419 484 485 tm

1407 414 1737 476 IIOMILIA
1778 411 1985 471 XXVI.
2014 436 2084 445 --
2110 410 2205 470 DE
2246 396 2546 467 ACEDIA.

3475 394 3608 467 tsts

359 532 413 600 ρε
428 529 597 597 μὸους
650 527 743 578 καὶ
790 525 1125 587 ἁκαθίστῦυς
1159 525 1308 595 ἡμᾶς
1339 524 1614 588 ἀποτελεῖ,
1647 523 1740 576 καὶ
1772 522 1929 591 ἀμεί-

2055 519 2342 573 nstabiles.
2384 512 2635 581 Dumque
2658 529 2687 567 e
2717 514 2851 567 lor-is
2886 514 2999 567 loca
3025 524 3423 583 permutamus,
3459 517 3607 569 aliud

355 619 551 681 ϐοντας
591 619 789 680 τόπους
824 620 886 671 ἐκ
916 617 1126 671 τόπωνο
1168 619 1264 670 καὶ
1299 618 1450 671 οὐδὲν
1479 617 1625 687 ἄλλῳ
1658 617 1931 685 μεριμνᾷν

356 712 451 765 καὶ
474 714 854 781 περισκοπεῖν,
877 710 910 780 ἢ
934 709 1093 763 τοῦτο
1118 712 1303 781 μόνον,
1332 710 1435 763 ποῦ
1457 710 1612 762 πότοι
1639 708 1732 761 καὶ
1762 706 1933 773 ἁγίων

358 804 570 872 μνῆμαι
625 801 1055 868 γίνονται.-Τοῦ
1102 805 1211 873 γὰρ
1263 799 1598 871 ἀκηδιαστοῦ
1648 802 1680 870 ἡ
1721 799 1933 852 διάνοια

355 895 507 949 οὐδὲν
538 894 668 947 ἄλλο
706 895 1060 964 φαντάζεται,
1092 894 1187 948 καὶ
1217 891 1465 964 ψηφίζει,
1493 891 1526 961 ἢ
1556 893 1683 952 τοὺς
1721 893 1786 942 ἐκ
1812 889 1935 942 τού·

354 1008 465 1043 των
506 987 942 1060 μετεωρισμούς.
987 987 1188 1041 Λοιπὸν
1213 988 1270 1042 δὲ
1302 990 1366 1041 ἐκ
1400 985 1591 1040 τούτου
1623 985 1715 1038 καὶ
1738 986 1816 1046 εἰς
1845 1000 1936 1037 κο·

359 1080 533 1150 σμικὰ
569 1064 872 1149 πράγματα
904 1078 1069 1130 αὑτὸν
1103 1077 1442 1147 συνδεσμεῖν·
1483 1078 1578 1131 καὶ
1611 1075 1730 1129 κατ’
1759 1073 1937 1142 ὀλίγον

358 1170 605 1234 δελεάζει
640 1173 760 1231 ταῖς
798 1170 1121 1223 ὲπιὸλαόἐσι
1146 1169 1372 1232 ταύταις
1401 1168 1701 1238 ἀσχολίαις,
1739 1167 1843 1228 ἕως
1872 1166 1938 1219 ἂν

360 1264 457 1315 καὶ
508 1260 605 1314 τοῦ
666 1259 961 1330 μοναδικοῦ
1024 1259 1447 1328 ἐπαγγέλματος
1506 1259 1728 1322 τελείως
1777 1256 1939 1310 αὑτὸν

364 1351 590 1423 ἐκϐάλῃ.
635 1351 833 1413 Καλῶς
870 1346 963 1418 οῦν
990 1351 1016 1403 ὁ
1040 1352 1337 1413 ἀπόστολος
1375 1350 1609 1414 Παῦλος,
1635 1350 1710 1409 ὡς
1757 1350 1941 1420 ἄρτιος

368 1443 553 1512 ἰατρὸς
603 1442 929 1511 βουλόμενος
981 1444 1235 1512 ἐκτεμεῖν
1269 1443 1367 1513 τῆς
1398 1442 1556 1496 νόσου
1602 1441 1805 1509 ταύτης
1842 1441 1939 1503 τὰς

363 1536 564 1597 αἰτίας,
622 1535 745 1588 ὅθεν
793 1535 996 1602 ἀκηδία
1046 1536 1332 1597 τίκτεται,
1380 1539 1657 1605 ,παραινεῖ
1726 1534 1939 1602 λέγων·

376 1625 644 1693 Ἀδελφοὶ,
666 1626 822 1678 αὐτοὶ
846 1626 1036 1679 οἴδατε
1086 1624 1200 1688 πῶς
1228 1625 1309 1677 δεῖ
1340 1625 1628 1695 μιμεῖσθαι
1662 1627 1829 1696 ἡμᾶς.
1863 1626 1943 1678 ὅτι

368 1718 467 1771 οῦκ
497 1717 891 1786 ἠτακτήσαμεν
924 1718 981 1769 ὲν
1016 1717 1169 1784 ὑμῖν,
1203 1717 1325 1770 οὐδὲ
1364 1718 1573 1787 δωρεὰν
1603 1718 1765 1787 ἄρτον
1808 1717 1943 1784 ἐφά-

371 1824 540 1871 γομεν
573 1808 725 1876 παρά
754 1824 922 1869 τινος.
956 1806 1070 1859 ἀλλ’
1110 1809 1167 1858 ὲν
1206 1809 1362 1877 κόπῳ
1401 1807 1493 1859 καὶ
1534 1807 1717 1876 μόχθω
1752 1807 1944 1868 νυκτὸς

373 1898 467 1950 καὶ
503 1899 719 1967 ἡμέρας
754 1896 1155 1967 ἐργαζόμενοι,
1207 1897 1343 1966 πρὸς
1387 1897 1449 1950 τὸ
1502 1897 1577 1967 μὴ
1611 1898 1945 1967 ἐπιϐαρῆσαί

372 2004 492 2040 τινα
547 1987 721 2057 ὑμῶν.
777 2006 794 2037 ι
831 1986 941 2040 Καὶ
986 1988 1223 2054 ἐπάγει·
1271 2006 1290 2038 ι
1330 1987 1442 2057 Ούχ
1485 1989 1564 2041 δτι
1602 1988 1703 2040 ούκ
1748 1988 1947 2059 ἔχομεν

369 2078 643 2145 ἐξουσίαν,
681 2079 799 2132 ἀλλ’
829 2079 916 2132 ἵνα
952 2080 1178 2142 ἑαυτοὺς
1211 2078 1381 2132 τύπον
1412 2078 1593 2149 δῶμεν
1623 2080 1753 2149 ὑμῖν
1780 2082 1860 2144 είς
1889 2080 1950 2133 τὸ

373 2171 657 2241 μιμεῖσθαι
686 2173 858 2241 huic.
901 2190 919 2222 ι
950 2173 1103 2224 Πάνυ
1151 2167 1244 2224 οὖν
1275 2172 1552 2240 ἀγαπητοὶ
1584 2172 1949 2240 συμῦά).λεται

370 2263 502 2331 ἡμῖν
525 2261 604 2330 τῷ
632 2262 936 2332 ὲργοχείρῳ
966 2262 1333 2332 παραμένειν,
1364 2262 1426 2315 οὐ
1459 2263 1619 2331 μόνον
1647 2262 1733 2315 διὰ
1766 2262 1825 2315 τὸ
1854 2263 1950 2331 τὴν

372 2352 605 2422 ἀκηδίαν
652 2353 941 2424 ἐξορίζειν.
976 2352 1114 2406 ἀλλὰ
1160 2354 1254 2406 καὶ
1287 2355 1367 2419 τὸ,
1400 2355 1499 2425 τὴν
1527 2356 1735 2426 τροφὴν
1763 2355 1821 2420 ἐξ
1856 2358 1951 2409 αύ-

371 2443 466 2515 τοῦ
501 2444 865 2514 πορίζεσθαι,
916 2446 1011 2497 καὶ
1054 2447 1182 2508 τοὺς
1236 2446 1673 2516 ὑστερουμένους
1713 2447 1948 2517 βοηθεῖν.

373 2536 485 2589 Καὶ
515 2526 757 2602 συνεχῶς
795 2534 1023 2606 μελετᾷν
1056 2535 1124 2588 τὰ
1162 2534 1258 2588 τοῦ
1288 2536 1470 2589 Δαυῒδ·
1506 2555 1526 2588 ι
1562 2537 1635 2590 Τὸ
1675 2540 1810 2608 ταχὺ
1842 2538 1955 2590 είς-

372 2627 608 2682 άκουσόν
652 2645 777 2696 μου,
818 2628 1042 2696 ⁴Κύριε,
1095 2628 1311 2694 ἐξέλιπε
1363 2627 1679 2697 τὸίπνεῦμά
1727 2630 1953 2698 μου,ὄτι

375 2717 744 2770 ἐταπείνωσεν
774 2721 803 2771 6
828 2718 1024 2789 ἐχθρὸς
1051 2721 1150 2788 τὴν
1170 2718 1348 2788 ψυχήν
1382 2736 1508 2788 μου,
1541 2720 1763 2773 ἐκάθιτέ
1798 2738 1864 2788 με
1897 2722 1954 2773 ὲν

376 2811 699 2872 σκοτεινοῖς,
735 2809 811 2871 ὡς
847 2810 1077 2879 νεκροὺς
1133 2810 1348 2872 αἰῶνος⁶
1396 2810 1492 2863 καὶ
1535 2811 1838 2881 ἡκηδίασεν
1869 2810 1955 2865 ἐπ’

375 2898 479 2969 ἐμὲ
514 2897 575 2951 τὸ
602 2898 822 2967 πνεῦμά
848 2916 971 2967 μου.
1016 2899 1176 2953 Ἀλλὰ
1209 2902 1282 2972 μὴ
1318 2901 1674 2975 ἀποστρέψῃς
1704 2903 1763 2955 τὸ
1792 2903 1956 2973 πρόσ-

374 2988 526 3040 ωπόν
557 3006 651 3042 σου
683 2992 777 3043 ἀπ’
809 2992 946 3059 ἐμοῦ
967 3032 980 3055 ,
1011 3012 1028 3042 ι
1059 2992 1256 3059 ἀγαθὲ,
1287 3011 1306 3044 ι
1344 2994 1427 3046 ὅτι
1462 2995 1595 3065 πρὸς
1629 2996 1686 3047 σὲ
1716 2990 1826 3065 ἦρα
1857 2995 1955 3066 τὴν

374 3079 555 3151 ψυχήν
585 3098 708 3150 μου.
731 3102 749 3132 ι
776 3082 1107 3135 Είσάκουοόν
1132 3101 1254 3152 μου,
1285 3084 1483 3153 Κύριε,
1511 3085 1592 3137 ὅτι
1624 3084 1820 3155 ἡψυχὴ
1850 3104 1953 3154 μου

2034 610 2174 664 nihil
2207 609 2370 663 anxie
2403 604 2487 659 vel
2528 605 2769 676 cogitare
2814 606 2978 659 faetet
3032 609 3115 659 \el
3156 606 3605 675 circumspicere,

2033 715 2198 771 quain
2233 699 2328 753 ubi
2356 699 2604 752 locorum
2641 696 2916 767 symposia
2948 697 3321 759 celebrantur,
3360 708 3455 751 aut
3487 713 3611 751 san--

2035 802 2250 847 clerum
2278 790 2579 845 memorite.
2613 789 2766 844 Mens
2794 788 3037 850 interim,
3063 788 3143 843 sic
3171 787 3357 843 acedia
3384 788 3613 858 dejec'ts

2036 884 2185 939 aliud
2207 883 2343 938 nihil
2373 882 2706 953 imaginatur
2729 890 2783 936 et
2806 896 2992 936 secum
3017 880 3421 944 admurmurat,
3446 896 3611 950 quam

2041 987 2102 1031 ut
2138 993 2239 1047 per
2267 977 2385 1031 haec
2411 977 2662 1031 elevctur
2696 977 2752 1031 in
2784 975 3043 1038 sublime,
3073 983 3130 1029 et
3158 973 3447 1045 gloriolam
3483 975 3614 1029 hinc

2039 1075 2370 1138 aucupetur.
2414 1066 2530 1123 Hoc
2562 1082 2765 1139 genere
2800 1067 2968 1122 studii
3003 1066 3061 1119 fit
3091 1075 3151 1121 ut
3204 1065 3365 1120 talem
3408 1066 3466 1122 in
3514 1079 3614 1136 po-

2038 1167 2248 1213 sterum
2277 1157 2467 1211 mundi
2486 1157 2725 1227 negotiis
2749 1163 2902 1212 curet
2929 1155 3386 1227 obstringendum
3414 1172 3427 1209 :
3452 1165 3618 1226 atque

2042 1251 2117 1307 ita
2151 1250 2450 1312 irretitum,
2480 1251 2634 1305 velut
2669 1250 2779 1305 oll‘a
2813 1257 3064 1319 porrecta
3093 1291 3106 1314 ,
3165 1248 3370 1304 sensim
3408 1249 3618 1304 inescat

2042 1353 2107 1394 ac
2136 1336 2348 1407 decipit
2382 1338 2504 1393 istis
2532 1336 2999 1407 occupationibus
3019 1338 3155 1391 mire
3176 1337 3617 1400 detrimentosis,

2042 1444 2335 1501 quousque
2369 1431 2590 1485 tandem
2621 1445 2854 1502 prorsus
2879 1429 3141 1485 deturbet
3175 1446 3206 1485 e
3239 1428 3461 1501 fastigio
3499 1446 3619 1485 mo~

2042 1519 2272 1575 nastieas
2313 1517 2696 1589 professionis.
2767 1520 2940 1575 Recte
3002 1519 3226 1588 quidem
3282 1519 3621 1589 Apostolus,

2046 1611 2275 1681 perinde
2301 1627 2369 1667 ac
2397 1613 2624 1668 medica:
2672 1613 2806 1667 artis
2846 1612 3123 1682 quispiam
3164 1613 3463 1669 absolutus
3489 1628 3621 1682 pro-

2048 1703 2243 1766 fessor,
2280 1718 2612 1774 magnopere
2643 1703 2876 1773 cupiens
2905 1702 3083 1757 morbi
3118 1702 3281 1758 istius
3319 1703 3388 1759 ab
3435 1703 3623 1758 radice

2049 1792 2307 1848 excidere
2342 1808 2538 1847 causas
2572 1834 2585 1853 ,
2640 1808 2670 1848 e
2699 1794 2906 1863 quibus
2959 1803 3225 1864 prognata
3275 1792 3466 1850 acedia
3493 1801 3623 1857 est,

2048 1884 2310 1940 admonet
2346 1885 2581 1940 dicens:
2642 1905 2657 1936 ι
2700 1886 2951 1951 Fratres,
3003 1886 3109 1956 ipsi
3163 1887 3318 1941 scitis
3346 1887 3626 1956 quomodo

2048 1991 2301 2051 oporteat
2332 1982 2536 2044 imitari
2574 1998 2696 2047 nos,
2724 1984 2986 2055 quoniam
3016 1998 3127 2039 non
3151 1983 3385 2053 inquieti
3417 1982 3628 2037 fuimus

2051 2075 2196 2130 inter
2229 2090 2347 2139 vos,
2383 2091 2564 2146 neque
2594 2076 2766 2146 gratis
2812 2091 3008 2145 panem
3056 2076 3515 2131 manducavimus
3556 2077 3627 2130 ab

2049 2163 2257 2233 aliquo,
2299 2164 2392 2219 sed
2432 2165 2486 2218 in
2515 2164 2706 2220 labore
2733 2175 2791 2218 et
2833 2164 3178 2235 fatigatione,
3238 2171 3402 2220 nocte
3443 2172 3502 2219 et
3537 2165 3629 2218 die

2051 2263 2367 2324 operantes,
2389 2273 2456 2311 ne
2472 2272 2635 2326 quem
2657 2267 2899 2311 vestrum
2919 2273 3274 2327 gravaremus
3303 2258 3371 2318 ⁸⁸,
3411 2277 3430 2308 ι
3458 2256 3630 2312 Indo-

2052 2348 2128 2403 cit
2152 2365 2165 2400 :
2195 2366 2214 2399 ι
2238 2348 2356 2403 Non
2374 2350 2518 2420 quod
2539 2365 2648 2406 non
2678 2349 3039 2404 habuerimus
3060 2358 3410 2420 potestatem,
3445 2352 3542 2405 sed
3570 2348 3632 2405 ut

2051 2440 2420 2510 nosmetipsos
2462 2440 2691 2497 formam
2732 2442 2989 2497 daremus
3017 2442 3172 2498 vobis
3206 2443 3272 2497 ad
3300 2443 3629 2515 imitandum

2054 2549 2155 2587 nos
2180 2532 2246 2587 ⁵⁵.
2288 2554 2304 2583 ι
2340 2532 2780 2604 Prorsusitaquc
2823 2535 3177 2590 conducibile
3206 2537 3377 2591 fuerit
3415 2539 3578 2591 nobis
3610 2581 3625 2600 ,

2055 2633 2115 2678 ιιι
2144 2624 2299 2692 operi
2327 2623 2570 2692 cuipiam
2601 2625 2892 2679 manuario
2915 2626 3332 2681 contmodemus
3355 2642 3580 2698 operam
3613 2645 3626 2679 :

2055 2732 2162 2771 non
2195 2716 2399 2772 accdize
2426 2717 2603 2771 solum
2628 2718 2804 2788 gratia
2832 2734 2860 2771 a
2891 2718 3055 2772 nobis
3086 2718 3430 2789 depellenda:
3467 2728 3634 2790 atque

2055 2808 2110 2862 in
2132 2807 2386 2863 exsilium
2406 2808 2855 2879 ablegandae,scd
2876 2820 2931 2889 et
2955 2818 3015 2863 ut
3034 2810 3161 2864 hinc
3184 2811 3346 2865 nobis
3374 2812 3633 2867 alimonia

2055 2910 2333 2970 suppetat,
2362 2907 2419 2953 et
2451 2899 2643 2954 eadem
2678 2915 2844 2970 opera
2898 2901 3092 2956 aliena:
3141 2902 3343 2971 inopiae
3370 2904 3632 2957 consula-

2056 2990 2429 3061 musJugiter
2445 2991 2677 3060 proinde
2702 2992 2837 3047 illud
2863 2993 3198 3048 meditemur
3218 2995 3367 3049 beati
3387 2994 3630 3050 Davidis:

2066 3101 2083 3131 ‹
2110 3082 2389 3138 Velociter
2436 3083 2636 3137 exaudi
2674 3100 2781 3147 tne,
2830 3084 3102 3150 Domine;
3157 3083 3359 3139 defecit
3405 3084 3636 3155 spiritus

377 3172 435 3222 ὲν
475 3175 702 3234 στενοῖς,
735 3174 829 3225 καὶ
875 3173 1092 3243 πνεῦμα
1138 3174 1378 3245 ἁκηδιῶν
1414 3178 1655 3247 κέκραγε
1700 3178 1834 3247 πρὸς
1871 3178 1950 3232 σέ.

2062 3189 2238 3236 meus,
2269 3174 2315 3206 "
2345 3173 2807 3245 quiahumiliavit
2843 3175 3103 3231 inimicus
3135 3176 3374 3229 animam
3414 3192 3632 3244 meam;

375 3260 469 3328 Μὴ
505 3266 871 3332 συγχωρήσῃς
901 3282 965 3332 με
998 3266 1364 3335 πειρασθῆναι
1390 3268 1529 3336 ὑπὲρ
1559 3267 1587 3319 ὃ
1609 3269 1668 3321 ού
1696 3268 1951 3339 δύναμαι,

377 3351 513 3403 ἀλλα
542 3354 770 3422 ποίησον
799 3375 817 3403 ι
859 3356 954 3408 σὺν
979 3356 1056 3426 τῷ
1090 3359 1383 3429 πειρασμῷ
1415 3360 1510 3411 καὶ
1540 3358 1636 3429 τὴν
1669 3360 1947 3424 ἔκϐασιν,ι

380 3442 473 3497 τοῦ
501 3444 757 3498 δύνασθαί
793 3464 859 3516 με
887 3448 1231 3515 ὑπενεγκεῖν.
1275 3451 1465 3503 Ῥῦσαί
1503 3467 1570 3520 με
1596 3451 1705 3505 τῶν
1738 3452 1956 3508 ἀτόπων

379 3536 478 3591 καὶ
527 3539 779 3608 πονηρῶν
833 3539 1132 3609 λογισμῶν.
1194 3541 1552 3612 Ἐπίστρεψόν
1606 3560 1673 3611 με
1722 3545 1800 3606 εἰς
1840 3545 1957 3597 ὁδὸν

380 3627 622 3692 εὐθεῖαν,
670 3630 750 3691 είς
798 3631 1095 3696 ἐπίγνωσιν
1130 3631 1411 3702 ἀληθείας.
1460 3634 1569 3686 Καὶ
1627 3635 1715 3697 δός
1772 3653 1861 3705 μοι
1902 3638 1957 3689 ἐν

382 3715 600 3787 καθαρᾷ
629 3720 932 3787 συνειδήσει
960 3722 1099 3788 μετᾶ
1130 3724 1442 3792 παρρησίας
1474 3724 1653 3794 πάσης
1672 3726 1958 3796 λατρεύειν

384 3808 471 3860 σοὶ
524 3810 925 3879 ἀπερισπάστῳ
983 3812 1184 3881 καρδίᾳ
1247 3814 1428 3876 πάσας
1474 3815 1573 3879 τὰς
1598 3817 1821 3885 ἡμέρας
1858 3817 1959 3887 τῆς

382 3903 530 3972 ζωῆς
583 3922 708 3972 μου.
765 3905 894 3967 Ναὶ,
945 3905 1115 3976 Κύριε
1160 3907 1334 3974 Ἰησοῦ
1378 3909 1603 3978 Χριστὲ,
1647 3911 1956 3982 χαρακτὴρ,

383 3997 481 4049 καὶ
518 3997 861 4066 ἀπαύγασμα
915 3996 1010 4050 τοῦ
1064 3999 1432 4069 εὐλογημένου
1496 4018 1590 4055 σου
1647 4004 1881 4073 Πατρός,
1933 4006 1960 4058 6

384 4089 828 4158 ἐγκατασπείρας
861 4090 986 4151 τοὺς
1033 4089 1210 4151 Θείους
1257 4106 1351 4141 σου
1380 4089 1570 4158 λόγους
1594 4092 1670 4155 είς
1694 4094 1792 4156 τὰς
1826 4111 1959 4164 καρ-

382 4179 498 4242 δίας
531 4181 708 4249 ἡμῶν,
748 4183 776 4233 6
810 4183 968 4250 μόνος
999 4182 1294 4252 κηδόμενος
1320 4183 1428 4234 τῶν
1460 4183 1567 4235 σῶν
1606 4183 1830 4247 δούλων,
1866 4184 1961 4237 καὶ

388 4272 571 4340 ἰατρὸς
607 4271 817 4341 δωρεὰν
852 4273 1101 4341 ίώμενος,
1137 4274 1165 4325 6
1194 4274 1354 4342 μόνος
1415 4274 1709 4344 εὐεργέτης
1738 4275 1829 4327 καὶ
1864 4275 1961 4327 ἀν-

387 4364 753 4430 υπερηφαερος,
798 4364 828 4415 6
873 4364 1033 4431 μόνος
1083 4363 1330 4433 ἐλεήμων
1363 4365 1455 4416 καὶ
1504 4364 1903 4434 φιλάνθρωπος,
1932 4368 1961 4423 ὁ

387 4451 547 4519 μόνος
579 4454 769 4522 Σωτὴρ
802 4454 899 4505 καὶ
942 4454 1170 4519 δίκαιος,
1208 4456 1233 4506 6
1264 4456 1349 4507 ἀεὶ
1380 4453 1455 4505 ὣν
1495 4455 1590 4507 καὶ
1620 4456 1677 4506 ὲν
1718 4458 1853 4508 πᾶσι
1885 4456 1959 4509 ὢν

2058 3265 2349 3321 collocarit
2391 3281 2477 3320 me
2509 3264 2562 3319 in
2587 3266 2845 3321 obscuris
2877 3268 3022 3321 sicut
3055 3275 3308 3329 mortuos
3337 3268 3545 3331 saeculi,
3577 3276 3635 3322 et

2058 3376 2125 3413 an
2136 3358 2316 3413 xiatus
2331 3366 2413 3413 est
2432 3373 2600 3428 super
2614 3374 2700 3413 me
2720 3358 2949 3427 spiritus
2964 3359 3197 3423 mens“;
3213 3358 3307 3411 sed
3328 3374 3394 3412 ne
3417 3366 3638 3413 avertas

2060 3452 2255 3507 faciem
2295 3460 2442 3507 tuam
2474 3468 2503 3506 a
2538 3467 2647 3514 me,
2681 3470 2698 3502 ι
2733 3467 2766 3505 0
2796 3450 3056 3518 benigne,
3092 3468 3109 3499 ι
3138 3449 3268 3518 quia
3291 3449 3358 3503 ad
3388 3450 3633 3505 televavi

2034 3608 2037 3611 Α
2059 3544 2311 3617 animam
2328 3559 2504 3597 meam
2532 3544 2630 3593 ⁵⁸.»
2655 3542 2867 3596 Exaudi
2902 3556 3008 3604 me,
3028 3541 3281 3605 Domine;
3305 3542 3433 3610 quia
3452 3543 3636 3598 anima

2063 3635 2114 3688 in
2154 3634 2423 3705 angustiis
2457 3643 2563 3699 est,
2588 3642 2643 3688 et
2673 3633 2907 3702 spiritus
2940 3649 3050 3702 prae
3083 3633 3245 3693 taedio
3276 3636 3534 3689 clamavit
3566 3635 3632 3690 ad

2062 3733 2135 3776 te.
2172 3723 2250 3777 Ne
2284 3723 2454 3787 sinas,
2492 3730 2858 3791 praeterquam
2892 3736 3139 3791 possum,
3174 3738 3260 3774 me
3286 3724 3506 3780 tentari.
3537 3725 3634 3778 sed

2061 3812 2145 3868 fac
2187 3832 2204 3862 ι
2242 3828 2367 3867 eum
2398 3812 2703 3866 tentatione
2738 3809 2937 3865 ietiam
2974 3829 2992 3861 ι
3019 3811 3228 3865 exitum
3265 3829 3282 3862 ι
3336 3821 3396 3865 ιιι
3426 3814 3633 3881 possim

2062 3903 2360 3960 sustinere.
2391 3905 2596 3974 1071
2628 3904 2791 3973 Eripe
2840 3919 2927 3957 me
2967 3903 3037 3956 ab
3083 3903 3201 3957 istis
3260 3904 3635 3960 indecentinm

2062 4008 2228 4065 atque
2257 3995 2635 4064 improborum
2658 3994 3055 4064 cogitationum
3080 3995 3458 4050 vibrante-mis.
3490 3998 3636 4052 Con-

2063 4097 2215 4143 verte
2249 4104 2335 4143 me
2380 4089 2433 4142 in
2458 4088 2602 4141 viam
2633 4095 2862 4151 rectam,
2897 4103 3005 4157 qua
3037 4087 3101 4142 ad
3134 4088 3474 4157 agnitionem
3507 4104 3637 4157 ιιι-ι)⁴

2062 4178 2234 4234 vehar
2266 4179 2537 4234 veritatis.
2584 4178 2839 4233 Concede
2869 4177 3006 4231 mihi
3052 4178 3106 4231 in
3144 4179 3463 4232 sinceritate
3512 4194 3640 4231 eon-

2062 4271 2307 4325 seientiae
2337 4286 2573 4340 cumque
2605 4270 2756 4325 onmi
2792 4268 2995 4324 ﬁducia
3022 4286 3216 4339 puram
3244 4271 3343 4323 tibi
3375 4270 3639 4324 exhibere

2064 4362 2389 4416 servitutem
2416 4362 2583 4415 corde
2618 4358 2919 4425 indivulso,
2964 4362 3228 4415 omnibus
3276 4360 3477 4415 diebus
3515 4362 3641 4416 vita}

2062 4471 2221 4509 mete.
2261 4442 2463 4518 Etiam,
2503 4454 2733 4508 Domine
2782 4453 2856 4507 mi
2902 4453 3040 4511 Jesu
3084 4454 3326 4517 Christe,
3366 4454 3538 4523 figura
3585 4463 3641 4508 et

385 4544 484 4595 καὶ
526 4545 802 4614 πανταχοῦ
836 4545 1047 4615 παρὼν,
1087 4549 1181 4599 καὶ
1217 4547 1486 4616 περιέχων
1519 4546 1610 4600 καὶ
1642 4545 1865 4618 πληρῶν
1896 4551 1951 4603 τὰ

2067 4546 2333 4617 splendor
2366 4545 2646 4600 benedicti
2671 4546 2852 4599 Patris
2882 4545 2983 4609 tui,
3014 4545 3109 4614 qui
3138 4545 3406 4599 cordibus
3432 4545 3640 4599 nostris

389 4637 591 4689 πάντα.
644 4639 814 4706 Ἰησοῦ
865 4640 1067 4707 Χριστὲ
1100 4640 1203 4692 Θεὲ
1233 4646 1326 4693 καὶ
1360 4639 1554 4712 Κύριε,
1598 4642 1662 4693 σὺ
1694 4646 1812 4705 ταῖς
1846 4644 1965 4704 σαῖς

385 4727 618 4797 δωρεαῖς
661 4730 752 4782 καὶ
790 4730 867 4799 τῷ
905 4730 982 4799 σῴ
1021 4732 1158 4784 ἐλέει
1201 4732 1500 4803 περίσκεπε
1534 4733 1679 4802 ἡμᾶς
1714 4733 1839 4795 τοὺς
1873 4732 1964 4786 ἐπί

387 4835 448 4871 σε
482 4820 824 4884 ἐλπίζοντας,
857 4824 885 4876 6
914 4826 1278 4891 ἐπιστάμενος
1310 4822 1554 4893 ἀκριϐῶς
1583 4823 1679 4877 τοῦ
1712 4825 1961 4893 πανταχῇ

385 4914 542 4982 ἡμῶν
582 4915 857 4967 ἀντιδίκου
906 4915 1006 4977 τὰς
1046 4916 1264 4984 τέχνας,
1301 4916 1401 4978 τὰς
1434 4914 1699 4984 ἐπηρείας
1747 4914 1813 4977 ἃς
1842 4915 1963 4968 καθ’

385 5005 544 5073 ἡμῶν
574 5007 936 5061 ἐπιϐουλεύει.
974 5007 1169 5076 Κύριε,
1222 5007 1286 5059 σὺ
1336 5006 1495 5075 μόνος
1528 5005 1798 5075 βοήθησον
1827 5008 1961 5075 ἡμῖν

385 5094 444 5144 ὲν
466 5096 528 5163 τῇ
553 5096 827 5165 ἐπισκοπῇ
866 5111 961 5147 σου
991 5097 1056 5165 τῇ
1090 5095 1241 5164 ἁγία.
1277 5096 1386 5147 Καὶ
1420 5096 1508 5146 ὅτε
1538 5094 1759 5163 ἁνεοῇς,
1792 5093 1916 5162 λέγε
1944 5110 1957 5125 ο

384 5182 539 5247 Οἶδα,
572 5186 819 5238 Δέσποτα
848 5186 1129 5255 φιλόψυχε,
1159 5186 1240 5237 ὃτι
1276 5204 1294 5236 ι
1318 5184 1406 5237 Ἐν
1435 5184 1512 5255 τῷ
1537 5185 1828 5255 ἁκηδιάσαι
1861 5185 1960 5254 τὴν

384 5274 616 5341 καρδίαν
663 5292 766 5343 μου
816 5279 872 5328 ὲν
915 5278 1094 5346 πέτρα
1142 5275 1367 5345 ῦψωσάς
1416 5293 1505 5345 με,
1540 5275 1834 5345 ὼὸήγησάς
1869 5292 1958 5343 με,

384 5365 469 5418 ὅτι
500 5365 764 5438 ὶγενήθης
818 5367 980 5430 ἐλπίς
1040 5383 1163 5437 μου,
1209 5368 1303 5421 καὶ
1360 5367 1566 5437 πύργος
1622 5365 1805 5436 ἰσχύος
1854 5368 1962 5419 ἀπὸ

386 5455 684 5526 προσώπου
719 5456 941 5527 ἐχθροῦ.
979 5458 1180 5511 Λοιπὸν
1214 5462 1538 5529 παροικήσιιι
1562 5459 1618 5510 ἐν
1646 5457 1723 5528 τῷ
1751 5455 1960 5527 σκηνὼο

386 5548 521 5618 ματί
551 5565 643 5601 σου
675 5549 755 5611 είς
778 5549 906 5613 τοὺς
935 5549 1159 5613 αἰῶνας,
1183 5551 1278 5602 καὶ
1307 5550 1765 5619 σκεπασθήσομάι
1800 5550 1858 5601 ὲν
1891 5552 1959 5620 τῇ

387 5641 571 5710 σκέπῃ
603 5641 712 5693 τῶν
748 5642 1035 5713 πτερύγων
1077 5657 1193 5706 σου,
1223 5642 1306 5695 ὃτι
1347 5641 1412 5695 σὺ
1452 5644 1481 5695 6
1521 5642 1654 5705 Θεός
1701 5658 1804 5711 μου
1849 5641 1961 5693 είσ-

460 5797 507 5831 ’⁵
538 5796 584 5852 ll
624 5795 817 5855 Thess.
842 5814 923 5883 ιιι,
971 5798 1082 5870 7,8.
1160 5801 1390 5869 "ibid.,
1425 5802 1477 5857 9.
1556 5802 1601 5834 "
1643 5802 1786 5857 Psal.
1818 5816 1985 5871 cun,
2051 5799 2101 5852 7.
2179 5799 2224 5832 "

2067 4637 2259 4691 divina
2292 4634 2514 4705 eloquia
2542 4636 2703 4706 quasi
2740 4636 2953 4691 semina
2985 4637 3291 4707 inspirasti,
3320 4637 3642 4692 misericors

2064 4741 2120 4786 et
2141 4732 2389 4787 clemens
2423 4730 2715 4785 hominum
2749 4739 2987 4795 amator,
3036 4730 3129 4799 qui
3162 4730 3231 4783 de
3286 4730 3451 4785 nobis
3491 4732 3642 4785 solus

2064 4839 2230 4893 quam
2254 4822 2462 4891 optime
2491 4821 2745 4887 mereris,
2781 4821 2921 4874 nihil
2956 4820 3181 4875 interim
3217 4837 3315 4889 per
3341 4821 3639 4875 elationem

2068 4915 2168 4970 tibi
2209 4929 2519 4985 arrogans;
2554 4913 2649 4983 qui
2699 4928 2803 4967 nos
2838 4913 2991 4968 solus
3023 4914 3199 4967 donas
3224 4913 3402 4967 salute
3427 4954 3441 4976 ,
3491 4915 3644 4967 solus

2062 5002 2292 5076 insuper
2319 5006 2538 5076 justus,
2601 5004 2698 5073 qui
2732 5019 2956 5072 semper
2985 5020 3045 5057 es
3074 5014 3129 5057 et
3175 5003 3232 5057 in
3286 5004 3546 5056 omnibus
3587 5010 3643 5056 et

2059 5097 2269 5166 ubique
2300 5110 2564 5165 praesens,
2592 5093 2686 5163 qui
2712 5094 2892 5147 ambis
2924 5094 3183 5166 imiversa
3212 5092 3504 5160 complexu
3537 5099 3634 5144 tuo

2059 5203 2123 5242 ac
2154 5162 2370 5255 imples,
2399 5185 2526 5239 Jesu
2559 5162 2814 5248 Christe,
2852 5185 2998 5238 iJem
3035 5162 3300 5237 Dominus
3332 5224 3345 5247 ,
3399 5182 3545 5236 idem
3579 5194 3637 5236 et

2058 5278 2319 5340 Deus;tu
2345 5292 2449 5329 nos
2468 5277 2578 5330 tuis
2609 5292 2895 5345 proltngna
2919 5274 3098 5338 donis,
3133 5285 3222 5327 tua
3257 5274 3642 5328 misericordia

2071 5378 2248 5429 tuere,
2281 5367 2410 5436 quia
2449 5368 2503 5419 in
2534 5377 2583 5421 te
2621 5383 2786 5419 unum
2814 5381 2965 5434 spem
3006 5365 3203 5417 animm
3225 5379 3444 5418 omnem
3475 5366 3641 5419 recli-

2071 5473 2287 5512 namus.
2342 5458 2701 5512 Exactissimc
2751 5455 2900 5509 enim
2934 5453 3078 5508 nosti
3127 5466 3435 5510 commenta
3465 5455 3646 5510 hostis

2069 5548 2459 5612 infensissimi,
2505 5548 2658 5601 nullo
2704 5562 2816 5599 non
2851 5546 2974 5599 loco
3004 5544 3189 5599 obvia.
3239 5546 3642 5614 lmpressioncs

2067 5639 2436 5695 veteratorias
2468 5638 2674 5705 quibus
2703 5651 2805 5690 nos
2826 5651 2892 5689 ex
2938 5634 3159 5691 insidiis
3188 5635 3478 5704 adoritur,
3515 5636 3646 5709 quis

2328 5791 2463 5849 mu.
2540 5796 2593 5862 δ,
2671 5795 2724 5849 ι.
2798 5796 2843 5828 ι·
2881 5795 3015 5851 ibid.
3055 5795 3192 5866 7,8.
