3986 6148
444 375 607 444 ‘1.)19

1710 322 2075 429 ANTIO-CIII
2122 367 2461 427 MONACHI

3544 360 3686 426 ιιιι

463 499 516 546 te
553 503 682 551 uno,
721 487 971 549 Domine,
1007 485 1263 552 intelligit
1296 481 1715 551 perspicue-ius?
1749 480 1829 532 'I‘u
1861 480 2033 540 solus,

2158 481 2382 550 ᾓκουσας
2422 476 2529 530 τῶν
2585 472 2757 542 εὐχῶν
2810 489 2933 541 μου,
2976 489 2997 521 ι
3052 471 3161 523 Καὶ
3213 467 3324 538 γὰρ
3358 466 3685 540 ὲνὺσταξενὴ

426 584 430 593 ’
463 579 717 641 Domine,
745 576 1009 629 auxiliare
1042 574 1203 627 nobis
1239 572 1554 627 visitatione
1590 581 1680 623 tua
1709 577 1918 624 saneta.
1953 568 2037 621 Ab

463 672 565 724 hac
588 670 755 723 animi
790 665 1117 737 zegrimdine
1154 664 1443 718 absolutus
1468 664 1579 732 jam
1612 661 1864 725 acliber,
1901 660 1992 713 dic
2021 677 2033 711 :

462 762 620 825 Novi,
661 759 734 813 mi
764 757 1016 822 Domine,
1054 756 1363 809 animarum
1396 765 1633 817 amator,
1673 754 1804 822 quia
1843 772 1861 803 ι
1897 752 2037 805 Dum

462 853 782 908 anxiaretur
816 866 913 904 cur
972 864 1177 909 meum,
1236 847 1291 899 in
1340 854 1494 915 petra
1531 844 1790 899 exaltasti
1829 858 1937 905 me,
1984 852 2040 896 et

465 946 520 1000 in
542 946 685 999 viam
712 941 1003 1005 revocasti,
1025 941 1152 1009 quia
1177 918 1578 1007 factusesspes
1607 953 1750 999 mea,
1782 945 1840 990 et
1872 933 2041 988 turris

463 1036 812 1093 fortitudinis
838 1051 868 1088 a
899 1032 1038 1087 faeie
1084 1031 1319 1085 inimici.
1376 1031 1647 1098 Deinceps
1684 1028 1947 1082 habitabo
1984 1027 2041 1079 in

466 1127 828 1183 tabernacdlo
897 1134 993 1178 tuo
1049 1125 1102 1177 in
1168 1123 1388 1187 saecula,
1433 1130 1489 1175 et
1533 1132 1794 1189 protagar
1839 1120 1893 1171 in
1942 1133 2042 1171 ve-

2137 548 2285 640 ᾦυχή
2326 586 2427 638 μου
2462 567 2570 621 ἀπὸ
2608 565 2859 633 ἀκηδίας,
2897 561 3036 641 ἀλλά
3064 564 3149 624 σὺ,
3181 560 3379 630 Κύριε,
3417 548 3687 629 βεϐαιώσω

2142 678 2210 730 με
2258 662 2315 713 ἐν
2350 661 2461 722 τοῖς
2508 658 2687 726 λόγοις
2734 673 2850 709 σου.
2889 655 3012 707 Ἐὰν
3041 652 3213 715 οὕτως
3252 652 3530 721 δεηθῶμεν
3569 652 3686 720 μετά

2138 750 2465 822 εἰλικρινοῦς
2484 750 2711 819 καρδίας
2740 748 2832 800 τοῦ
2858 745 3236 815 ἀμνησικάκου
3268 743 3493 813 Κυρίου,
3519 742 3686 795 ἀκούο-

2144 859 2243 912 μεν
2271 842 2403 911 παρ’
2434 839 2623 902 αὐτοῦ,
2666 840 2749 892 ὅτι
2786 840 2894 897 πᾶς
2944 838 2971 888 ὁ
3014 835 3183 888 αἰτῶν
3228 834 3516 902 λαμϐάνει,
3550 833 3688 886 καὶὸ
3772 866 3777 873 ι

2147 933 2325 999 ζητῶν
2375 932 2644 1001 εὑρίσκει,
2677 930 2771 982 καὶ
2815 928 2891 997 τῷ
2922 927 3170 996 κρούοντι
3216 927 3575 995 ἀνοιγήσεταισ
3609 924 3690 974 καὶ

2144 1025 2227 1077 ὅτι
2266 1025 2299 1093 ἡ
2334 1025 2515 1076 πίστις
2565 1040 2659 1074 σου
2703 1021 2913 1074 σέσωκέ
2949 1036 3042 1072 σε·
3085 1018 3325 1088 πορεύου
3369 1021 3425 1069 ὲν
3454 1016 3688 1087 εἰρηνικῷ

2145 1113 2413 1184 λογισμῷ.
2446 1113 2604 1181 Αὐτῷ
2636 1115 2668 1183 ἠ
2706 1113 2830 1177 δόξα
2874 1114 2951 1175 είς
2983 1111 3107 1170 τοὺς
3144 1110 3373 1172 αἰῶνας.
3412 1111 3593 1179 Ἀμήν.

466 1223 707 1275 lamento
755 1221 960 1273 alarum
996 1216 1391 1284 tuar::m,quia
1431 1223 1509 1275 tu,
1557 1215 1724 1275 Deus,
1759 1210 2035 1267 exaudisti
2075 1209 2362 1262 orationes
2431 1221 2580 1259 meas
2612 1207 2678 1257 ⁵⁸.
2723 1223 2740 1254 ι
2788 1203 3004 1257 Etenim
3057 1220 3073 1251 ι
3142 1201 3468 1255 dormitavit
3528 1203 3687 1257 anima

430 1328 433 1333 '
466 1326 584 1365 mea
622 1326 733 1380 prae
761 1309 946 1372 taedio,
983 1309 1077 1360 sed
1127 1320 1207 1371 tu,
1259 1308 1490 1360 Domine
1521 1348 1534 1369 ,
1611 1301 1953 1365 confirmasti
2025 1315 2110 1353 me
2152 1301 2207 1353 in
2239 1298 2426 1351 verbis
2460 1296 2569 1350 tuis
2599 1297 2664 1349 σο.
2706 1286 2727 1345 ›“
2785 1295 2840 1348 Si
2874 1295 2940 1347 ad
2988 1294 3136 1347 hunc
3170 1294 3395 1346 modum
3442 1308 3544 1346 una
3582 1308 3686 1346 eum

466 1402 650 1456 cordis
683 1398 998 1454 sinceritate
1035 1412 1228 1466 preces
1264 1397 1329 1450 ad
1363 1384 1656 1460 Dominum
1694 1392 2027 1456 faderimus,
2070 1389 2165 1459 qui
2195 1387 2625 1458 ﬂagitiosissima
2657 1401 2890 1454 qumque
2938 1400 2996 1439 se
3036 1386 3453 1454 agnoseentium
3504 1385 3685 1454 perpeti

467 1493 743 1548 oblivione
816 1490 1166 1559 indulgenter
1223 1491 1400 1544 abolet
1530 1489 1723 1557 utique
1763 1486 1957 1540 audire
1997 1486 2065 1539 ab
2105 1483 2298 1559 eodem
2362 1480 2834 1549 promerebimur,
2879 1479 3049 1548 quia:
3095 1497 3111 1527 ι
3146 1477 3341 1531 Omnis
3405 1478 3495 1544 qui
3548 1479 3683 1549 petit,

468 1586 689 1655 accipit,
728 1591 783 1637 et.
817 1584 908 1653 qui
933 1584 1133 1652 qumrit
1161 1582 1395 1646 invenit,
1454 1597 1509 1635 et
1546 1580 1788 1651 pulsanti
1819 1577 2104 1648 aperietur
2135 1577 2205 1629 ε’.
2233 1594 2251 1627 ι
2322 1574 2389 1628 Et
2422 1590 2436 1627 :
2470 1592 2487 1624 ι
2518 1571 2685 1627 Fides
2754 1582 2846 1627 tua
2873 1583 2927 1627 te
2994 1571 3209 1626 salvum
3267 1571 3398 1625 fecit
3424 1572 3486 1638 δ’,
3514 1590 3528 1621 ι
3573 1573 3685 1625 vade

471 1680 523 1732 in
556 1677 779 1747 paciﬁca
812 1674 866 1730 et
900 1676 1197 1744 tranquilla
1228 1674 1580 1743 cogitatione.
1629 1672 1737 1741 Ipsi
1773 1673 1948 1744 gloria
1977 1674 2031 1726 in
2076 1672 2272 1724 san-uta
2306 1669 2656 1721 srerulorum.
2690 1664 2885 1720 Amen.

984 1785 1271 1840 IIOMILIA
1302 1784 1516 1839 XXVII.

1014 1897 1088 1950 De
1120 1898 1507 1968 desperatione.

540 2009 957 2082 Desperationis
988 2009 1339 2079 perturbatio
1366 2019 1593 2063 cazteras
1620 2024 1728 2078 pra:
1760 2024 1818 2063 se
1868 2009 2044 2062 dictas

470 2105 643 2160 facile
667 2103 863 2170 anteit,
923 2100 1298 2171 etgravitate,
1349 2110 1407 2155 et
1451 2099 1782 2168 inexplebeli
1816 2114 2039 2168 angore.

475 2196 760 2253 licininem
810 2194 978 2253 enim
1034 2200 1188 2247 recta
1239 2191 1551 2261 prazcipitat
1597 2191 1652 2244 in
1704 2189 2047 2243 infidelitatis

454 2288 815 2349 barathrum,
843 2284 982 2338 adeo
1002 2284 1392 2346 inclementer,
1417 2293 1479 2337 ut
1499 2281 1638 2335 nihil
1666 2281 1744 2333 illi
1772 2280 2047 2348 reliquum

471 2370 636 2434 faciat
669 2376 956 2447 sperandae
986 2375 1203 2429 salutis.
1232 2374 1521 2427 Elocatum
1545 2371 1822 2441 siquidem
1853 2386 1915 2424 ac
1947 2371 2049 2423 mi-

448 2474 714 2530 serrime
737 2469 1043 2540 proditum,
1068 2466 1367 2522 committit
1402 2465 1708 2519 exitialium
1737 2462 2047 2516 dazmonum

475 2573 722 2625 torturae,
758 2577 869 2632 quo
906 2561 987 2625 tit,
1027 2569 1090 2613 ut
1113 2559 1169 2613 in
1198 2559 1386 2612 cibum
1424 2558 1536 2612 illis
1563 2558 1676 2627 jam
1713 2562 1961 2610 vertatur
1987 2569 2049 2608 ac

442 2656 837 2711 deridiculam
897 2652 1338 2707 insultationem.
1397 2649 1467 2704 Ut
1519 2649 1669 2703 enim
1718 2645 1900 2725 fidelis
1943 2644 2049 2709 vir,

476 2763 681 2817 speque
710 2762 874 2816 quam
898 2744 1105 2815 optima
1132 2742 1337 2806 nitens,
1374 2755 1543 2796 suave
1569 2739 1628 2793 ﬁt
1652 2738 1876 2793 Christo
1916 2736 2055 2792 edu-

480 2841 616 2893 lium
657 2838 675 2909 (
709 2858 726 2889 ι
764 2838 916 2892 Meus
933 2839 1080 2892 enim
1111 2834 1269 2889 cibus
1302 2843 1411 2897 est,
1439 2834 1535 2898 ait,
1557 2841 1618 2885 ut
1640 2832 1835 2885 faciam
1855 2830 2054 2884 volun-

480 2943 647 2987 tatem
684 2933 862 2986 Patris
895 2929 1415 3008 mci'fa’Voluntas
1436 2934 1621 2979 autem
1654 2923 1837 2978 Patris
1866 2930 1970 2985 est,
1994 2929 2055 2974 ut

479 3045 575 3098 per
593 3042 718 3081 eum
744 3027 994 3079 salvetur
1023 3025 1188 3079 homo
1217 3022 1458 3090 omnis),
1481 3016 1575 3073 'ita
1614 3030 1671 3073 et
1700 3029 1903 3072 nostra:
1934 3031 2054 3069 om-

2079 1771 2112 1820 “
2767 1776 2980 1828 ΛΟΓΟΣ
3013 1776 3079 1827 Ζ’.

2634 1889 2772 1957 Περὶ
2809 1892 3228 1958 ἀπογνώσεως.

2217 2004 2290 2056 Τὸ
2324 2005 2425 2074 τῆς
2474 2001 2836 2071 ἀπογνώσεως
2892 2002 3062 2065 πάθος
3109 2003 3410 2073 δεινότερον
3458 2003 3553 2054 τῶν
3595 2000 3687 2070 πρδ

2147 2095 2311 2147 αὐτοῦ
2338 2098 2453 2148 ἐστι
2486 2097 2627 2149 πάνυ
2657 2095 2750 2147 καὶ
2775 2093 3050 2156 δυσαλθές.
3077 2093 3241 2166 Φέρει
3269 2095 3375 2162 γὰρ
3401 2094 3487 2143 τὸν
3514 2090 3687 2159 ἀνθρω-

2147 2202 2248 2238 πον
2279 2188 2358 2249 εἰς
2388 2187 2668 2252 ἀπιστίαν,
2699 2186 2795 2238 καὶ
2817 2172 3194 2239 ἀνελπιστίαν.
3224 2186 3336 2237 Καὶ
3356 2184 3531 2236 λοιπὸν
3557 2181 3684 2234 ἔκδοο

2147 2294 2239 2329 τον
2289 2277 2808 2346 ἐαυτὸνκαθίστησι
2842 2281 2962 2339 ’τοῖς
2999 2277 3305 2347 ἀλιτηρίοις
3354 2275 3577 2345 δαίμοσισ
3608 2274 3685 2324 καὶ

2149 2368 2464 2437 εὑρίσκεται
2494 2368 2679 2428 αὐτοῖς
2708 2366 2902 2437 βρῶμα
2925 2368 3016 2418 καὶ
3042 2364 3570 2435 ἐπί-χαρμα.⁷Ὦσπερ
3595 2360 3684 2428 γὰρ

2153 2460 2183 2510 ὁ
2200 2457 2389 2520 πιστὸς
2415 2458 2508 2509 καὶ
2533 2456 2747 2519 εὔελπις
2778 2457 2892 2508 ἐστὶ
2915 2455 3108 2525 βρῶμα
3137 2454 3235 2507 τοῦ
3262 2450 3685 2523 Χριστοῦ(ιἘμδν

2154 2548 2286 2618 γὰρ,
2320 2547 2475 2616 φησὶ,
2514 2547 2711 2619 βρῶμά
2755 2549 2923 2608 ἔστιν,
2962 2546 3051 2599 ἵνα
3100 2546 3244 2598 ποιῶ
3285 2547 3343 2599 τὸ
3376 2546 3568 2614 θέλημα
3604 2542 3681 2593 τοῦ

2153 2636 2367 2706 Πατρός
2410 2653 2531 2706 μου.
2575 2656 2593 2687 ι
2625 2634 2850 2704 Θέλημα
2876 2634 2931 2685 δὲ
2959 2634 3053 2686 τοῦ
3084 2634 3303 2704 Πατρδς
3324 2633 3499 2692 αὐτοῦ,
3522 2633 3573 2682 τὸ
3598 2646 3684 2681 om-

2155 2727 2314 2797 θῆναι
2345 2728 2522 2780 πάντα
2538 2727 2822 2798 ἄνθρωπον
2853 2724 2926 2797 ι’)
2956 2726 3098 2779 οὕτω
3127 2726 3226 2779 καὶ
3252 2725 3346 2778 τοῦ
3369 2722 3584 2791 πονηροῦ
3606 2721 3683 2773 καὶ

2118 2846 2121 2847 ν
2156 2819 2607 2891 ἀνθρωποκτόνου
2636 2817 2887 2871 διαϐόλου
2917 2818 2979 2870 τὸ
3005 2816 3240 2887 θέλημα,
3269 2819 3330 2869 τὸ
3356 2818 3436 2878 εἰς
3467 2815 3680 2878 ἀπόγνω-

2159 2928 2241 2963 σιν
2276 2910 2573 2979 εἰσφέρειν,
2636 2910 2731 2962 καὶ
2770 2908 3034 2961 ἀπολέσαι
3065 2907 3155 2961 τὸν
3182 2907 3488 2978 ἄνθρωπον.
3525 2905 3680 2971 Ἡμεῖς

2158 2999 2250 3057 οὖν
2295 3004 2346 3057 οἱ
2376 3002 2610 3074 Χριστὸν
2667 2999 3006 3068 ἐνδεδυμένοι
3062 2999 3160 3051 καὶ
3221 2999 3497 3066 σύσσωμοι
3546 2991 3678 3047 αὐτοῦ

480 3120 628 3171 nium
648 3116 840 3169 salutis
862 3113 1041 3167 Lentuli
1062 3122 1226 3181 atque
1253 3109 1548 3164 homicidae
1572 3108 1779 3162 diaboli
1801 3106 2056 3160 voluntas

2158 3094 2329 3157 ὄντες,
2384 3095 2476 3147 καὶ
2518 3091 2807 3153 ἀκούοντες
2842 3091 2972 3159 παρ’
3004 3088 3198 3156 αὐτοῦ,
3248 3091 3330 3143 ὅτι
3368 3107 3386 3140 ι
3427 3089 3530 3142 Οὐκ
3545 3082 3679 3156 ἦλθον

480 3208 839 3278 peculiariter
867 3221 972 3258 una
994 3204 1111 3258 hzec
1141 3201 1544 3265 est,hominem
1567 3209 1626 3252 ut
1653 3198 1852 3266 laqueo
1879 3194 2062 3264 impii-

480 3311 568 3356 eet
594 3296 1022 3368 desperationis,
1040 3295 1275 3363 denique
1298 3300 1353 3346 et
1380 3291 1597 3361 perdat.
1621 3289 1737 3343 Nos
1763 3288 1929 3358 igitur
1963 3284 2058 3354 qui

478 3393 762 3449 Christum
794 3389 1101 3451 induimus,
1128 3385 1223 3455 qui
1249 3395 1624 3450 concorpores
1647 3378 1699 3432 ei
1728 3390 1939 3439 sumus,
1965 3375 2061 3444 qui

482 3487 600 3554 ipso
624 3483 853 3537 doctore
882 3478 1178 3532 didicimus
1212 3491 1224 3527 :
1268 3493 1285 3524 ι
1322 3471 1605 3553 Nouveni
1638 3481 1836 3523 vocare
1851 3468 2058 3536 'justos,

480 3576 575 3629 sed
596 3580 920 3643 peceatores
942 3570 1006 3623 ad
1038 3565 1422 3637 paenitentiam
1456 3563 1501 3594 “
1536 3580 1547 3615 :
1590 3580 1607 3612 ι
1643 3559 1902 3614 certatim
1929 3571 2062 3611 con-

481 3667 771 3722 tendamus
796 3661 1053 3732 pr;csidio
1081 3657 1304 3713 subnixi
1336 3653 1703 3725 poenitentiae,
1736 3661 1843 3706 tam
1867 3666 2064 3704 exora-

485 3759 646 3812 bilem
678 3756 893 3825 placare
929 3752 1222 3806 Dominum
1250 3748 1344 3817 qui
1384 3747 1524 3800 mala
1557 3744 1740 3798 omnia
1777 3741 2061 3796 oblivione

485 3847 793 3903 interliuet.
816 3845 873 3899 Id
898 3844 1041 3896 facto
1066 3839 1226 3895 nobis
1252 3852 1410 3907 opus,
1431 3825 1502 3891 ne
1539 3833 1673 3888 illud
1700 3832 2065 3887 Jeremizeau-

485 3940 602 3994 dire
618 3934 900 4003 contingat
924 3950 936 3984 :
964 3950 982 3981 ι
1009 3926 1274 3998 Nunquid
1305 3925 1510 3980 cadens
1541 3940 1650 3977 non
1679 3921 1944 3990 resurgit,
1969 3926 2065 3972 aut

486 4033 818 4076 convertens
842 4036 951 4074 non
977 4013 1425 4073 convertatur“?
1456 4032 1472 4062 ι
1494 4013 1741 4065 Rursus:
1763 4027 1779 4060 ι
1803 4006 2063 4076 Nunquid

488 4114 669 4169 resina
703 4128 811 4166 non
849 4120 933 4165 est
965 4110 1020 4162 in
1044 4108 1391 4169 Galaad,aut
1416 4103 1665 4157 medicus
1695 4116 1804 4154 non
1837 4108 1924 4154 est
1958 4099 2058 4164 ibi,

486 4207 616 4276 quia
639 4220 865 4261 aversus
889 4210 974 4256 est
1012 4199 1250 4270 populus
1284 4198 1375 4254 hic
1420 4194 1711 4249 aversione
1740 4190 2066 4261 impruden-

491 4298 526 4350 ti
555 4298 601 4329 “
630 4296 653 4349 ?
684 4316 702 4346 ›
744 4296 953 4364 Itaque,
1003 4292 1227 4355 fratres,
1268 4304 1394 4342 cum
1430 4286 1737 4340 habeamus
1770 4281 2063 4351 providum

392 4367 413 4383 ’
489 4393 802 4438 curatorem
832 4382 1026 4445 Deum,
1057 4377 1124 4432 ad
1153 4376 1338 4431 omnia
1360 4375 1464 4445 ipsi
1490 4371 1825 4426 accollemur
1850 4368 2065 4438 glutino
2097 4416 2142 4470 Β

493 4475 797 4539 eharitatis,
835 4489 944 4527 non
980 4472 1110 4525 item
1147 4477 1208 4522 ut
1252 4466 1453 4536 refugre
1499 4481 1529 4518 a
1556 4472 1663 4517 tam
1706 4461 1944 4530 benigno
1972 4460 2067 4514 dc-

493 4566 814 4620 seiseamus.
845 4584 861 4614 ι
881 4540 1339 4632 Αρριυρίιῖιιυιιιε
1364 4557 1523 4619 mihi,
1562 4554 1739 4631 ait,'et
1761 4550 2064 4620 appropin-

491 4654 673 4723 quabo
705 4653 864 4707 vobis
896 4653 962 4704 ⁸⁷.
988 4671 1004 4702 ›
1040 4650 1149 4720 Ipsi
1178 4648 1324 4703 enim
1353 4662 1487 4702 cura
1511 4646 1698 4699 futura
1719 4652 1807 4696 est
1845 4642 2020 4695 nostri
2046 4680 2061 4704 ,

494 4744 667 4813 utqui
698 4759 799 4798 nos
823 4742 960 4797 tanti
989 4740 1304 4802 aestimavit,
1333 4753 1476 4808 quos
1509 4734 1734 4805 proprio
1768 4733 2069 4787 redimeret

493 4835 778 4906 sanguine.
810 4832 1020 4901 1072
1046 4830 1255 4884 Anima:
1285 4826 1595 4899 praestantis
1624 4838 1856 4894 prorsus
1884 4838 1949 4875 ac
1971 4837 2067 4890 ge-

492 4942 708 4984 nerosae
727 4923 1025 4997 peculiaris
1056 4920 1301 4975 conditio
1328 4936 1394 4975 ea
1416 4928 1519 4982 est,
1550 4928 1611 4971 ut
1630 4924 2065 4985 quantaecunque

494 5018 716 5075 tandem
758 5013 1029 5071 inundent
1069 5011 1446 5065 calamitatum
1483 5006 1758 5075 procellaz,
1786 5004 1938 5057 nullo
1966 5019 2068 5055 un-

497 5120 662 5175 quam
694 5112 856 5175 pacto
880 5101 1025 5155 sinat
1049 5115 1077 5152 a
1108 5114 1166 5153 se
1194 5096 1359 5151 avelli
1390 5095 1507 5163 spei
1530 5093 1718 5147 solida:
1738 5092 2059 5145 aneboram.

494 5198 577 5252 Ub
614 5197 719 5248 hoc
748 5193 896 5248 enim
923 5188 1165 5245 hominis
1189 5187 1299 5239 vita
1320 5184 1670 5252 πειρατήριον
1706 5179 1931 5243 dicitur,
1965 5179 2069 5233 hoc

496 5298 614 5351 est,
655 5284 1023 5339 tentatiouum
1068 5280 1186 5333 sive
1243 5276 1547 5345 piratarum
1586 5270 1951 5323 domicilium.
2001 5268 2085 5322 At’

498 5397 599 5435 nos
628 5394 695 5432 ne
725 5378 805 5441 sic
832 5375 1056 5444 quidem
1077 5388 1108 5427 a
1142 5370 1376 5425 Domino
1410 5365 1751 5425 deﬁciamus,
1782 5378 2069 5431 quousque

500 5479 827 5525 tentatorem
845 5466 1033 5537 jubeat
1060 5462 1325 5518 semotius
1350 5476 1379 5511 a
1402 5457 1559 5511 nobis
1584 5455 1863 5520 secede-re,
1887 5463 1941 5508 et
1971 5471 2069 5524 per

570 5642 615 5673 ⁵⁸
640 5644 779 5697 I’sal.
800 5661 885 5705 1.x,
924 5644 1041 5697 3-6.
1104 5641 1147 5671 ⁸ο
1172 5637 1314 5692 Psal.
1348 5652 1526 5701 cxym,
1549 5634 1635 5686 ‘28.

501 5711 550 5743 ⁸⁵
582 5712 693 5780 ,ler.
716 5729 829 5779 \‘tll,
867 5702 921 5768 4.
997 5714 1038 5740 °"
1061 5708 1197 5762 ibid.
1232 5708 1320 5760 ‘22.
1395 5708 1433 5735 υτ
1459 5706 1571 5760 Jac.
1603 5720 1695 5768 :v.,
1729 5702 1779 5755 8.
1852 5771 1863 5778 D

1714 5633 1757 5662 ⁶¹
1786 5630 1978 5684 Matth.
2002 5646 2094 5694 vu,

2161 3186 2389 3239 καλέσαι
2423 3184 2683 3245 δικαίους,
2715 3181 2854 3233 ἀλλὰ
2883 3179 3241 3250 ἁμαρτωλοὺς
3270 3182 3348 3239 εἰς
3384 3177 3679 3247 μετάνοιανί

2163 3274 2560 3344 ἀγωνισώμεθα
2595 3253 2690 3326 διδῖ
2718 3272 3007 3342 μετανοίας
3044 3270 3366 3340 δυσωπῆσαι
3414 3267 3498 3319 τὸν
3538 3265 3682 3332 ἀμνηο

2120 3409 2129 3417 .
2165 3365 2389 3417 σίκακον
2424 3363 2589 3427 Θεὶν,
2637 3361 2723 3413 ἴνα
2759 3360 2832 3430 μὴ
2873 3357 3199 3427 ἀκούσωμεν
3234 3357 3382 3427 παρὰ
3420 3356 3507 3407 τοὺ
3551 3352 3685 3419 Ἱερε-

2166 3454 2290 3520 μίου
2311 3469 2323 3481 ·
2362 3470 2378 3502 ι
2416 3451 2505 3522 Μὴ
2531 3452 2558 3503 ὁ
2600 3451 2811 3502 πίπτων
2856 3448 2954 3500 οὐκ
2980 3448 3304 3511 ἀνίσταται;
3344 3444 3427 3515 ἢὸ
3458 3441 3685 3508 ἀποστρὲ-

2164 3560 2300 3610 φων,
2335 3542 2433 3594 οὐκ
2458 3528 2814 3611 ’ἐπιστρέφεις
2842 3558 2861 3590 ι
2894 3538 3003 3591 Καὶ
3032 3537 3217 3590 πάλιν*
3250 3557 3268 3587 ι
3302 3535 3390 3605 Μὴ
3418 3534 3586 3603 ῥητίνη
3607 3529 3686 3581 οὐκ

2162 3635 2310 3687 ἔστιν
2343 3635 2398 3685 ἐν
2421 3632 2659 3695 Γαλαὰδ,
2688 3631 2721 3701 ἢ
2762 3632 2942 3700 ἰατρὸς
2964 3631 3065 3682 οὐκ
3116 3630 3267 3683 ἔστιν
3295 3630 3442 3690 ἐκεῖ;
3471 3625 3579 3676 ’Ὁτι
3605 3624 3688 3674 ὰπ-

2164 3727 2406 3797 εστράφη
2429 3726 2456 3777 ὁ
2484 3724 2613 3787 λαὸς
2643 3718 2796 3784 οὗτος
2824 3724 3173 3793 ἀποστροφὴν
3206 3720 3415 3788 ἀναιδῆ.
3445 3718 3687 3785 »Ἔχοντες

2163 3811 2255 3868 οὖν
2294 3817 2479 3884 ἡμεῖς,
2507 3813 2747 3882 ἀδελφοὶ,
2780 3813 2871 3865 τὸν
2920 3811 3051 3864 Θεὸν
3102 3812 3410 3880 ἐπίκουρον,
3460 3809 3515 3859 ἐν
3555 3801 3686 3855 παντὶ

2164 3905 2311 3973 αὐτῷ
2356 3904 2726 3973 κολληθῶμεν,
2775 3903 2868 3954 καὶ
2914 3903 2989 3971 μὴ
3037 3903 3371 3971 ἀποστῶμεν
3419 3899 3505 3951 ἀπ’
3529 3891 3682 3948 αὑτοῦ.

2171 4015 2189 4046 ι
2212 3995 2500 4063 Ἑγγίσατε
2528 3994 2635 4062 γάρ
2667 4010 2777 4063 μοι,
2808 3994 2961 4061 φησι,
2993 3993 3084 4043 καὶ
3113 3990 3298 4059 ἐγγυῶ
3334 3991 3472 4060 ὑμῖν.
3509 4005 3526 4037 ι
3559 3980 3688 4047 Αὐτῷ

2165 4090 2272 4158 γὰρ
2305 4086 2458 4158 μέλει
2499 4086 2623 4153 περὶ
2654 4083 2833 4154 ήμῶν,
2861 4083 2937 4145 ὡς
2984 4081 3060 4152 τῷ
3093 4082 3210 4151 ἰδίῳ
3242 4082 3431 4150 αἵματι
3463 4073 3689 4142 iga-{opti-

2168 4195 2322 4231 σαντι
2355 4177 2521 4245 ἡμᾶς.
2547 4172 2943 4241 Μεγαλοφυοῦς
2972 4168 3065 4225 οὖν
3102 4171 3300 4240 ψυχῆς,
3349 4169 3439 4223 καὶ
3474 4163 3688 4235 γενναίας

2169 4267 2296 4318 ἴδιον
2343 4264 2422 4327 τὺ,
2472 4265 2546 4335 μὴ
2612 4260 3009 4330 ἀπογινώσκειν
3056 4263 3113 4312 ἐν
3151 4260 3487 4328 οίαισδήποτε
3517 4269 3691 4323 συμφο-

2172 4358 2311 4427 ραῖς.
2338 4356 2485 4407 Διὸτι
2520 4352 2874 4423 πειρατήριον
2906 4354 3052 4405 ἐστιν
3086 4352 3114 4403 ό
3159 4351 3274 4420 βίος
3304 4349 3393 4403 τοῦ
3419 4343 3687 4417 ἀνθρώπου·

2171 4446 2285 4501 ἀλλ’
2314 4448 2476 4516 ἡμεῖς
2531 4445 2605 4514 μὴ
2654 4443 2979 4513 ἁποστῶμεν
3034 4442 3143 4496 ἀπὸ
3192 4443 3391 4513 Κυρίου
3447 4439 3613 4508 μέχρις
3637 4432 3690 4484 ἂν

2171 4539 2451 4608 προστάξῃ
2499 4536 2753 4589 ἀπελθεῖν
2810 4535 2902 4605 ἀφ’
2951 4536 3106 4606 ἡμῶν
3154 4537 3280 4596 τοὺς
3335 4531 3690 4602 πειράζοντας·

2172 4633 2266 4684 καὶ
2294 4626 2720 4698 ξωοποιηθῶμεν
2754 4627 2844 4679 διὰ
2885 4627 3184 4696 ὑπομονῆς,
3216 4626 3313 4679 καὶ
3345 4619 3694 4693 στεῤῥᾶςᾰπαο

2174 4721 2345 4783 θείας.
2391 4717 2791 4787 Χαλεπώτερον
2825 4717 2935 4787 γὰρ
2974 4717 3067 4770 τοῦ
3118 4717 3445 4787 ἁμαρτάνειν
3485 4710 3607 4769 ἐστὶ,
3647 4704 3695 4756 τδ

2175 4810 2515 4874 ἀπελπίζειν.
2557 4807 2755 4871 Ἰούδας
2784 4810 2812 4860 ὁ
2847 4808 3112 4879 προδότης
3157 4807 3479 4878 μικρόψυχος
3510 4799 3589 4872 ἦν,
3618 4797 3695 4850 καὶ

2177 4902 2631 4972 ἀπειροπόλεμον
2665 4901 2760 4953 καὶ
2789 4900 2877 4952 διὰ
2900 4899 3059 4952 τοῦτο
3087 4900 3374 4967 ἀπογνόντι
3396 4890 3572 4948 ἑαυτοῦ
3596 4891 3693 4940 ἐπι-

2175 4993 2399 5064 δραμὼν
2422 4991 2564 5060 δ’ὲχθ
2575 4991 2663 5062 pb;
2691 4992 2925 5061 ἀγχόνης
2948 4991 3167 5061 σχοινίῳ
3192 4987 3491 5059 περιέϐαλε.
3520 4982 3694 5048 Πέτρος

2174 5084 2230 5136 δὲ
2265 5087 2298 5154 η
2331 5083 2526 5151 στερεὰ
2579 5081 2756 5151 πέτρα
2798 5081 3021 5152 μεγάλῳ
3070 5080 3325 5151 πτώματι
3365 5070 3691 5141 κατενεχθεὶς.

2178 5174 2252 5236 ὡς
2302 5171 2773 5242 ἐμπειροπόλεμος
2820 5173 2919 5224 οὐκ
2950 5171 3172 5238 ἀπέγνω
3206 5169 3555 5237 δυσθυμήσας,
3582 5158 3693 5212 am

2178 5266 2498 5335 προσήγαγε
2541 5264 2844 5331 πικρότατα
2889 5262 3100 5332 δάκρυα
3142 5262 3249 5313 ἀπὸ
3304 5256 3514 5327 καρδίας
3553 5263 3693 5302 κατα-

2179 5358 2498 5427 καιομὲνης.
2529 5356 2639 5409 Καὶ
2664 5356 2996 5426 θεασάμενος
3019 5356 3046 5406 ὁ
3074 5353 3321 5423 πολέμιος
3337 5349 3515 5409 ταῦτα,
3536 5342 3690 5403 ὥσπερ

2179 5453 2310 5522 πυρὶ
2364 5449 2650 5519 καιόμενος
2702 5450 2797 5519 τὴν
2852 5449 3011 5519 ὄψιν,
3062 5447 3265 5519 ἀπέδρα
3304 5438 3510 5512 μακρὰν
3536 5430 3692 5487 δεινῶς

2123 5628 2174 5681 8.
2255 5630 2295 5658 δ’
2326 5627 2487 5682 Marc.
2556 5643 2610 5698 ιι,
2634 5626 2720 5679 bii.
2799 5628 2842 5658 ⁸³
2872 5627 3027 5682 Joan.
3060 5644 3131 5692 tv,
3160 5627 3244 5679 54.
3318 5624 3360 5653 ’⁵⁵
3390 5621 3515 5675 Luc.
3540 5631 3585 5677 vi
3615 5608 3683 5662 ⁵9⁸
