3986 6148
409 373 546 465 πειρῑ

1269 377 1606 462 ,ΗΟΜΚΙᾸᾹ
1652 379 1890 439 XXVII.
1921 404 1978 411 -
2017 377 2114 436 DE
2159 367 2760 438 ΒΕΞΡΕΗᾹΤΙΟΧΕ.

3437 384 3443 392 ’
3519 373 3652 438 1529

404 489 709 558 ὀλολύξωνι
751 490 842 560 Μὴ
883 487 970 544 οὖν
1024 487 1363 558 ἁπῢγνῶμεν
1402 490 1632 548 ἑαυτῶν,
1677 489 1971 558 ἀγαπητοὶ,

2092 487 2428 544 tolerantiam
2465 493 2632 554 atque
2663 485 2999 542 immobilem
3041 489 3224 542 animi
3251 488 3482 560 rigorem
3524 489 3651 542 vita:

407 580 544 634 ἀλλὰ
575 581 772 650 μᾶλλον
804 579 1175 651 νευρούμενοι,
1225 582 1318 633 καὶ
1359 581 1846 652 περιτειχιζόμενοι
1896 577 1973 647 τῷ

409 671 548 738 φωτὶ
573 671 671 740 τῆς
702 670 956 736 πίστεως,
985 667 1406 739 ἁντικρὰζωμεν
1441 669 1578 738 μετὰ
1609 667 1808 734 πολλῆς
1832 667 1974 736 παῤ-

410 759 602 828 ρησίας
627 759 871 830 πονηρῷ·
904 759 958 810 τί
985 740 1069 810 σοὶ
1107 759 1204 811 καὶ
1237 760 1388 827 ἡμῖν,
1417 756 1783 826 ἀλλότριε.τοῦ
1814 753 1972 816 Θεοῦ,

408 847 500 900 καὶ
527 839 771 915 δραπέτᾶ
819 847 926 900 τῶν
961 845 1233 917 οὑρανῶν,
1265 846 1360 898 καὶ
1399 845 1555 898 δοῦλε
1601 843 1838 912 πονηρέ;
1874 846 1977 896 οὐκ

407 938 550 1005 ἔχεις
585 939 648 991 σὺ
679 939 994 1008 παρρησίαν
1029 937 1148 990 καθ’
1178 937 1354 1007 ἡμῶν.
1391 937 1624 1006 Χριστος
1657 937 1685 986 ὁ
1717 935 1812 988 τοῦ
1839 933 1974 986 Θεοῦ

411 1029 565 1093 Υἱδς.
591 1029 746 1100 ἡμῶν
771 1046 829 1082 τε
868 1031 962 1082 καί
995 1030 1222 1081 πάντων
1241 1030 1340 1097 τὴν
1379 1028 1624 1091 ἐξουσίαν
1650 1027 1762 1096 ἔχει
1781 1043 1793 1056 ·
1830 1027 1977 1096 αὐτῷ

409 1117 748 1187 ἡμάρτομεν,
781 1115 930 1188 αὐτῷ
959 1119 1050 1169 καὶ
1080 1114 1557 1184 ἀπολογησώμεθα
1577 1130 1589 1142 ·
1625 1116 1688 1166 σὺ
1712 1114 1776 1184 δὲ,
1807 1113 1977 1180 φεῦγε

409 1209 502 1274 ἄρ’
535 1185 726 1278 ⁷ἡμῶν
781 1185 1018 1277 μακρὰν,
1047 1207 1276 1278 ὀλέθριε.
1329 1207 1519 1276 Ἡμεῖς
1571 1206 1679 1275 γὰρ
1724 1185 1978 1275 ἐνέχυρον

409 1299 626 1367 ἕχοντες
662 1300 755 1352 τὸν
777 1301 963 1370 τίμιον
987 1297 1153 1350 αὐτοῦ
1189 1297 1440 1368 σταυρὸν,
1478 1297 1759 1365 πατοῦμεν
1795 1297 1979 1348 ἐπάιω

413 1389 508 1441 σοῦ
543 1389 634 1441 τοῦ
664 1389 839 1456 ὖφεως
861 1389 958 1460 τὴν
986 1389 1250 1460 κεφαλήν.
1277 1388 1464 1451 Οὕτως
1498 1383 1608 1440 οὖν.
1634 1389 1794 1457 ἡμεῖς
1826 1384 1978 1438 ἀντί-

415 1479 630 1549 στῶμεν
659 1480 846 1550 ἀεὶ-τῷ
886 1481 1129 1550 πολεμίῳ
1151 1481 1464 1550 θαρσαλέοι,
1495 1479 1587 1532 καὶ
1617 1478 1690 1548 μὴ
1729 1481 1807 1539 εἰς
1842 1477 1979 1531 ἁπό-

411 1589 611 1640 τνωσιν
638 1573 863 1635 ἑαυτοὺς
894 1573 1164 1641 ὲκδῶμεν.
1199 1573 1259 1624 Εἰ
1289 1573 1397 1642 γὰρ
1427 1573 1475 1623 οἰ
1515 1570 1764 1638 δαίμονες
1799 1585 1979 1637 παρα·

413 1661 745 1725 καλέσαντες
787 1663 877 1714 τὸν
917 1661 1143 1734 Κύριον,
1175 1662 1263 1714 ἵνα
1297 1662 1372 1730 μὴ
1421 1663 1486 1730 τῇ
1527 1658 1751 1728 ἀῦύσσῳ
1799 1673 1978 1726 παρα-

416 1751 757 1822 πεμφθῶσιν,
811 1752 998 1822 ἔτυχον
1055 1751 1150 1804 τοῦ
1213 1752 1547 1819 αἰτήματος,
1589 1750 1740 1819 πόσῳ
1781 1748 1979 1816 μᾶλλον

2079 580 2439 636 restituamur
2473 579 2867 649 tranquilliori.
2908 579 3062 645 Quod
3091 579 3236 633 enim
3251 579 3458 648 peccati
3480 593 3651 649 genus

2081 683 2308 738 usquam
2334 668 2647 722 inveniatur
2667 669 2908 722 atrocius
2927 669 3348 737 desperatione?
3365 669 3534 723 Iudas
3557 669 3649 722 ille

2080 759 2296 814 Domini
2315 759 2587 828 proditor,
2609 775 2772 828 quam
2800 759 2984 828 pusilli
3005 767 3124 812 erat
3143 767 3199 812 et
3216 760 3415 830 abjccti
3441 760 3652 812 animi?

2079 867 2242 920 quam
2260 852 2413 905 rudis
2433 860 2696 920 etcxpcrs
2717 836 3007 905 conflictus
3029 851 3393 904 tentationum
3409 852 3430 903 ?
3449 851 3530 905 0b
3547 851 3653 904 hor.

2079 943 2226 997 enim
2260 959 2414 1012 spem
2445 959 2664 998 omnem
2696 959 2726 996 a
2759 958 2817 996 se
2849 958 2973 996 eum
3015 941 3332 1011 abjecisset,
3373 941 3653 996 insiliente

2082 1035 2136 1090 in
2171 1051 2297 1090 eum
2334 1036 2583 1098 inimico,
2605 1031 2856 1089 funiculo
2886 1033 2993 1088 sibi
3025 1031 3346 1102 praefocavit
3374 1032 3556 1100 gulam
3583 1032 3652 1084 “.
3738 1028 3748 1037 ’

2080 1127 2151 1182 At
2175 1130 2376 1183 Petrus
2404 1127 2578 1182 solida
2610 1127 2698 1180 ilia
2732 1135 2908 1200 petra,
2943 1123 3212 1193 numquid
3245 1125 3433 1178 nonin
3462 1137 3655 1192 pecea-

2083 1227 2197 1274 tum
2227 1219 2580 1286 itnpegitnec
2628 1215 2949 1270 mediocre?
2997 1213 3200 1268 Verum
3249 1213 3294 1266 is
3323 1253 3336 1274 ,
3390 1221 3654 1280 tanquam

2087 1311 2180 1380 qui
2219 1312 2353 1363 tales
2385 1309 2674 1363 conflictus
2701 1307 2948 1361 doctrice
2975 1301 3316 1374 experientia
3343 1303 3654 1368 didicisset,

2083 1403 2152 1458 ob
2179 1401 2544 1469 maleloquam
2581 1397 2931 1466 negationem
2955 1435 2968 1460 ,
3011 1410 3164 1463 spem
3202 1392 3526 1462 neutiquam
3559 1392 3658 1446 ab-

2077 1485 2898 1562 jecit,scdlacrymas-adhibuit
2921 1485 3170 1555 pararias
3190 1484 3334 1553 apud
3359 1484 3653 1537 Dominum

2081 1593 2138 1638 et
2164 1581 2587 1637 cunciliatrices.
2619 1577 2938 1645 Quasnam?
2991 1590 3124 1630 sane
3164 1575 3357 1644 plenas
3391 1573 3658 1627 amaritu-

2086 1676 2252 1738 dinis,
2279 1683 2334 1728 et
2359 1689 2481 1744 quae
2509 1689 2574 1727 ex
2605 1671 2770 1726 corde
2811 1667 3154 1739 prosilierint
3199 1665 3536 1736 deﬂagrante
3567 1667 3656 1718 iu-

2087 1763 2605 1820 cendiocharitatis.
2623 1762 2773 1815 lianc
2789 1759 2931 1814 Petri
2953 1757 3463 1828 magnanimitatem
3481 1755 3659 1809 hostis

415 1843 901 1913 είσακουσθήσεται
949 1845 976 1897 ὁ
1007 1843 1097 1895 τὸν
1130 1840 1364 1911 Χριστὸν
1397 1839 1762 1906 ἐνδεδυμένος,
1796 1839 1981 1916 δεόμες

2092 1855 2472 1915 cum-vidisset,
2491 1853 2624 1906 nulli
2643 1851 2874 1904 dubium
2895 1853 2984 1912 sit,
3005 1849 3141 1914 quin
3160 1863 3217 1901 se
3234 1847 3385 1901 iilinc
3407 1847 3660 1901 concitus

416 1953 502 2000 νος
539 1936 850 2007 ἐλευθερίας
905 1939 1085 2006 τυχεῖν
1127 1928 1222 1990 τοῦ
1253 1935 1442 2005 νοητοῦ
1476 1935 1742 1999 Gavium;
1773 1933 1862 2002 Μὴ
1891 1927 1991 1985 οὖν

415 2028 808 2098 ἀπελπίσωμεν
839 2029 1068 2092 ἑαυτῶν,
1105 2028 1241 2080 ἀλλὰ
1277 2027 1492 2096 στῶμεν
1526 2026 1725 2097 ἑδραῖοι
1759 2027 1836 2087 εἰς
1897 2022 1984 2086 ἐξ-

415 2119 762 2188 ομολόγησιν,
785 2121 876 2172 καὶ
902 2119 1146 2190 εἴπωμεν
1170 2119 1308 2190 μετὰ
1333 2117 1695 2181 κατανύξεως,
1717 2117 1982 2181 Δέσποτα,

418 2212 588 2282 Κύριε
642 2212 870 2283 οὐρανοῦ
914 2213 1008 2266 καὶ
1031 2213 1130 2282 τῆς
1175 2211 1300 2280 γῆς,
1333 2209 1565 2263 Βασιλεῦ
1610 2209 1716 2262 τῶν
1750 2209 1981 2272 αἰώνων,

416 2304 708 2373 εὐδοκησον
753 2305 1035 2374 ἀνοιγῆναί
1083 2321 1172 2373 μοι
1216 2303 1384 2373 θύραν
1425 2303 1524 2372 τῆς
1567 2303 1874 2372 μετανοίας,
1903 2303 1984 2354 ὅτι

409 2395 476 2446 ’ἰν
511 2395 671 2468 ὀδύνῃ
697 2395 874 2466 ψυχῆς
907 2395 1134 2450 ἱκετεύω
1187 2395 1244 2449 σὲ
1289 2394 1380 2448 τὸν
1432 2394 1681 2463 ἀληθινὸν
1733 2393 1863 2446 Θεὸν
1897 2393 1986 2446 τὶν

421 2486 640 2556 Πατέρα
677 2489 772 2540 τοῦ
804 2487 1010 2556 κυρίου
1055 2487 1212 2558 ἡμῶν
1254 2487 1428 2556 Ἰησυῦ
1472 2485 1729 2556 Χριστοῦ,
1761 2487 1821 2538 τδ
1868 2485 1982 2552 φῶς

417 2577 510 2630 τοῦ
539 2579 745 2648 κόσμου
796 2579 1085 2647 ἐπιϐλέψαι
1134 2581 1200 2649 τῇ
1253 2579 1420 2648 πολλῇ
1459 2596 1551 2631 σου
1591 2576 1982 2648 εὐσπλαγχνίᾳ,

407 2668 511 2720 aut
541 2668 834 2738 πρόσδεξαί
879 2685 980 2738 μου
1028 2675 1129 2738 τὴν
1173 2669 1612 2738 δέησιν,.κα“ι-μὴ
1654 2668 1847 2738 ὰπώσῃ
1883 2685 1984 2735 μου

419 2759 608 2828 αὐτὴν,
635 2759 1075 2828 ἀλλασσὺγγνωθί
1105 2778 1193 2831 μοι
1217 2760 1294 2830 τῷ
1324 2763 1381 2813 ἐν
1407 2760 1622 2822 πολλοῖς
1653 2761 1986 2829 πταίσμασιν

419 2850 714 2920 εὑρεθέντι.
743 2851 936 2904 Κλίνον
965 2851 1025 2904 τὺ
1054 2848 1146 2915 οὖς
1177 2869 1270 2904 σου
1295 2853 1376 2915 εἰς
1401 2851 1497 2921 τὴν
1522 2850 1706 2923 δέησίν
1735 2869 1859 2921 μου,
1893 2855 1986 2904 καὶ

420 2941 774 3011 συγχιῦρησόν
808 2952 898 3013 μοι
924 2943 1100 2997 πάντα
1142 2944 1244 2997 ὅσα
1276 2943 1349 3006 ὼς
1401 2943 1686 3012 ἄνθρωπος
1735 2943 1988 3012 ἡττηθεὶς

420 3032 524 3086 ὑπὸ
548 3035 647 3102 τῆς
686 3033 1060 3104 προαιρέσεώς
1113 3051 1212 3104 μου
1244 3035 1389 3086 κακᾶ
1417 3035 1786 3104 εἰργασάμην.
1833 3034 1987 3102 Ζητῶ

417 3124 526 3196 τὰρ
547 3125 750 3188 ἄνεσιν,
770 3126 864 3178 καὶ
879 3127 976 3198 οὐχ
991 3126 1228 3196 εὑρίσκω
1242 3125 1328 3180 διὰ
1340 3127 1397 3180 τὸ
1422 3127 1523 3197 τὴν
1550 3126 1852 3195 συνείδησιν
1885 3143 1984 3196 μου

424 3217 500 3288 μὴ
531 3221 838 3290 συγχωρεῖν
861 3237 972 3289 μοι.
1007 3219 1296 3290 ’Υπομένω
1321 3221 1566 3292 εἰρήνην,
1600 3221 1694 3274 καὶ
1715 3221 1816 3274 οὐκ
1847 3220 1990 3275 ἐστιν

421 3309 478 3362 ὲν
503 3307 626 3378 ἐμοὶ
654 3310 846 3381 εἰρήνη
877 3309 966 3364 διὰ
995 3313 1087 3364 τὸν
1127 3311 1288 3381 βυθὸν
1321 3311 1414 3365 τοῦ
1454 3313 1692 3384 πλήθους
1721 3312 1827 3364 τῶν
1863 3314 1990 3381 dvo;-

424 3401 558 3472 μιῶν
603 3419 728 3471 μου.
769 3394 1058 3466 Ἄκουσον,
1107 3403 1298 3474 Κύριε,
1334 3405 1560 3474 καρδίας
1608 3399 1708 3474 μου
1759 3405 1896 3476 πρὸς
1931 3405 1992 3456 σὲ

423 3492 652 3563 βοὼσης,
682 3493 776 3547 καὶ
817 3493 892 3566 μὴ
935 3497 1185 3564 προσχῇς
1214 3497 1325 3558 τοῖς
1341 3495 1582 3564 -φαύλοις
1630 3513 1730 3564 μου
1772 3495 1988 3566 ἔργοις,

422 3584 537 3637 ἀλλ’
567 3585 858 3652 ὲπίϐλεψον
905 3587 996 3638 ἐπὶ
1035 3585 1197 3656 ὀδύνῃ
1233 3587 1331 3654 τῆς
1373 3585 1552 3656 ψυχῆς
1591 3604 1691 3655 μου
1721 3627 1734 3648 ,
1770 3587 1864 3638 καὶ
1897 3586 1994 3638 τά-

2019 3183 2060 3239 C

422 3691 584 3742 χυνον
633 3675 726 3727 τοῦ
761 3673 1035 3728 ἰάσασθαί
1062 3693 1128 3744 με
1183 3675 1374 3739 δεινῶς
1417 3677 1955 3746 τετραυματισμένον
1976 3693 1990 3707 ο
2018 3709 2024 3714 -

425 3767 521 3819 καὶ
547 3766 633 3823 δότ
673 3783 764 3836 μοι
794 3767 984 3836 καιρδν
1024 3768 1340 3836 ἀνανήψεως
1377 3768 1520 3822 κατὰ
1557 3769 1656 3838 τὴν
1689 3770 1852 3840 χάριν
1895 3769 2004 3838 τῆςΔ

425 3857 980 3932 φιλανθρωειιιίαςήσου,⁵
1007 3857 1104 3910 καὶ
1137 3857 1298 3928 ῥῦσαί
1337 3875 1403 3928 με
1435 3858 1542 3911 ἀπὸ
1582 3859 1692 3912 τῶν
1733 3859 1994 3927 ἀτιμοτά-

423 3967 532 4003 των
562 3950 756 4021 ἔργων,
785 3951 878 4003 καὶ
907 3950 981 4021 μὴ
1023 3949 1426 4020 ἀντιμετρήσῃς
1463 3967 1572 4020 μοι,
1603 3950 1734 4022 μηδὲ
1759 3949 1994 4022 θελήσῃς

425 4042 716 4096 ἀποδοῦναί
747 4060 836 4113 μοι
855 4041 980 4106 ἄξια
1001 4035 1076 4095 ὧν
1097 4041 1330 4112 ἔπραξα·
1354 4043 1440 4096 ἵνα
1474 4043 1548 4113 μὴ
1577 4043 1799 4106 τελείως
1821 4041 1988 4096 ἀπόλ-

425 4131 624 4203 λωμαι.
657 4134 943 4196 Ἄκουσον,
986 4132 1178 4202 Κύριε,
1213 4134 1270 4184 ὲν
1312 4131 1617 4200 ἀπογνώσει
1669 4149 1768 4202 μου
1819 4131 1991 4196 ὄντος.

440 4222 496 4276 '0
527 4222 635 4290 γὰρ
667 4224 851 4292 πάσης
883 4221 1191 4292 προθυμίας
1217 4223 1524 4292 ἐρημωθεὶς
1554 4225 1646 4274 καὶ
1673 4223 1880 4285 ἐννοίας
1913 4225 1994 4285 εἰς

429 4313 489 4366 τὸ
520 4312 915 4383 διορθώσασθαι
963 4313 1217 4382 ἐμαυτὸν,
1263 4311 1586 4384 προσ’πίπτω
1635 4315 1748 4374 τοῖς
1789 4315 1996 4384 οἰκτιρ-

433 4405 552 4474 μοῖς
585 4421 702 4465 σου,
727 4403 821 4456 τοῦ
866 4404 1083 4474 ἐλεῆσαί
1114 4422 1180 4475 με
1238 4405 1329 4457 τὸν
1369 4405 1461 4457 ἐπὶ
1507 4405 1612 4473 γῆς
1663 4403 1994 4474 ἐρριμμένον
2032 4431 2037 4436 -

430 4493 488 4545 ὲν
513 4493 778 4564 καταδίκῃ
791 4495 1075 4566 ἁμαρτιῶν
1097 4513 1217 4566 μου.
1235 4496 1591 4549 Ἀνακάλεσαί
1614 4514 1702 4564 με,
1720 4499 1983 4559 Δέσποτα,

2093 4497 2236 4554 Here
2253 4494 2348 4557 mi,
2371 4491 2598 4547 Domine
2619 4491 2742 4547 caeli
2764 4499 2820 4546 et
2843 4500 3018 4558 terrae,
3039 4490 3149 4544 Rex
3169 4489 3513 4552 seculorum,
3535 4505 3684 4558 qua?-

430 4581 520 4634 τὸν
553 4581 1027 4650 αἰχμάλωτον,κώ
1059 4583 1420 4654 κατεχόμενον
1457 4585 1564 4638 om
1591 4586 1698 4638 τῶν
1733 4586 1986 4656 πράξεών

435 4687 558 4740 μου,
595 4671 691 4725 καὶ
720 4671 795 4734 ὡς
821 4673 929 4726 ἀπὸ
962 4673 1205 4738 ἁλύσεως
1239 4676 1622 4744 σφιγγόμενον.
1656 4680 1726 4730 Σὺ
1760 4681 1866 4750 γὰρ
1902 4683 1998 4749 μό-

431 4777 522 4824 νος
559 4757 706 4824 οἶδας
740 4761 886 4815 λύειν
928 4763 1358 4834 πεπεδηνμένους,
1409 4767 1664 4820 ἰάσασθαι
1713 4769 1782 4822 τὰ
1827 4770 2002 4840 ἄδηλα

432 4853 724 4923 τραύματα
750 4853 786 4906 ἃ
818 4855 881 4908 σὺ
907 4854 1065 4924 μόνος
1092 4857 1384 4910 ἐπίστασαι
1405 4859 1432 4910 ὁ
1454 4859 1560 4912 τῶν
1589 4863 1845 4925 κρυπτῶν
1864 4864 2002 4929 γνώ-

384 4957 396 4969 ’
435 4962 566 5016 στης
607 4947 888 5017 ὑπάρχων.
919 4947 1060 5001 Ὅσα
1101 4949 1210 5020 γὰρ
1257 4951 1403 5020 πάθη
1457 4953 1716 5020 προσεστί
1765 4973 1852 5023 μοι
1904 4972 2004 5008 κα.

434 5036 568 5099 κῶν,
617 5039 697 5100 εἰς
739 5040 912 5094 πάντα
965 5056 1024 5092 σε
1079 5041 1318 5111 εὑρίσκω
1364 5041 1783 5111 ὀνομαζόμενον,
1819 5047 2002 5114 ἰατρὸν

435 5127 542 5180 τῶν
573 5129 757 5192 κακῶς
787 5131 1037 5200 ἐχόντων,
1087 5131 1258 5202 θύραν
1307 5131 1417 5185 τῶν
1470 5131 1574 5196 ἔξω
1623 5135 2004 5204 παροδυρομέ-

436 5235 562 5284 νων,
589 5219 706 5273 ὁδον
737 5221 842 5275 τῶν
875 5222 1326 5294 πεπλανημένων,
1373 5223 1489 5292 φῶς
1529 5225 1636 5276 τῶν
1683 5225 2006 5295 ἐσκοτισμέ-

435 5329 564 5377 νων,
600 5313 878 5384 λυτρωτὴν
911 5315 1020 5367 τῶν
1056 5317 1420 5386 ἀπαγομένων
1440 5355 1454 5378 ,
1486 5315 1752 5386 ἐπέχοντα
1790 5319 1879 5370 ἀεὶ
1907 5319 2006 5388 τὴν

437 5403 595 5473 χεῖρὰ
626 5421 744 5464 σου,
787 5407 880 5458 καὶ
915 5406 991 5476 μὴ
1021 5407 1326 5474 ἐπαφιέντα
1353 5406 1451 5477 τὴν
1490 5407 1659 5476 ὀργὴν
1685 5409 1795 5470 τοῖς
1823 5409 2006 5478 ἁμαρ-

437 5497 625 5560 τω).οῖς
660 5499 1087 5568 ἡτοιμασμένην,
1121 5498 1254 5552 ἀλλὰ
1285 5499 1372 5552 διὰ
1413 5500 1511 5571 τὴν
1557 5500 1758 5572 πολιὴν
1791 5517 1884 5552 σου
1916 5518 2005 5568 ςι-

437 5589 789 5662 λινθρωπίαν
837 5592 1043 5654 ἔδωκας
1093 5593 1284 5663 καιρὸν
1319 5592 1670 5664 ἁνανήῴεως·
1707 5593 2004 5664 ἐπιφάνηθί

513 5743 559 5774 ⁸⁸
581 5742 768 5796 λιδιιίι.
798 5754 955 5802 sam,
991 5738 1040 5796 ὅ,

2086 1945 2420 2016 proripuerit
2448 1943 2653 2012 ingenti
2681 1956 2804 1995 eum
2827 1941 3056 2010 eiulatu,
3102 1954 3164 1993 ac
3185 1938 3228 1993 si
3254 1937 3364 2008 igni
3389 1937 3466 1990 illi
3491 1935 3659 1992 facies

2086 2037 2496 2106 conflagrasset.
2528 2034 2816 2104 Neigitur,
2843 2030 3178 2096 charissimi,
3227 2047 3258 2084 a
3295 2029 3458 2084 nobis
3501 2044 3655 2098 spem

2085 2129 2406 2199 abjiciamus
2434 2126 2762 2196 impetrandi
2785 2125 2934 2179 illius
2953 2125 3126 2178 beata:
3152 2123 3308 2188 vitae;
3335 2122 3507 2192 magis
3527 2137 3656 2174 vero

2087 2230 2575 2292 quantumcunque
2598 2227 2682 2274 est
2726 2231 2928 2272 nervos
2954 2215 3310 2270 intendamus
3335 2253 3350 2278 ,
3393 2212 3656 2280 omnique

2085 2330 2152 2369 cx
2173 2321 2325 2382 parte
2355 2326 2476 2365 eam
2512 2305 3176 2364 communiamuslumine
3201 2301 3349 2358 fidei.
3380 2302 3658 2356 Adversus

2087 2405 2382 2476 malignum
2409 2404 2772 2464 iucentorem,
2808 2399 2979 2454 multa
3003 2399 3129 2452 cuin
3153 2395 3354 2451 ﬁducia
3384 2392 3656 2448 vociferc-

2087 2514 2209 2552 mur
2244 2514 2256 2548 :
2287 2495 2426 2562 Quid
2460 2495 2556 2559 tibi
2581 2502 2636 2548 et
2659 2492 2826 2546 nobis
2853 2505 3148 2546 commune
3177 2499 3281 2550 est,
3333 2503 3364 2541 a
3396 2486 3491 2540 Dei
3525 2501 3658 2540 con—

2087 2589 2258 2644 sortio
2286 2587 2539 2650 extorris,
2564 2595 2621 2640 et
2647 2583 2889 2639 ccelestis
2911 2580 3201 2649 municipii
3234 2582 3422 2648 reluga
3473 2577 3659 2646 perdi-

2090 2681 2323 2743 tissimo,
2350 2693 2507 2733 serve
2537 2675 2815 2744 nequam?
2855 2673 2998 2727 nihil
3029 2671 3266 2728 enim-in
3309 2685 3411 2724 nos
3441 2667 3663 2722 obtines

2083 2773 2245 2844 juris.
2269 2771 2526 2826 Christus
2548 2769 2697 2823 enim
2721 2767 2816 2822 Dei
2855 2765 3042 2827 Filius,
3097 2762 3272 2818 nostri
3309 2761 3398 2816 ilfe
3423 2759 3662 2828 denique

2087 2873 2142 2920 et
2176 2863 2422 2918 omnium
2457 2861 2617 2931 plena
2657 2859 2808 2912 solus
2853 2855 3157 2926 perfruitur
3208 2860 3478 2924 potestate
3519 2869 3534 2903 :
3584 2850 3662 2904 ilti

2088 2955 2456 3026 peccavimus,
2486 2968 2669 3008 coram
2699 2951 2794 3004 illo
2815 2949 3236 3004 nosetian‘mnm
3261 2944 3616 3014 purgavimus
3648 2961 3660 2994 :

2090 3047 2308 3102 anobis
2339 3049 2393 3100 tu
2419 3059 2582 3114 quam
2625 3041 2968 3112 longissime,
3017 3039 3261 3094 exitialis
3300 3052 3364 3092 ac
3402 3036 3667 3106 pestilens

2095 3137 2323 3192 secede;
2343 3135 2636 3205 Siquidem
2669 3148 2770 3187 nos
2796 3131 3013 3186 Domini
3039 3145 3260 3184 crucem
3289 3127 3685 3182 omuihonore'

2094 3229 2314 3300 dignam
2346 3243 2472 3282 cum
2496 3227 2834 3280 retineamus
2878 3222 3125 3293 pignoris
3160 3220 3280 3276 loco
3303 3261 3316 3284 ,
3363 3218 3670 3289 quamlibet

2094 3319 2328 3374 sublime
2369 3317 2502 3370 illud
2556 3322 2722 3384 caput
2761 3322 2940 3378 tuum,
2988 3311 3137 3366 calce
3199 3309 3576 3379 proterimus,
3634 3324 3669 3361 ο

2095 3424 2322 3479 serpens
2352 3414 2640 3462 venenate.
2673 3404 2754 3458 Ad
2789 3405 2938 3457 hunc
2974 3417 3105 3457 sane
3134 3399 3358 3453 modum
3401 3399 3671 3451 adversus

2095 3499 2508 3554 colluctatorem
2533 3503 2590 3550 et
2620 3491 2998 3547 adversarium
3041 3495 3294 3563 nostrum
3328 3501 3424 3556 spe
3467 3485 3688 3540 audaci~

2095 3593 2337 3646 nitentes
2381 3588 2767 3658 deprazliemur
2821 3599 2884 3639 ac
2928 3598 3302 3654 repugnemus
3339 3621 3353 3647 ,
3403 3597 3506 3636 nec
3557 3582 3668 3634 ullo

2097 3694 2340 3751 unquam
2377 3686 2537 3748 pacto
2564 3677 2811 3730 sinamus
2832 3689 2932 3728 nos
2964 3673 3221 3742 intercipi
3241 3673 3440 3741 laqueo
3468 3671 3669 3740 despe-

2097 3771 2349 3835 rationis,
2375 3785 2474 3839 per
2497 3767 2860 3822 deditionem.
2889 3765 3174 3818 Dmmoncs
3195 3763 3342 3818 enim
3375 3763 3500 3833 ipsi,
3523 3779 3590 3816 ne
3616 3763 3670 3814 in

2095 3859 2866 3936 abyssumpraecipitarentur,
2907 3870 3032 3910 cum
3077 3856 3442 3910 obsecrarunt
3487 3853 3672 3907 Domi-

2096 3968 2250 4018 num,
2265 3965 2362 4005 sua
2385 3949 2649 4020 petitione
2673 3945 2909 4002 fraudati
2925 3961 3032 4000 non
3049 3953 3178 4000 sunt
3201 3961 3214 3997 :
3231 3952 3438 4014 quanto
3451 3943 3674 4013 dignius

2096 4053 2314 4100 esteum
2332 4038 2896 4102 exaudiri,Christum
2911 4037 3005 4106 qui
3026 4051 3126 4106 per
3145 4035 3304 4089 fidem
3325 4033 3530 4098 induit,
3551 4049 3676 4103 sup-

2096 4137 2314 4206 pliciter
2329 4121 2786 4202 deprecantem,'a
2807 4129 3080 4199 spirituali
3099 4134 3276 4182 morte
3296 4136 3355 4182 ut
3369 4126 3670 4184 liberetur!

2102 4227 2312 4297 1073
2344 4224 2424 4279 Ne
2479 4224 2646 4294 igitur
2705 4237 2802 4291 spe
2843 4209 3052 4290 abjecta
3089 4219 3528 4288 despondeamus
3554 4217 3676 4271 ani-

2097 4334 2281 4383 mum;
2311 4315 2482 4386 magis
2531 4322 2714 4368 autem
2766 4326 3184 4382 perseveremus
3219 4310 3274 4364 in
3329 4309 3678 4365 confessione
3719 4358 3738 4376 ρ

2097 4405 2258 4464 solidi
2295 4418 2356 4458 ac
2383 4401 2630 4463 stabiles,
2659 4408 2866 4455 etcum
2909 4397 3333 4468 compunctione
3386 4397 3678 4452 dicamus:

2105 4606 2186 4652 so,
2218 4587 2350 4644 mihi
2383 4585 2522 4639 velis
2549 4583 2840 4652 adaperire
2863 4581 3198 4652 paenitentia:
3221 4581 3464 4652 ianuam.
3500 4581 3677 4651 Siqui-

2101 4683 2226 4736 dem
2256 4689 2366 4735 tota
2393 4678 2685 4753 afﬂictione
2731 4677 2931 4732 animm
2958 4675 3188 4730 obsecro
3220 4685 3271 4730 te
3293 4691 3483 4730 verum
3507 4675 3679 4729 Deum

2103 4774 2159 4827 Ps
2182 4784 2314 4828 trem
2347 4771 2558 4826 Domini
2587 4769 2762 4835 nostri
2803 4768 2932 4823 Jesu
2965 4767 3196 4830 Christi,
3219 4766 3313 4838 qui
3371 4767 3555 4822 lumen
3601 4775 3683 4821 est

2105 4865 2317 4926 mundi,
2343 4863 2632 4918 utvideam
2677 4871 2768 4916 tua
2799 4861 2972 4916 solius
3012 4861 3337 4916 exuberanti
3367 4861 3684 4916 miscricor-

2105 4957 2214 5011 dia.
2248 4956 2509 5020 Admitte,
2556 4969 2760 5024 quarso.
2817 4967 2996 5008 meam
3034 4952 3178 5007 hanc
3202 4952 3680 5022 supplicationem.

2105 5048 2383 5102 Nemeam
2435 5043 2881 5114 deprecationem
2958 5040 3236 5110 repudies,
3269 5039 3366 5094 sed
3433 5035 3681 5090 eondoua

2105 5137 2242 5191 mihi
2275 5135 2354 5190 sic
2405 5135 2602 5190 misere
2639 5134 2947 5202 intercepto
2988 5133 3046 5185 in
3096 5127 3386 5198 multiplici
3425 5125 3687 5196 pracvari—

2107 5228 2323 5284 catione
2367 5225 2750 5280 mandatorum
2783 5234 3022 5278 tuorum.
3051 5221 3257 5274 lnclina
3307 5233 3497 5272 aurem
3535 5225 3680 5270 tuam

2112 5319 2179 5374 ad
2212 5333 2432 5392 precem
2479 5332 2676 5379 meam,
2722 5315 2970 5383 mihique
3030 5319 3229 5366 cuncta
3285 5309 3508 5378 indulge
3537 5323 3686 5376 'quae

2113 5411 2308 5466 admisi
2343 5410 2596 5480 nequiter
2632 5419 2692 5462 ut
2724 5408 2888 5460 homo
2915 5405 3138 5474 propria
3169 5403 3347 5456 victus
3377 5401 3682 5454 voluntate.

2112 5502 2308 5568 Qumro
2395 5502 2542 5556 enim
2602 5498 2870 5567 requiem,
2928 5511 3031 5550 nec
3085 5494 3294 5564 uspiam
3341 5490 3582 5555 invenio,
3620 5506 3690 5545 eo

2115 5593 2258 5663 quod
2301 5592 2522 5645 minime
2557 5590 2839 5658 indulgeas
2867 5586 3215 5641 conscientias
3252 5601 3384 5638 meae
3422 5583 3682 5652 tranquib
