3986 6148
418 398 552 467 1525

1306 405 1630 465 HOMILIA
1674 406 1913 464 xxm.
1943 429 2012 440 —-
2042 405 2137 464 DE
2178 388 2782 463 ΒΕΞΡΕΗΑΤΙΟΝΕ.

3532 398 3666 459 Ῑῦὲὂ

417 516 657 585 ξιτιμεοα,
680 516 966 585 ἀγαπητοὶ,
990 519 1083 582 τὴν
1112 514 1389 589 κακίστην
1412 516 1742 586 συμϐουλίαν
1764 514 1854 568 τοῦ
1873 505 1984 566 Ct:-

2088 516 2302 579 demum
2334 511 2628 570 diluculari
2656 524 2712 568 et
2739 516 3003 571 matutina
3042 513 3291 584 perfruar
3324 509 3529 579 requie,
3554 524 3656 575 qua

415 608 594 671 ϐελοω,
620 607 785 677 ἧγονν
822 610 913 677 τῆς
956 604 1341 674 ἀπογνώσεως
1380 609 1504 679 μηδ’
1546 607 1683 670 ὅλως
1715 607 1850 679 εὕρῃ
1886 624 1985 658 7:1-

419 698 688 770 ρείσδυσιν
724 701 802 760 εἰς
852 701 1016 768 ἡμᾶς.
1048 698 1196 771 Αὕτη
1248 701 1357 771 γάρ
1384 701 1530 752 ἐστιν
1567 702 1599 770 ἡ
1632 702 1810 751 τελεία
1843 697 1986 766 χαρᾶ

414 787 507 841 τοῦ
539 788 805 842 διαὸὅλοιν
836 790 969 842 ἀλλὰ
997 789 1576 859 μᾶλλονάνανήςξιωμεν
1621 789 1695 852 ὡς
1725 791 1752 840 ὁ
1779 790 1984 850 ἄσωτος

415 879 549 942 υἱὸς,
576 880 670 932 καὶ
708 881 1127 952 ἐπιστρέψωμεν
1168 883 1304 953 πρὸς
1343 883 1436 934 τὸν
1462 880 1839 950 εὔσπλαγχνον
1870 881 1984 933 Πα-

414 972 546 1041 τέρα
581 970 718 1040 μετὰ
746 971 926 1034 αἰδοῦς
960 973 1051 1024 καὶ
1073 975 1256 1060 χαρᾶς
1279 990 1290 1001 ’
1323 975 1418 1025 καὶ
1440 972 1706 1042 εἴπωμεν·
1736 990 1752 1022 ι
1782 972 1981 1037 Πάτερ,

413 1059 666 1131 ἥμαρτον
697 1064 776 1123 εἰς
816 1061 907 1113 τὸν
944 1058 1174 1132 οὐρανὸν
1224 1064 1317 1116 καὶ
1351 1062 1579 1116 ἐνώπιόν
1616 1078 1731 1125 σου,
1778 1079 1796 1113 ι
1834 1058 1984 1124 δέξαι

420 1167 485 1221 με
527 1150 600 1210 ὡς
648 1151 743 1203 ἕνα
791 1150 897 1206 τῶν
940 1151 1167 1222 μισθίων
1218 1170 1310 1205 σου
1334 1168 1347 1179 ·
1382 1154 1476 1206 καὶ
1512 1151 1772 1220 εἰσάγαγέ
1810 1168 1873 1220 με
1908 1153 1986 1213 εἰς

415 1242 514 1309 τὴν
550 1241 791 1311 μάνδραν
826 1259 920 1294 σου
950 1242 1010 1295 τὸ
1034 1242 1312 1306 ἀπολωλὸς
1335 1242 1624 1312 πρόϐατον·
1655 1242 1742 1296 ἴνα
1773 1242 1847 1310 μὴ
1880 1241 1985 1305 ἔξω

417 1331 591 1399 εὑρών
620 1349 685 1400 με
713 1334 739 1384 ὁ
759 1331 921 1401 λύκος
953 1332 1223 1406 ὀλλυμεὼν
1260 1335 1556 1406 καταφάγῃ
1588 1351 1674 1405 με.
1717 1329 1848 1387 Οἶδα
1878 1336 1985 1404 γάρ

420 1438 495 1483 σε,
531 1422 798 1485 Δέσποτα,
848 1423 940 1475 τὸν
991 1422 1153 1476 ὶαλὸν
1207 1424 1456 1493 ποιμένα,
1498 1426 1591 1477 καὶ
1647 1423 1843 1493 λιμένα
1878 1423 1986 1476 τῶν

417 1515 855 1583 χειμαζομένων,
892 1512 1081 1566 ἐλπίδα
1128 1513 1236 1566 τῶν
1285 1514 1751 1584 ἀπηλπισμένων,
1800 1515 1986 1584 ξατρῦν

419 1604 525 1655 τῶν
551 1604 990 1674 ἀπεγνωσμένων
1011 1621 1024 1636 ·
1056 1592 1314 1676 titionem
1338 1604 1387 1670 ά,
1419 1607 1688 1666 Δέσποτα,
1719 1606 1788 1658 τὰ
1817 1607 1986 1676 τραύκ

423 1697 567 1766 ματά
597 1714 696 1767 μου
728 1697 893 1767 ἐλαίῳ
931 1698 1024 1749 καὶ
1061 1698 1207 1766 οἴνῳ,
1243 1697 1277 1752 ἃ
1322 1684 1568 1768 ὲτρὼοην
1604 1699 1705 1751 ὑπὸ
1735 1699 1844 1751 τῶν
1891 1698 1985 1770 λῃο

420 1786 580 1839 στῶν.
612 1787 781 1850 Αὕτδς
809 1783 1117 1861 γὰρεῖπας,
1152 1787 1350 1857 Κύριε·
1390 1807 1408 1839 ι
1440 1790 1512 1842 Οὐ
1545 1788 1734 1858 χρείαν
1771 1789 1985 1859 ἔχουσιν

422 1878 469 1929 οἱ
502 1876 834 1944 ὑγιαίνοντες
862 1879 1069 1949 ἰατροῦ,
1097 1880 1210 1932 ἀλλ’
1234 1880 1282 1931 οἱ
1315 1879 1499 1942 κακῶς
1526 1880 1757 1949 ἔχοντες.
1797 1901 1813 1933 ι
1864 1880 1989 1932 Ἐὰν

420 1966 560 2021 tum
592 1969 810 2040 δεηθῇς,
851 1974 1036 2042 ἐγερεῖ
1084 1972 1157 2034 ὡς
1198 1972 1289 2024 τὸν
1336 1972 1670 2042 παράλυτον,
1706 1973 1798 2025 καιὶ
1849 1973 1991 2036 λέξει

424 2078 541 2114 σοι’
586 2082 604 2114 ο
646 2064 751 2115 Ἴδε
784 2065 939 2134 ὑγιὴς
973 2066 1224 2132 γέγονας,
1263 2067 1459 2135 μηκέτι
1488 2067 1791 2135 ἁμάρτανε.
1837 2086 1853 2116 ›
1891 2066 1996 2119 Αὐ-

422 2155 509 2214 τὸς
541 2154 650 2225 γὰρ
682 2156 886 2225 Κύριος
926 2156 1306 2226 παρειὸο).ικῷς
1353 2154 1473 2209 εἶπε
1517 2157 1646 2226 περὶ
1677 2157 1773 2225 τῆς
1796 2159 1992 2227 χήρας,

423 2246 515 2296 xz".
546 2246 635 2298 τοῦ
670 2247 856 2315 κριτοῦ
889 2250 984 2317 τῆς
1011 2250 1244 2312 ἀδικίας,
1278 2251 1407 2318 περὶ
1432 2248 1520 2301 τοῦ
1550 2248 1659 2302 δεῖν
1690 2251 1835 2319 ἡμᾶς
1861 2249 1995 2302 πάν-

420 2352 538 2389 τυτε
577 2336 849 2407 εΰχεςααι,
888 2342 981 2392 καὶ
1013 2341 1086 2411 μὴ
1117 2344 1390 2395 ὲκκεικεῖν.
1423 2343 1535 2396 Καὶ
1586 2343 1780 2409 ἐπάγει
1811 2358 1823 2372 ·
1869 2362 1886 2392 ι
1934 2342 1992 2394 Ὀ

421 2428 554 2491 Gai;
608 2430 666 2481 cf:
723 2430 795 2499 μὴ
858 2433 1069 2503 ποιήσει
1116 2432 1212 2504 τὴν
1259 2435 1538 2505 ἐκδίκησιν
1571 2434 1679 2487 τῶν
1719 2433 1996 2487 ἐκλεκτῶν

422 2517 610 2575 αὐτοῦ,
638 2518 744 2569 τῶν
777 2510 1024 2589 solum.»
1057 2524 1188 2591 πρὶς
1222 2524 1383 2576 αὐτ-δν
1414 2523 1627 2594 ἡμέρας
1656 2527 1748 2577 καὶ
1778 2523 1994 2585 νυκτὸς,

423 2608 515 2659 καὶ
566 2608 944 2679 μακροῢυμεῖς
990 2612 1076 2663 ναὶ
1123 2612 1268 2678 λέγω
1321 2612 1469 2680 ὑμῖν,
1516 2614 1597 2665 ὅτι
1647 2614 1859 2681 ποιήσει
1892 2614 1990 2682 τὴν

425 2700 702 2768 ὲκῗίκηςιν
734 2702 914 2755 αὔτῶν
958 2705 1013 2755 ὲν
1046 2702 1221 2773 τάχει.
1271 2722 1289 2756 ι
1325 2703 1483 2773 Αὐτῷ
1521 2706 1551 2773 ἡ
1586 2702 1709 2768 δῦξα
1744 2708 1823 2768 εἰς
1868 2706 1995 2767 τοὺς

422 2788 643 2850 αἰῶνας.
687 2791 878 2860 Ἀμήν.

2088 620 2144 665 tu
2175 620 2299 665 tuos
2335 612 2543 664 electos
2590 608 3040 676 tranquillissime
3066 605 3298 667 referes,
3351 603 3599 663 Domine,
3626 616 3660 654 a

2086 703 2290 772 quibus
2321 717 2484 771 porro
2516 699 2673 755 dolor
2714 699 2853 769 fugit
2877 714 2939 752 ac
2969 697 3226 769 gemitus.
3281 696 3450 766 Regni
3483 693 3660 763 tuija-

2086 804 2192 849 nua
2228 793 2384 857 mihi,
2442 806 2649 863 quaso,
2704 790 3074 860 adaperiatur,
3113 801 3172 843 ut
3202 803 3321 842 eam
3383 788 3661 857 ingressus

2086 900 2208 939 cum
2243 885 2332 939 bis
2360 884 2452 953 qui
2496 883 2701 937 lumine
2729 881 2911 935 vultus
2940 879 3040 944 tui,
3073 879 3321 941 Domine,
3370 877 3662 948 perfruun-

2038 972 2045 975 ⁷
2088 985 2200 1042 tur,
2232 977 2452 1031 demum
2485 975 2603 1046 ipse
2652 972 2905 1044 perfruar
2942 972 3110 1027 etiam
3140 970 3389 1025 beatiﬁca
3425 968 3661 1038 perfrui-

2088 1068 2233 1123 tione
2264 1076 2480 1121 mtcrna:
2528 1066 2676 1120 illius
2728 1074 2833 1120 tua:
2862 1065 3005 1127 vitm,
3044 1065 3097 1117 in
3138 1062 3361 1118 Christo
3394 1062 3523 1116 Jesu
3557 1062 3661 1115 Dn-

2087 1160 2237 1213 mino
2268 1170 2479 1213 nostro.
2509 1152 2588 1213 Ad
2626 1171 2753 1212 eum
2784 1156 3031 1222 modum,
3063 1155 3107 1210 si
3136 1155 3353 1224 dejecto
3380 1163 3435 1209 et
3467 1153 3659 1208 humili

2086 1251 2254 1307 corde
2301 1250 2404 1320 ipsi
2466 1249 2835 1321 procidemus.
2886 1249 3077 1318 utique
3120 1256 3364 1303 nostram
3408 1245 3661 1301 admittet

2086 1341 2548 1411 deprecationem.
2624 1338 2685 1393 In
2740 1340 2890 1392 omni
2947 1337 3114 1408 igitur
3177 1334 3489 1406 all‘ulgentia
3523 1335 3662 1392 lucis

2087 1432 2285 1487 divina:
2311 1447 2421 1502 qua
2452 1430 2715 1505 illustrari
2755 1445 2855 1484 nos
2882 1429 3151 1483 sentimus
3179 1434 3233 1482 et
3270 1424 3659 1489 circumfundi,

2087 1522 2417 1595 hymnorum
2453 1521 2789 1589 laudumque
2816 1519 3006 1588 jubilis
3047 1533 3269 1574 necesse
3303 1517 3374 1571 sit
3398 1515 3575 1591 ipsum
3601 1524 3663 1570 ut

2088 1615 2449 1672 celebremus.
2492 1613 2614 1684 Ipse
2645 1612 2794 1668 enim
2839 1611 3110 1667 bonorum
3173 1609 3419 1663 omnium
3470 1615 3662 1665 auctor

2086 1716 2192 1772 est,
2221 1706 2397 1777 origo,
2430 1706 2564 1770 vita,
2592 1703 2856 1759 essentia.
2887 1701 3035 1756 lde‘m
3075 1714 3264 1756 eorum
3298 1713 3519 1768 quoque
3568 1697 3659 1768 qui

2089 1800 2157 1855 ab
2189 1799 2308 1868 ipso
2346 1797 2698 1852 desciverunt
2748 1793 3025 1849 revocatio
3052 1800 3109 1847 et
3160 1792 3491 1846 resurrectio
3522 1807 3536 1856 ;
3565 1789 3659 1861 qui

2094 1897 2272 1944 autem
2304 1895 2359 1940 et
2406 1885 2752 1939 deﬂuxerunt
2786 1893 2948 1952 atque
2997 1880 3234 1953 prolapsi
3266 1889 3414 1942 sunt,
3452 1888 3664 1934 restau-

2096 1980 2234 2034 ratio
2262 1994 2323 2032 ac
2371 1975 2724 2032 rcformatio:
2778 1975 3041 2029 stantium
3077 1970 3306 2042 proinde
3352 1969 3581 2025 ﬁrmitas
3608 1979 3664 2023 et

2092 2071 2344 2125 tutelaris
2413 2068 2703 2138 protectio.
2756 2063 2901 2121 Dixit
2960 2065 3357 2122 Ecclesiastes:
3400 2064 3498 2119 Est
3539 2078 3664 2133 spes

2093 2160 2221 2231 quia
2265 2179 2281 2209 ι
2309 2158 2460 2212 canis
2512 2158 2670 2211 rivus
2722 2155 2917 2209 melior
2958 2161 3040 2209 est
3073 2154 3232 2208 leone
3267 2151 3553 2207 mortuo”
3585 2169 3597 2204 ;
3641 2171 3658 2202 ι

2095 2254 2186 2323 qui
2223 2252 2370 2306 enim
2398 2250 2607 2314 vivunt,
2647 2249 2836 2318 utique
2864 2254 3138 2301 noverunt
3185 2261 3243 2300 se
3268 2260 3388 2300 esse
3430 2243 3662 2299 moritu-

2102 2361 2189 2398 ros
2217 2361 2229 2409 ;
2260 2343 2459 2396 mortui
2510 2355 2660 2405 vero,
2693 2355 2761 2397 ne
2808 2354 2999 2395 canem
3051 2338 3273 2408 quidem
3318 2337 3662 2406 deploratum

2100 2436 2301 2489 sciunt.
2337 2432 2442 2489 Sed
2473 2442 2528 2487 et
2562 2432 2764 2485 Paulus
2812 2430 2880 2485 de
2906 2444 2972 2483 eo
3005 2428 3097 2499 qui
3141 2417 3392 2484 Corinthi
3419 2426 3470 2479 in
3502 2440 3665 2496 grave

2093 2529 2389 2597 impegerat
2417 2524 2698 2585 delictum,
2734 2538 2830 2593 per
2851 2521 3151 2591 Epistulam
3183 2519 3353 2574 dicit:
3389 2537 3407 2570 ε
3434 2518 3510 2571 Ita
3544 2525 3602 2570 ut
3634 2531 3664 2567 e

2091 2614 2370 2670 contrario
2421 2611 2591 2681 magis
2655 2609 2873 2664 donetis
2894 2617 2950 2661 et
2995 2603 3375 2689 consolemini,
3405 2618 3473 2656 ne
3525 2602 3665 2656 forte

2089 2703 2480 2760 abundantiori
2508 2703 2727 2758 tristitia
2752 2701 3115 2757 absorbeatur
3145 2699 3191 2753 is
3218 2717 3231 2752 :
3269 2705 3494 2768 propter
3518 2693 3665 2765 quod
3694 2709 3700 2715 ·

2089 2797 2324 2852 obsecro
2358 2812 2452 2850 vos
2488 2804 2547 2848 ut
2584 2793 2922 2849 conﬁrmetis
2952 2792 3004 2847 in
3035 2791 3189 2846 illum
3224 2790 3570 2847 charitatem.
3607 2797 3664 2840 ut

421 2896 489 2935 ne
529 2884 1027 2938 circumveniamur
1050 2900 1079 2940 a
1110 2884 1347 2948 Sataua;
1386 2901 1494 2939 non
1522 2886 1665 2939 enim
1729 2886 2041 2954 ignoramus
2079 2888 2437 2958 cogitationes
2458 2887 2662 2956 ejus".
2688 2906 2704 2936 ι
2735 2884 2847 2939 Nos
2870 2884 3053 2954 itaque
3081 2896 3206 2938 cum
3246 2880 3413 2936 Paulo
3434 2878 3664 2951 parilem

423 2980 1376 3044 agonemsustineamus,dicentes:
1447 2979 1552 3033 iln
1625 2980 1881 3034 omnibus
1941 2981 2351 3038 tribulationem
2420 2981 2681 3050 patimur,
2729 2979 2826 3035 sed
2893 2995 3002 3034 non
3062 2977 3480 3049 angustiamur;
3537 2989 3667 3043 apo-

431 3069 662 3134 riainur,
687 3069 781 3123 sed
817 3085 923 3123 non
986 3070 1378 3136 destituimur;
1426 3070 1865 3140 persecutionem
1921 3073 2178 3142 patimur,
2220 3073 2315 3129 sed
2365 3090 2477 3127 non
2533 3071 2959 3142 deliuquimur;
3027 3068 3339 3142 dejicimur,
3394 3067 3488 3123 sed
3556 3082 3664 3121 non

422 3159 668 3226 perimus
714 3177 728 3225 ;
816 3176 1033 3229 semper
1086 3158 1563 3215 mortiﬁcationem
1621 3159 1751 3215 Jesu
1831 3161 1885 3214 in
1952 3176 2183 3232 corpore
2241 3161 2738 3225 circumferentes,
2771 3169 2927 3214 utet
2981 3160 3088 3215 vita
3144 3158 3275 3215 Jesu
3342 3157 3665 3214 manifeste-

426 3257 517 3305 tur
546 3250 599 3303 in
642 3265 804 3305 carne
856 3260 1042 3304 nostra
1099 3251 1315 3304 mortali
1347 3250 1414 3303 ⁷⁸.
1450 3268 1467 3299 ι
1505 3249 1715 3303 Rursus
1748 3266 1759 3302 :
1792 3268 1809 3300 ί
1847 3250 2007 3305 Pater
2047 3251 2554 3306 misericordiarum
2604 3257 2659 3305 et
2682 3250 2828 3306 Deus
2878 3251 3047 3306 totius
3087 3250 3506 3314 consolationis,
3571 3248 3667 3321 qui

423 3344 738 3400 consolatur
762 3360 861 3400 nos
887 3346 941 3399 in
975 3345 1125 3399 omni
1155 3344 1509 3399 tribulatione
1537 3360 1637 3414 per
1665 3344 2097 3399 consolationem
2128 3361 2236 3415 qua
2283 3347 2631 3402 consolamur
2701 3361 2731 3399 a
2802 3346 2913 3400 Deo
2946 3363 2960 3411 ;
3025 3346 3153 3415 quia
3195 3345 3339 3400 sicut
3384 3343 3670 3414 abundan‘

424 3439 706 3505 passiones
740 3438 890 3502 Jcsu,
926 3441 999 3493 ita
1027 3454 1124 3508 per
1157 3438 1435 3492 Christum
1468 3436 1710 3492 abundat
1737 3447 1795 3493 et
1819 3438 2119 3493 consolatio
2153 3448 2380 3506 nostra;
2429 3440 2545 3494 sive
2610 3440 2960 3503 tribulamur,
3006 3453 3106 3508 pro
3168 3447 3348 3494 vestra
3407 3438 3665 3494 exhorta-

424 3533 571 3586 tione
596 3541 651 3585 ct
696 3533 895 3593 salute,
924 3533 1038 3586 sive
1091 3533 1193 3602 ipsi
1231 3532 1597 3596 consolamur,
1638 3548 1735 3602 per
1764 3542 2002 3587 vestram
2040 3533 2470 3588 consolationem
2500 3550 2623 3603 qure
2649 3533 2943 3588 eliicaciter
2990 3540 3250 3603 operatur
3294 3530 3350 3586 in
3419 3529 3667 3588 toleran-

427 3625 500 3677 tia
530 3623 847 3690 passionum
896 3626 1091 3696 ipsius,
1135 3640 1270 3695 quas
1314 3635 1369 3679 et
1392 3640 1493 3679 nos
1521 3627 1784 3696 patimur,
1809 3634 1864 3681 et
1889 3641 2014 3695 spes
2045 3636 2234 3681 nostra
2274 3627 2428 3681 lirma
2459 3638 2543 3683 est
2565 3629 2632 3682 ⁷³.
2666 3648 2683 3680 ι
2717 3628 2796 3683 Ne
2824 3627 3020 3699 igitur.
3074 3626 3382 3684 eharissimi
3405 3667 3418 3692 ,
3473 3635 3666 3697 trucu-

425 3718 710 3775 lentissimi
755 3718 913 3772 istius
944 3719 1241 3781 daemonis,
1279 3720 1489 3792 1375
1518 3737 1713 3790 nempe
1751 3722 2169 3791 desperationis,
2247 3737 2486 3792 unquam
2532 3721 2917 3776 admiserimus
2955 3719 3268 3783 consilium,
3298 3726 3386 3775 ut
3452 3734 3523 3773 ne
3562 3733 3670 3788 qua

423 3826 490 3867 ex
522 3821 676 3883 parte
723 3815 1026 3883 comperiat
1078 3815 1286 3869 aditum
1327 3831 1437 3886 quo
1474 3832 1532 3871 se
1610 3818 1779 3871 menti
1831 3827 2030 3872 nostras
2068 3816 2460 3872 blandissimus
2525 3823 2804 3872 veterator
2859 3815 3150 3879 insinuet,
3200 3813 3412 3869 clamve
3464 3812 3670 3883 irrepat

425 3905 611 3974 (aliud
635 3908 782 3962 enim
813 3909 953 3963 nihil
978 3908 1291 3979 desperatio
1335 3926 1501 3980 quam
1543 3910 1846 3980 perfectum
1884 3909 2088 3965 diaboli
2118 3909 2465 3980 gaudium);
2529 3908 2660 3980 quin
2712 3908 2897 3978 potius
2961 3921 3064 3962 nos
3125 3905 3274 3975 ipsos
3332 3901 3669 3974 recipiamus

424 3996 490 4050 ad
524 3996 719 4053 sobriae
749 4013 813 4054 ac
870 3999 1115 4055 melioris
1172 4000 1298 4055 vita:
1341 4000 1574 4072 frugem,
1601 4001 1851 4081 exemplo
1892 4000 1988 4056 lilii
2027 4000 2263 4072 prodigi.
2291 3999 2427 4057 Cum
2458 4000 2765 4081 reverentia
2789 3998 3034 4054 simulet
3088 3996 3287 4068 gaudio
3338 3994 3407 4050 ad
3431 3995 3671 4050 clemen-

427 4086 696 4140 tissimum
745 4088 959 4142 Patrem
1019 4098 1428 4153 convertamur,
1470 4090 1560 4145 cui
1612 4102 1668 4147 et
1713 4080 1963 4147 dicamus
1996 4108 2009 4144 :
2060 4111 2078 4143 (
2108 4090 2291 4156 Pater,
2321 4090 2542 4160 peccavi
2576 4091 2633 4144 in
2658 4080 2857 4145 cmlum
2883 4096 2939 4143 et
2970 4102 3157 4143 coram
3217 4094 3269 4141 te
3300 4086 3366 4153 ⁷⁸,
3400 4104 3417 4136 ι
3452 4085 3669 4156 suscipe

426 4178 510 4234 me
543 4189 603 4233 ut
636 4196 805 4236 unum
861 4181 1097 4252 aliquem
1125 4198 1155 4237 e
1202 4184 1560 4239 mercenariis
1608 4184 1735 4246 tuis,
1809 4201 2007 4255 meque
2046 4184 2305 4241 introduc
2338 4185 2392 4239 in
2446 4184 2661 4239 caulam
2703 4181 2884 4255 gregis
2946 4181 3045 4245 tui,
3083 4178 3352 4235 oviculam
3389 4177 3532 4231 hanc
3561 4166 3669 4231 mi¥

427 4286 545 4327 sere
574 4272 862 4341 perditam,
889 4282 950 4329 ut
992 4290 1060 4329 ne
1103 4283 1257 4330 extra
1290 4276 1462 4330 caulre
1492 4285 1599 4331 tua)
1636 4286 1790 4346 septa
1820 4277 2098 4332 inventam
2121 4277 2368 4332 hiulcula
2407 4275 2566 4331 fauce
2609 4274 2906 4329 absorbeat
2964 4273 3128 4344 lupus
3184 4270 3276 4343 ille
3323 4266 3670 4324 truculentus

426 4372 734 4432 corruptor.
764 4364 932 4419 Plane
962 4366 1087 4421 novi
1112 4380 1234 4436 ego,
1266 4365 1340 4419 mi
1364 4363 1534 4430 Here,
1562 4366 1769 4420 bonum
1802 4374 1854 4422 te
1879 4382 2000 4423 esse
2034 4377 2333 4434 pastorem,
2396 4383 2460 4423 ac
2496 4381 2692 4421 eorum
2740 4380 2861 4420 esse
2913 4363 3251 4419 tutissimum
3314 4369 3536 4433 portum
3572 4363 3699 4432 qui.

426 4453 616 4524 quavis
639 4464 958 4524 tempestate
990 4457 1187 4512 misere
1215 4458 1612 4527 percelluntur,
1676 4474 1828 4527 spem
1885 4460 2246 4513 certissimam
2288 4459 2356 4512 de
2422 4473 2481 4512 se
2532 4456 2987 4526 desperantium,
3033 4452 3427 4524 immedicabili
3477 4452 3671 4508 morbo

427 4544 823 4614 desperationis
839 4546 1107 4602 laboranti
1118 4561 1207 4600 um
1231 4546 1720 4616 praesentissimum
1745 4546 2038 4601 medicum.
2058 4545 2278 4612 Curam
2303 4546 2530 4601 Domine
2556 4586 2572 4609 ,
2596 4545 2703 4599 olei
2728 4559 2793 4599 ac
2819 4543 2931 4598 vini
2956 4541 3235 4599 inlusione
3256 4542 3493 4597 vulnera
3516 4555 3667 4596 mea.

426 4636 628 4706 quibus
649 4636 933 4705 praedones
950 4638 1040 4693 isti
1067 4654 1153 4694 me
1170 4639 1525 4693 inclementer
1547 4630 1995 4694 consauciarunt.
2015 4638 2197 4700 Certe,
2224 4638 2475 4703 Domine,
2499 4638 2616 4708 ipse
2639 4637 2825 4693 dixisti
2855 4656 2868 4691 :
2900 4656 2919 4689 ι
2943 4638 3063 4693 Non
3082 4644 3245 4707 egent
3268 4636 3363 4707 qui
3383 4634 3501 4691 sani
3540 4644 3671 4690 sunt

428 4726 660 4783 medico.
677 4725 771 4781 sed
795 4727 887 4798 qui
911 4728 1051 4783 male
1077 4729 1284 4784 habent
1306 4730 1372 4784 ".
1399 4749 1418 4781 ι
1450 4729 1744 4799 Hoepacto
1764 4744 1889 4784 cum
1908 4728 2175 4792 oraveris,
2191 4729 2462 4798 iacentem
2487 4736 2539 4783 te
2555 4738 2616 4783 ut
2634 4728 2784 4782 illum
2813 4728 3173 4799 paralyticum
3190 4726 3386 4797 eriget,
3410 4725 3669 4795 dicetque

429 4817 567 4873 tibi:
601 4837 620 4869 ι
656 4818 798 4873 Ecce
853 4833 1019 4873 sanus
1082 4819 1261 4874 factus
1291 4835 1401 4885 es;
1456 4821 1568 4890 jam
1628 4820 1866 4889 amplius
1919 4820 2032 4875 noli
2075 4834 2303 4890 peccare
2348 4820 2416 4873 ⁷⁸.
2452 4838 2470 4871 ι
2525 4820 2676 4876 ldem
2719 4834 2957 4889 namque
3024 4820 3291 4886 Dominus
3357 4818 3426 4874 de
3492 4817 3657 4873 vidua

429 4908 522 4963 illa
557 4909 888 4979 parabolice,
920 4909 1071 4965 etde
1123 4911 1310 4982 judice
1349 4912 1654 4982 iniquitatis
1716 4914 1874 4977 dixit,
1936 4920 2193 4983 oportere
2219 4928 2320 4969 nos
2375 4928 2593 4983 semper
2637 4928 2818 4980 orare,
2863 4929 3044 4984 neque
3109 4930 3350 4984 unquam
3419 4896 3668 4970 defetisci

430 5005 524 5052 aut
547 4996 831 5069 defatigari
852 4998 896 5029 ⁷⁷
927 5014 943 5065 ;
971 5013 1146 5067 eoque
1178 4999 1425 5054 inducit:
1465 5019 1483 5050 ι
1513 5001 1656 5056 Deus
1684 5011 1865 5056 autem
1890 5018 1998 5055 non
2042 5002 2207 5057 faciet
2246 5002 2513 5058 ultionem
2556 5003 2861 5060 electorum
2929 5019 3157 5059 suorum
3214 5004 3570 5061 clamantium
3602 5003 3667 5059 ad

431 5106 489 5146 se
527 5091 617 5147 die
666 5107 730 5148 ac
779 5100 969 5157 nocte,
1029 5102 1087 5148 et
1135 5093 1525 5165 longanimiter
1571 5098 1809 5166 patietur
1846 5097 1868 5149 ?
1923 5097 2047 5152 dico
2084 5098 2265 5162 vobis,
2301 5098 2431 5168 quia
2459 5098 2777 5169 propediem
2807 5099 2970 5155 faciet
3002 5100 3268 5156 ultionem
3314 5096 3598 5153 eorum".
3649 5116 3664 5145 ο

430 5186 536 5258 Ipsi
568 5186 740 5257 gloria
772 5190 823 5243 in
856 5190 1054 5247 saecula
1082 5190 1425 5246 saeculorum.
1455 5193 1625 5246 Amen
1704 5176 1713 5184 ’

498 5363 545 5397 ⁷ο
569 5360 748 5418 Eccle.
777 5380 851 5426 Ix,
881 5364 933 5418 4.

499 5369 545 5397 ⁷³
570 5369 748 5418 Eccle.
777 5380 851 5426 Ix,
881 5369 933 5418 4.
1010 5369 1052 5396 ⁷¹
1099 5369 1142 5419 ll
1166 5369 1293 5420 Cor.
1359 5382 1425 5425 η.
1457 5369 1507 5430 7,
1540 5369 1593 5424 3.
1634 5369 1713 5420 ll.
1799 5369 1845 5397 "
1875 5369 1915 5422 Il
1961 5369 2091 5423 Cor.
2150 5385 2222 5424 iv.
2265 5370 2438 5424 Soll.
2566 5372 2611 5403 τε
2631 5370 2675 5425 ll
2699 5369 2871 5426 Cor.r
2923 5370 3068 5424 5-7.

428 5431 478 5466 7’
504 5432 695 5489 Matth.
768 5449 840 5489 tu.
879 5433 961 5489 l2.
1004 5432 1229 5489 "Joan.
1273 5451 1329 5489 τ’.
1356 5437 1441 5489 14.
1522 5436 1563 5467 ’τ
1592 5435 1723 5489 Luc.
1757 5452 1902 5489 xvui.
1934 5437 1982 5489 l.
2060 5438 2103 5471 τ’
2160 5438 2287 5489 ibid.
2324 5437 2435 5489 5-8.
2879 5412 2891 5435 ’

1010 5364 1052 5396 "‘
1099 5364 1143 5419 11
1166 5363 1293 5420 Cor.
1359 5382 1425 5425 rt.
1457 5365 1507 5430 7,
1540 5365 1593 5424 3.
1634 5367 1713 5420 ll.

768 5449 840 5494 tu.
879 5433 961 5490 l2.
1004 5432 1229 5489 "Joan.
1273 5451 1329 5502 γ,
1356 5437 1441 5490 lt.

1799 5366 1845 5397 "
1875 5367 1915 5422 ΙΙ
1961 5365 2091 5423 Cor.
2150 5385 2222 5424 ιν.
2265 5370 2438 5424 8ου.

1522 5436 1563 5467 ’τ
1592 5435 1723 5491 Luc.
1757 5452 1902 5501 artu,
1934 5437 1982 5490 l.
2060 5438 2103 5471 τ’
2160 5438 2287 5494 ibid.
2324 5437 2435 5494 5-8.

3204 5369 3246 5399 "
3289 5364 3423 5423 Luc.
3460 5380 3543 5428 ιτ,
3587 5364 3669 5425 i8.

1700 5616 1781 5671 VA
1794 5617 1928 5674 RIA‘I
1959 5618 2252 5675 LECTlON
2264 5617 2365 5675 ES.

500 5750 523 5791 ἀ
552 5751 825 5819 ἔπῖδηιςγλ,
857 5751 1034 5819 alliga,
1069 5752 1331 5820 astringi‘;
1357 5751 1474 5822 lege
1531 5753 1759 5825 ἑπικήδη
1774 5772 1879 5809 τον.
