3986 6148
436 401 572 471 3527

936 518 1221 574 HOMILIA
1256 517 1497 575 XXVIII.

950 634 1028 688 De
1054 638 1493 690 murmuratione.

505 745 570 799 Et
613 746 833 815 quidem
886 763 1253 814 murmurare,
1307 752 1425 804 sive
1460 759 1759 820 przetcxtus
1805 750 2004 819 aliquis

433 837 632 889 rationi
682 834 736 891 in
777 837 1014 906 speciem
1057 849 1462 894 consentaneus
1510 839 1680 903 ferat,
1717 840 1831 893 sive
1866 840 2005 893 citra

431 926 604 980 ullum
656 938 1011 997 prmtextum,
1058 939 1336 999 utcunque
1388 945 1475 985 res
1514 931 1707 993 habet,
1758 931 2039 984 virorum»

429 1024 516 1071 est
566 1017 949 1073 contaminatae
998 1028 1055 1072 et
1104 1019 1400 1088 piacularis
1446 1021 1607 1075 vitm.
1654 1020 1821 1074 Recta
1854 1020 2001 1073 enim

428 1109 556 1164 vita:
586 1111 935 1175 constitutio,
984 1113 1197 1167 ac’Deo
1226 1128 1349 1167 cum
1402 1112 1595 1180 primis
1639 1122 1884 1181 accepta,
1920 1121 2005 1165 est

429 1212 621 1252 eorum
647 1199 743 1268 qui
766 1216 1093 1270 quacunque
1126 1201 1193 1255 de
1221 1218 1281 1256 re
1307 1201 1445 1255 adeo
1473 1217 1580 1255 non
1612 1202 1909 1263 oblatrant,
1945 1210 2004 1255 ut

427 1291 597 1345 etiam
629 1291 868 1345 referant
899 1294 1196 1362 gratiarum
1229 1294 1524 1348 actionem.
1558 1294 1707 1349 Talis
1736 1293 1830 1361 qui
1855 1293 2002 1346 nulla

432 1378 500 1431 de
544 1395 603 1433 re
653 1369 1058 1443 obmurmurat.
1095 1381 1381 1448 imaginem
1422 1380 1589 1435 refert
1622 1397 1777 1449 aqum
1817 1380 2001 1449 limpi-

430 1469 603 1525 dioris
655 1487 719 1525 ac
771 1472 1086 1541 pellucidae;
1120 1488 1150 1526 e
1194 1473 1413 1527 diverso
1448 1474 1805 1542 obstrepcrus
1850 1488 2003 1527 mur-

430 1570 695 1625 murator,
727 1563 862 1616 mire
896 1564 1263 1627 turbulentus,
1296 1565 1631 1633 quotidianis
1662 1563 2005 1631 intemperiis

431 1653 667 1723 agitatur
698 1664 743 1707 ε.
775 1654 872 1709 Ille
919 1669 1044 1709 cum
1093 1648 1308 1710 actione
1358 1657 1656 1725 gratiarum
1695 1656 1830 1708 vivit
1874 1671 2002 1723 gra-

431 1745 625 1812 tiosus,
656 1746 747 1801 hic
770 1748 940 1816 plane
976 1748 1239 1818 ingratus.
1265 1750 1492 1802 Nescius
1523 1748 1999 1809 murmurationis,

1685 409 2052 469 ANTIOCHI
2091 410 2439 471 MONACHI

2030 523 2080 578 Α

2695 521 2912 573 ΛΟΓΟΣ
2950 521 3083 575 Kfl'.

2617 637 2751 705 Περὶ
2789 640 3153 709 γογγυσμοῦ.

2176 749 2249 802 T6
2279 749 2586 818 γογγύζειν,
2612 752 2721 803 εἴτε
2754 750 2891 823 μετὰ
2920 753 3143 820 εὐλόγου
3182 753 3545 824 προφάσεως,
3573 756 3677 807 εἴτε

2105 837 2229 908 δίχα
2260 840 2609 908 προφάσεως,
2647 842 2755 896 τῶν
2801 845 3013 911 ἐναγῶν
3052 846 3221 897 ἐστιν.
3264 844 3323 896 '0
3361 844 3477 914 γὰρ
3526 844 3674 913 ὀρθὸς

2108 929 2243 1000 βίος,
2276 931 2370 983 καὶ¹
2408 932 2596 995 δεκτὸς
2628 934 2780 1003 παρὰ
2817 935 2895 1003 τῷ
2938 935 3075 1003 Θεῷ,
3104 938 3131 988 6
3156 935 3266 987 τῶν
3312 935 3673 1002 ἁγογγύστων

2105 1018 2202 1069 καὶ
2251 1018 2586 1088 εὑχαρίστων
2627 1021 2794 1077 ἐστίν.
2858 1023 3227 1089 Ἀγόγγυστος
3288 1022 3482 1089 ὥσπερ
3538 1023 3673 1093 ὕδωρ

2104 1106 2324 1174 διαυγὲς
2378 1110 2651 1179 ὑπάρχει·
2684 1112 2712 1163 ό
2744 1112 2800 1164 δὲ
2848 1115 3163 1183 γογγυστὴς
3198 1115 3463 1181 θολιῖιδης,
3529 1130 3672 1165 τετα-

2110 1201 2380 1268 ραγμένος
2408 1217 2420 1229 ·
2464 1202 2803 1267 ἀγόγγυστος
2831 1204 3153 1272 εὐχάριστός
3174 1245 3188 1266 ,
3216 1196 3247 1255 6
3279 1205 3335 1255 δὲ
3374 1202 3675 1270 γογγυστὴς

2106 1292 2398 1359 ἀχάριστος
2422 1307 2435 1320 ⁹
2466 1293 2493 1344 ὁ
2528 1292 2864 1365 ἀγόγγυστος
2923 1294 3182 1359 φιλητὺς,
3214 1295 3242 1345 6
3279 1292 3337 1343 δὲ
3370 1290 3668 1358 γογγυστῇς

2108 1384 2369 1453 στυγητός
2401 1398 2416 1416 ⁸
2457 1385 2485 1436 ό
2522 1384 2860 1451 άγόγγυστος
2891 1384 3154 1449 ἄψεκτος,
3201 1386 3229 1437 6
3264 1384 3321 1434 δὲ
3368 1381 3669 1448 γογγυστὴς

2104 1472 2303 1540 ψεκτός
2331 1490 2345 1503 ’
2396 1475 2424 1525 ὁ
2466 1473 2803 1541 άγόγγυστος
2845 1472 3143 1540 ἀλοίδορος,
3198 1474 3226 1524 6
3269 1470 3327 1522 δὲ
3370 1466 3669 1536 γογγυστὴς

2106 1563 2360 1632 λοίδορος,
2396 1564 2489 1616 καὶ
2527 1564 2739 1633 ἰταμὸς.
2774 1564 2870 1614 καὶ
2922 1563 3228 1630 θεοστυγὴς
3281 1560 3603 1629 εὑρίσκεται
3626 1571 3665 1608 ε.

2106 1655 2180 1707 T6
2210 1656 2315 1725 γὰρ
2341 1656 2513 1717 πάθος
2541 1653 2702 1706 τοῦτο
2724 1654 2781 1718 ἐξ
2822 1653 3080 1715 ἀπονοίας
3122 1653 3217 1704 καὶ
3263 1650 3506 1718 ἀφοϐίας
3543 1648 3666 1700 Θεοῦ

2108 1748 2385 1814 γεννᾶται.
2423 1746 2532 1799 Kal
2563 1744 2753 1813 ὥσπερ
2784 1743 3093 1811 ἄνθρωπον,
3122 1742 3190 1794 δι’
3217 1739 3515 1810 ἀνθρώπου
3557 1738 3669 1806 βούο

427 1836 568 1894 nulli
598 1852 705 1891 non
744 1852 802 1892 se
829 1838 1052 1892 exhibet
1092 1839 1420 1904 amabilem;
1452 1848 1825 1892 murmurator
1869 1838 2000 1891 nulli

2112 1838 2253 1890 λεται
2281 1837 2451 1889 σῶσαι
2490 1838 2518 1889 ὁ
2562 1835 2797 1901 Κύριος,
2834 1834 3008 1895 οὕτως
3040 1832 3327 1902 ἄνθρωπον
3362 1831 3432 1882 δι’
3466 1828 3669 1896 ἀνθρὼ-

427 1941 540 1982 non
574 1943 633 1982 se
667 1926 848 1982 reddit
889 1928 1124 1982 invisum
1173 1939 1229 1984 ct
1272 1930 1684 1983 exsecrabilem.
1731 1929 1827 1982 Ille
1867 1929 2003 1982 nulli

429 2019 658 2090 pervius
706 2019 1127 2088 vituperationi,
1181 2015 1273 2075 hic
1296 2021 1430 2074 nulli
1494 2036 1603 2075 nou
1664 2019 2005 2088 conspicitur

431 2110 832 2181 vituperabilis.
858 2112 953 2166 Ille
980 2112 1323 2167 conviciatur
1345 2113 1571 2166 nemini.
1596 2111 1686 2165 hic
1706 2112 2007 2164 vehemen-

433 2209 519 2257 ter
565 2202 858 2272 impudens
898 2218 962 2258 ac
1012 2205 1335 2258 temerarius
1385 2182 1863 2272 deprehenditur:
1894 2220 2004 2273 quo

432 2291 496 2347 ﬁt
520 2301 581 2346 ut
610 2293 769 2347 talem
814 2290 1025 2348 infense
1054 2293 1235 2347 oderit
1257 2295 1419 2348 Deus.
1453 2294 1641 2348 Isthare
1680 2294 1895 2347 affectio
1938 2310 2004 2348 cx

432 2383 545 2438 vita
569 2384 848 2439 enascitur
865 2386 1025 2455 plane
1048 2385 1261 2455 impura
1280 2401 1344 2439 ac
1367 2386 1587 2457 ﬂagitiis
1607 2387 2001 2450 contaminata,

432 2483 491 2529 et
512 2490 579 2529 ex
607 2490 675 2531 co
704 2475 849 2545 quod
878 2490 909 2529 a
951 2483 1001 2529 te
1029 2475 1336 2530 excusseris
1364 2476 1459 2530 Dei
1488 2477 1763 2531 timorem.
1800 2477 2005 2542 Quem-

432 2564 727 2619 admodum
763 2564 963 2646 divinae
985 2576 1068 2620 est
1089 2566 1411 2631 voluntatis,
1434 2576 1492 2621 ut
1520 2568 1685 2622 homo
1711 2583 1809 2637 per
1828 2568 2006 2621 homi-

432 2673 558 2713 nem
604 2666 878 2723 servetur,
924 2658 998 2712 ita
1057 2658 1286 2714 Satanas
1333 2675 1665 2731 magnopere
1716 2659 2004 2723 contendit

433 2749 711 2805 hominem
736 2766 833 2820 per
856 2751 1135 2806 hominem
1169 2752 1223 2805 in
1254 2751 1509 2821 laqueum
1534 2751 1860 2823 protrudere
1885 2768 2005 2822 per-

435 2840 686 2896 ditionis.
738 2841 818 2896 Ne
870 2842 1039 2913 igitur
1089 2843 1181 2897 tali
1236 2842 1598 2906 adhaerescas,
1649 2843 1743 2913 qui
1796 2843 1851 2897 in
1902 2843 2008 2898 hoc

432 2932 629 2988 vitium
658 2933 969 3002 propendet
996 2934 1402 2999 declivior,nec
1424 2935 1619 3004 linguae
1640 2932 2007 3004 praecipitium

435 3023 551 3077 ullo
598 3032 906 3078 remoratur
955 3024 1132 3086 freno,
1163 3041 1233 3080 ne
1266 3041 1391 3080 cum
1440 3026 1560 3095 ipso
1609 3041 1851 3095 praeceps
1880 3040 2008 3081 ruas

436 3114 503 3168 ad
556 3114 911 3184 supplicium.
969 3113 1113 3171 Sane
1162 3132 1271 3171 non
1326 3117 1645 3171 indecorum
1703 3118 1776 3171 sit
1830 3117 2007 3171 vitare

436 3199 705 3268 eiusmodi
733 3200 826 3270 qui
856 3201 1058 3257 nullam
1097 3208 1301 3259 nerunt
1343 3205 1541 3273 lingua:
1575 3204 1841 3259 adhibere
1865 3213 2008 3259 tem—

435 3292 670 3361 periem,
695 3292 908 3363 1076
924 3294 1019 3363 qui
1055 3293 1194 3348 nihil
1225 3302 1332 3347 tam
1370 3295 1583 3364 spirant
1608 3311 1770 3363 quam
1801 3310 2012 3365 pugnas

437 3383 760 3449 verborum,
778 3386 872 3453 qui
899 3385 1015 3439 suis
1040 3384 1433 3455 agitationibus
1464 3394 1569 3438 tam
1594 3385 1828 3439 internis
1847 3401 2010 3455 quam

441 3474 685 3530 externis
714 3475 903 3530 turbas
935 3477 1221 3530 conciunt.
1255 3475 1358 3541 Qui
1389 3475 1511 3530 talis
1539 3484 1642 3537 est,
1672 3477 2013 3546 comperitur

439 3568 717 3638 particeps
757 3583 879 3622 esse
910 3576 964 3621 ct
994 3582 1224 3623 consors
1253 3567 1573 3621 exitialibus
1604 3568 1715 3622 illis
1756 3583 1819 3623 ac
1852 3568 2011 3638 plane

439 3659 674 3730 ingratis
699 3658 903 3713 Judzeis
934 3660 1029 3729 qui
1058 3659 1114 3712 in
1137 3674 1325 3714 eremo
1356 3659 1613 3729 leguntur
1641 3675 2013 3715 murmurasse

440 3748 708 3803 adversus
750 3749 952 3813 Deum,
989 3750 1144 3819 juxta
1193 3748 1340 3818 quod
1385 3750 1649 3818 scriptum
1697 3759 1782 3804 est
1822 3768 1835 3802 :
1882 3774 1897 3801 ι
1947 3752 2039 3807 Et'

440 3849 561 3896 erat
581 3841 819 3911 populus
845 3858 1194 3897 murmurans
1221 3842 1485 3897 adversus
1507 3842 1766 3914 Moysem.
1788 3843 1857 3897 Et
1878 3843 2017 3899 dixit

441 3933 657 4005 Moyses
698 3934 858 3989 :Non
915 3936 1070 3989 enim
1114 3934 1406 3988 adversum
1462 3950 1565 3989 nos
1622 3943 1707 3989 est
1766 3950 2016 3990 murmur

440 4026 822 4089 vestrum,st
860 4026 1125 4081 adversus
1159 4027 1329 4081 Deum
1355 4026 1421 4079 ⁷³.
1461 4044 1479 4076 ι
1515 4027 1727 4081 Rursus
1766 4044 1779 4080 :
1816 4047 1835 4078 ι
1875 4027 2014 4093 Quid

439 4117 735 4186 jurgamini
783 4124 974 4171 contra
1025 4132 1144 4180 me,
1186 4127 1241 4171 et
1293 4117 1516 4171 tcntatis
1552 4118 1840 4172 Dominum
1861 4118 1953 4171 θοι
1994 4140 2012 4170 ι

442 4202 536 4257 Ait
561 4203 690 4257 item
722 4203 888 4259 lsaias
917 4221 931 4257 :
969 4224 988 4257 ι
1022 4204 1122 4271 Qui
1153 4206 1349 4259 dicunt
1380 4207 1525 4277 quod
1560 4206 1721 4262 dulce
1754 4216 1837 4261 est
1868 4223 2019 4263 ama--

444 4308 589 4357 rum,
642 4302 700 4348 et
752 4294 897 4364 quod
948 4309 1194 4349 amarum
1243 4304 1348 4357 est,
1401 4296 1562 4351 dulce
1584 4297 1649 4350 θί.
1690 4316 1708 4348 ι
1756 4297 2015 4352 inducit:

2109 1946 2211 1981 που
2244 1927 2461 1979 σπεύδει
2496 1929 2522 1980 6
2548 1926 2793 1987 Σατανᾶς
2819 1923 3121 1977 ἀπολέσθαι
3149 1938 3160 1950 ·
3195 1922 3255 1973 οὑ
3294 1921 3402 1991 χρὴ
3432 1916 3525 1973 οὖν
3556 1918 3667 1970 κολ-

2106 2020 2302 2074 λᾶσθαι
2348 2019 2722 2087 κακεντρεχεί,
2759 2016 2851 2068 καὶ⁸
2887 2014 2962 2085 μὴ
3011 2013 3345 2082 φυλάσσοντι
3401 2011 3665 2078 γλῶσσαν,

2107 2111 2194 2163 ἵνα
2226 2110 2300 2180 μὴ
2328 2110 2425 2161 σὺν
2448 2108 2594 2176 αὑτῷ
2626 2110 2704 2171 είς
2737 2106 2958 2160 κόλασίν
2988 2122 3072 2167 τις
3101 2102 3338 2174 ἀπέλθῃ,
3383 2101 3561 2154 Καλὸν
3584 2099 3668 2151 οὖν

2106 2204 2255 2255 ἐστιν
2287 2202 2348 2254 τδ
2376 2200 2596 2267 φεύγειν
2638 2200 2766 2262 τοὺς
2805 2197 3177 2258 ἀπαιδεύτους
3203 2197 3269 2264 τῇ
3303 2192 3544 2264 γλώσσῃ,
3581 2192 3667 2242 καὶ

2104 2295 2228 2357 τοὺς
2259 2290 2765 2362 μαχοσυμϐούλους,
2796 2288 2888 2341 καὶ
2927 2285 3368 2356 ταραττομένους
3392 2286 3506 2346 τοῖς
3531 2282 3666 2341 ἐντὸς

2106 2386 2200 2439 καὶ
2225 2386 2336 2446 τοῖς
2366 2383 2522 2442 ἐκτὸς
2548 2382 2845 2450 κινήμασιν
2873 2395 2887 2409 ·
2923 2377 3048 2431 ἐπεὶ
3083 2376 3406 2444 εὑρίσκεται
3468 2372 3669 2441 συμμὲσ

2105 2493 2259 2547 τοχος
2308 2476 2404 2528 καὶ
2454 2472 2711 2534 κοινωνὸς
2756 2473 2867 2533 τοῖς
2905 2471 2963 2522 ἐν
3002 2471 3067 2539 τῇ
3102 2470 3301 2539 ἐρήμῳ
3332 2465 3658 2535 ἀλιτηρίοις,

2106 2568 2201 2622 καὶ
2239 2566 2556 2637 ἀχαρίστοις
2598 2562 2901 2626 Ἰουδαίοις,
2947 2562 3142 2623 οῖτινες
3194 2558 3502 2627 ἐγόγγυζον
3539 2552 3669 2609 κατὰ

2105 2657 2199 2712 τοῦ
2243 2655 2400 2720 Θεοῦ,
2461 2656 2645 2717 καθὼς
2697 2655 3054 2724 γέγραπταιο
3118 2652 3269 2705 «Καὶ
3319 2647 3390 2720 ἦν
3421 2651 3450 2701 6
3495 2644 3665 2708 λαὸςό

2106 2749 2385 2817 γογγύζων
2422 2750 2514 2801 ἐπὶ
2540 2749 2797 2816 Μωῦσῆν.
2828 2746 2937 2798 Καὶ
2978 2741 3131 2797 εἶπεν
3159 2745 3403 2813 Μωῦσῆς
3424 2762 3435 2773 ·
3468 2741 3539 2795 Οὑ
3566 2738 3664 2807 γὰρ

2107 2841 2230 2894 καθ’
2265 2840 2421 2910 ἡμῶν
2448 2841 2599 2892 ἐστιν
2631 2840 2660 2891 6
2684 2837 2999 2905 γογγυσμὸς
3027 2835 3201 2903 ὑμῶν,
3235 2834 3376 2888 ἀλλὰ
3409 2832 3547 2887 κατὰ
3579 2827 3663 2881 τοῦ

2106 2930 2263 2984 Θεοῦ.
2298 2951 2316 2982 ι
2365 2931 2472 2983 Καὶ
2503 2929 2661 2983 πάλιν
2688 2945 2699 2957 ·
2735 2948 2753 2980 ι
2782 2928 2846 2981 Τί
2876 2926 3172 2997 λοιδορεῖτέ
3207 2942 3295 2994 με,
3331 2924 3427 2977 καὶ
3462 2922 3514 2975 τί
3546 2937 3663 2973 πει-

2111 3023 2302 3095 ράζετε
2341 3022 2583 3092 Κύριον;
2611 3039 2630 3074 ι
2653 3022 2821 3090 Φησὶν
2859 3020 2916 3072 δέ
2947 3020 3040 3073 καὶ
3068 3021 3096 3071 6
3135 3016 3362 3079 Ἡσαΐας
3384 3034 3397 3046 ·
3437 3035 3455 3066 ι
3486 3015 3544 3067 Οί
3583 3010 3667 3063 λέ-

2110 3131 2301 3183 γοντες
2344 3113 2405 3166 τὸ
2455 3110 2650 3180 γλυκὺ,
2702 3109 2920 3178 πικρδν,
2954 3108 3051 3161 καὶ
3099 3106 3161 3160 τὸ
3191 3106 3414 3175 πικρῦν,
3443 3099 3657 3171 γλυκύΑ

2059 3208 2080 3230 ⁸
2111 3206 2223 3258 Kal
2253 3203 2446 3271 ἐπάγει
2467 3218 2489 3231 ’-
2519 3221 2536 3252 ι
2567 3201 2629 3254 Οί
2657 3200 3040 3269 γογγύζοντες,
3085 3197 3283 3267 μάθετε
3316 3194 3615 3249 ὑπακούειν.
3640 3207 3661 3252 ι

2112 3297 2224 3352 Kal
2258 3297 2287 3349 6
2329 3292 2492 3347 Δαυῒδ
2521 3293 2721 3361 ὁμοίως
2766 3291 2895 3362 περὶ
2935 3291 3117 3355 αὐτῶν
3155 3289 3302 3356 λέγει
3329 3307 3343 3321 ο
3388 3288 3532 3342 «Οὐκ
3555 3281 3668 3336 ἐπί»

2115 3405 2345 3444 στευσαν
2403 3385 2481 3456 τῷ
2528 3385 2672 3454 λόγῳ
2716 3382 2904 3447 αὑτοῦ,
2958 3382 3053 3435 καὶ
3098 3380 3411 3449 ἐγόγγυσαν
3461 3380 3517 3429 ἐν
3564 3376 3661 3433 τοῖς

2114 3479 2465 3549 σκηνώμασιν
2506 3475 2737 3529 αὑτῶν.»
2792 3473 2905 3528 Καὶ
2956 3472 3154 3528 πάλιν·
3225 3489 3243 3524 ι
3274 3467 3380 3524 Ὧν
3402 3471 3460 3524 τὸ
3509 3467 3664 3534 στόμα

2114 3570 2293 3625 αὑτῶν
2339 3568 2603 3638 ἐλάλησεν
2659 3566 3046 3636 ματαιότητας,
3095 3564 3190 3618 καὶ
3222 3565 3255 3634 ἠ
3290 3563 3444 3627 δεξιᾶ
3485 3557 3663 3615 αὐτῶν,

2113 3662 2347 3725 ἀδικίας.
2380 3680 2398 3713 ι
2461 3660 2627 3727 Λέγει
2688 3659 2744 3711 δὲ
2804 3660 2896 3711 καὶ
2946 3660 2974 3710 6
3011 3656 3235 3718 Ἰούδας,
3280 3658 3308 3709 ὁ
3352 3653 3445 3708 τοῦ
3501 3647 3663 3704 Ἰακὼ-

2117 3753 2211 3806 6ου
2236 3751 2463 3819 ἀδελφός
2486 3766 2499 3778 ·
2546 3768 2564 3800 ι
2596 3743 2753 3802 Οὗτοί
2776 3749 2912 3800 εἰσιν
2941 3748 3258 3816 γογγυσταί,
3302 3744 3665 3814 μεμψίμοιροι,

2116 3844 2258 3899 κατὰ
2296 3843 2395 3907 τὰς
2439 3842 2649 3896 ἐαυτῶν
2694 3840 2998 3909 ἐπιθυμίας
3042 3838 3430 3908 πορευόμενοι,
3479 3832 3565 3887 καὶ
3612 3826 3664 3879 τὸ

2119 3938 2297 4005 στόμα
2327 3935 2506 3989 αὑτῶν
2531 3933 2693 3986 λαλεῖ
2717 3933 3018 4004 ὑπέρογκα.
3050 3951 3069 3983 ι
3110 3931 3299 3999 Ἡμεῖς
3336 3925 3429 3982 οὖν
3467 3920 3663 3978 παυσώ-

2121 4026 2263 4097 μεθα
2303 4023 2396 4077 τοῦ
2441 4023 2753 4091 γογγύζειν,
2796 4022 2891 4075 καὶ
2940 4020 3264 4090 ἀκούσωμεν
3309 4019 3406 4073 τοῦ
3449 4012 3661 4069 Παύλου.

2116 4116 2496 4184 Φιλιππησίοις
2527 4114 2851 4183 γράφοντος
2884 4132 2901 4163 ι
2928 4113 3109 4167 Πάντα
3131 4114 3336 4164 ποιεῖτε
3371 4108 3528 4179 χωρὶς
3552 4119 3662 4172 γογ⁸

2119 4208 2345 4278 γυσμῶν
2397 4208 2491 4260 καὶ
2541 4203 2932 4273 διαλογισμῶν,
2971 4204 3059 4257 ἴνα
3090 4202 3324 4272 γένησθε
3386 4202 3660 4268 ἄμεμπτοι,

2121 4302 2214 4354 καὶ
2247 4298 2517 4369 ἀκέραιοι,
2542 4296 2710 4350 τέκνα
2731 4294 2865 4347 Θεοῦ
2902 4293 3183 4363 ἁμὼμητα
3208 4309 3221 4320 ·
3257 4311 3274 4342 ι
3314 4291 3545 4349 Εἰκότως
3563 4280 3660 4340 οὖν.

453 4400 471 4428 ι
503 4382 954 4449 Murmuratores,
986 4382 1182 4439 discite
1210 4385 1583 4439 obedientiam
1608 4386 1707 4440 θ’..
1744 4387 1917 4442 David
1951 4388 2010 4442 ad

2128 4410 2148 4443 ι
2171 4391 2400 4461 Δὲνδρον
2427 4390 2594 4458 ζωῆς,
2632 4387 2775 4449 ἴασις
2805 4384 3051 4454 γλώττης
3073 4400 3085 4413 ·
3121 4384 3149 4436 ὁ
3179 4383 3235 4436 δὲ
3259 4383 3538 4451 φιλάσσων
3580 4374 3662 4427 αὺ-

445 4473 701 4529 ειιιιηᾶειιι
722 4474 1015 4529 modulum
1029 4474 1097 4530 de
1118 4476 1238 4530 istis
1264 4476 1398 4531 dicit
1423 4494 1435 4530 :
1465 4495 1483 4528 ι
1515 4477 1633 4532 Non
1663 4477 2010 4534 crediderunl

2132 4484 2232 4555 τὴν
2304 4481 2737 4551 πληθυνθήσεται
2806 4477 3123 4547 Πνεύματος
3176 4477 3337 4542 ἁγίου
3401 4471 3532 4526 κατὰ
3582 4464 3663 4533 τὴν

447 4567 617 4619 verbo
671 4568 822 4637 ejus,
882 4573 941 4621 et
999 4578 1482 4625 murmuraverunt
1536 4570 1591 4623 in
1645 4570 2018 4626 tabernaculis

450 4658 567 4711 suis
591 4656 660 4711 ⁸³.
692 4675 710 4706 ι
752 4656 991 4710 Rursum
1022 4674 1036 4710 :
1069 4675 1088 4707 σ
1122 4657 1363 4721 Quorum
1395 4674 1457 4715 os
1490 4660 1734 4715 locutum
1764 4671 1849 4715 est
1870 4662 2024 4716 vani-

450 4756 621 4811 tates,
667 4755 724 4801 et
769 4748 993 4803 dextera
1043 4764 1233 4804 eorum
1287 4751 1513 4806 dextera
1565 4754 1869 4823 iniquitatis
1892 4756 1958 4809 “.
1998 4774 2016 4806 ι

2116 4576 2399 4647 Γραφῆν.ι
2442 4574 2552 4629 Καὶ
2600 4574 2629 4626 6
2683 4570 3094 4641 Παροιμιαττὴς
3126 4567 3429 4621 ἐντέλλεται
3479 4563 3662 4628 λέγων·

2124 4651 2439 4732 «Φυλάξατε
2490 4665 2668 4719 τοίνυν
2726 4661 3046 4731 γογγυσμδν
3100 4660 3376 4728 ἀνωῳελῆ,
3434 4655 3520 4711 καὶ
3573 4648 3665 4703 ἀπὸ

2122 4758 2452 4818 καταλαλιᾶς
2503 4755 2765 4825 φείσασθε
2800 4752 3076 4821 γλώσσης.
3107 4771 3127 4803 ι
3159 4752 3270 4803 Kal
3309 4749 3468 4802 πάλιν
3501 4762 3513 4775 ·
3551 4738 3663 4803 (Μῆ

451 4836 599 4891 Dicit
649 4844 834 4890 autem
898 4847 954 4892 et
1009 4837 1178 4894 Judas
1220 4840 1409 4895 Jacobi
1458 4841 1678 4897 frater:
1721 4862 1737 4893 ι
1781 4844 1844 4897 1ῐί
1896 4857 2010 4899 sunt

2123 4852 2312 4920 εἴπῃςο
2349 4848 2412 4899 Τί
2446 4847 2694 4916 ἐγένετο,
2723 4846 2804 4898 ὅτι
2836 4846 2890 4897 αἱ
2918 4843 3122 4913 ἡμέραι
3169 4844 3223 4894 al
3254 4841 3512 4920 πρότερον
3536 4829 3667 4919 ﬁcu

450 4936 910 4993 murmuratores,
941 4930 1247 4999 querulOsi,
1279 4932 1581 4986 secundum
1613 4935 1865 5002 proprias
1890 4951 2021 4990 con-

451 5020 819 5091 cupiscentias
847 5020 1211 5085 ambulantes,
1236 5029 1291 5076 et
1335 5036 1398 5075 os
1439 5038 1630 5077 eorum
1661 5025 1905 5094 loquitur
1936 5044 2028 5083 su-

450 5113 623 5183 porba
646 5113 714 5166 ⁸³.
753 5131 771 5164 ι
798 5112 909 5168 Nos
938 5112 1126 5183 igitur,
1147 5112 1365 5175 fratres,
1394 5113 1494 5182 ipsi
1528 5114 2025 5185 interquiescamus

452 5222 482 5260 a
508 5206 967 5271 murmuratione;
982 5216 1039 5262 et
1056 5206 1188 5276 quid
1208 5207 1653 5278 Philippensibus
1670 5211 1871 5267 Paulus
1884 5215 2024 5268 seri-

524 5320 570 5353 τ’
595 5318 768 5374 Exod.
800 5336 911 5385 xvr,
950 5320 1002 5375 8.
1077 5321 1123 5354 ⁸⁰
1159 5321 1331 5377 Exod.
1372 5337 1502 5385 xvu,
1533 5321 1587 5375 ἓ.
1662 5320 1701 5352 ⁸³
1738 5322 1839 5377 lsa.
1870 5341 1924 5385 τ,
1953 5323 2010 5377 2i

2120 5323 2165 5355 ⁸³
2192 5323 2295 5377 lsa.
2327 5336 2473 5384 xxtx,
2501 5319 2617 5383 26,
2698 5318 2744 5351 ⁸³
2778 5316 2928 5372 Psal-
2953 5332 3040 5380 cv,
3075 5314 3165 5369 25.

453 5390 510 5446 8.
584 5390 631 5422 ⁸³
662 5391 790 5446 Jud.
828 5392 910 5445 16.

2131 4915 2331 5007 ἀγαθαὶ
2352 4939 2495 5007 ὑπὲρ
2517 4938 2720 4999 ταύτας
2741 4954 2754 5001 ;
2782 4936 2897 4988 Οὔκ
2922 4937 2979 4988 ἐν
3006 4934 3165 5004 σοφία
3182 4915 3665 5001 ἐηρὼτῆσανήπερὶ

2136 5032 2344 5085 τούτου.
2375 5048 2392 5081 ι
2432 5031 2512 5081 Τὰ
2536 5029 2592 5081 δὲ
2625 5027 2826 5096 ἔγγονα
2852 5026 2959 5078 τῶν
2984 5024 3323 5093 γογγυστῶν,
3352 5024 3399 5074 οί
3423 5020 3664 5088 Γραμμαο

2134 5125 2245 5183 rei;
2282 5122 2376 5173 καὶ
2404 5120 2452 5173 οἱ
2481 5106 2789 5188 Φαρισαῖοι,
2833 5115 2971 5183 πρὸς
3020 5115 3147 5177 τοὺς
3178 5112 3427 5184 μαθητὰς
3455 5104 3542 5160 τοῦ
3567 5103 3662 5154 Κυο

2134 5213 2272 5283 ρίου,
2302 5210 2443 5264 κατὰ
2471 5208 2531 5261 τδ
2581 5207 2770 5269 εἰωθός
2824 5207 2930 5259 τῶν
2968 5205 3220 5275 πατέρων
3254 5201 3429 5256 αὐτῶν
3457 5194 3661 5289 ἐγόγῖυο

3264 5312 3309 5344 ⁸⁸
3335 5308 3472 5366 Psal.
3501 5311 3657 5358 cxtm.

1751 5462 1986 5516 VAllIIE
2022 5459 2428 5515 LliCTlO’NES.

544 5569 569 5598 ε
591 5558 757 5627 Ἀνὴρ
788 5558 1105 5627 ἐπιστήμων
1143 5559 1205 5610 ού
1245 5558 1526 5627 γογγύσει.
1556 5559 1648 5613 Vir
1682 5559 1944 5628 prudens,
2004 5575 2010 5610 ι

2112 5576 2117 5605 ε
2180 5557 2391 5627 peritus
2417 5570 2523 5609 non
2567 5551 2952 5613 murmurabit,
2987 5557 3041 5604 et
3078 5563 3184 5603 non
3224 5536 3556 5601 contristabit
3585 5532 3660 5602 iu'

2012 5696 2210 5749 ἱΟΤτΕ.

648 5694 663 5700 ”
783 5694 798 5699 ⁷
2012 5696 2070 5743 Ὃ
2129 5726 2145 5749 ,ν
2178 5732 2210 5748 ι.
3208 5707 3217 5715 ’

504 5768 604 5823 ‘fm
639 5767 771 5833 Aug.
810 5768 864 5821 in
892 5765 1177 5839 Joannem.
1212 5769 1284 5822 De
1327 5771 1473 5824 nulla
1507 5787 1562 5825 re
1596 5767 1765 5839 magis
1809 5694 2118 5821 (ramulis:
2148 5695 2326 5819 ficum
2372 5765 2576 5823 dicitur
2601 5762 2859 5834 judairus
2892 5761 2982 5815 ille
3003 5757 3259 5829 populus,
3296 5765 3450 5826 quam
3490 5745 3662 5799 com"

455 5637 601 5687 stam
631 5629 901 5700 quidquid
925 5632 973 5683 ei
999 5629 1281 5683 acciderit.

462 5837 634 5891 Deum
679 5838 1093 5891 murmuraudo.
