3986 6148
492 283 629 351 1535

487 395 622 452 dent
657 393 873 451 fructus
902 395 1024 465 ejus
1047 393 1110 448 “.
1148 415 1164 446 δ
1193 393 1428 450 Iacobus

488 488 782 558 religiosus
821 501 965 550 esse,
997 500 1110 540 non
1149 485 1448 541 refrmnans
1482 487 1721 558 linguam
1750 505 1930 554 suam,
1967 489 2066 544 sed

489 577 763 632 seducens
816 590 912 630 cor
961 591 1144 640 suum,
1189 577 1355 646 huius
1405 593 1546 632 vana
1593 590 1677 633 est
1731 579 1920 650 religio
1943 581 2009 635 ³⁸.
2045 601 2063 634 ι

491 669 767 724 lnducit‘:
817 687 836 718 ι
886 668 1028 722 Ecce
1076 677 1316 736 quantus
1368 670 1539 738 ignis,
1593 686 1756 739 quam
1816 688 2068 741 magnam

490 759 682 812 silvam
718 758 966 812 incendit
991 759 1078 812 κί’
1107 779 1124 810 ι
1159 760 1226 813 Et
1255 779 1268 813 :
1301 779 1319 811 ι
1348 760 1558 831 Lingua
1593 763 1755 832 ignis,
1792 765 2069 818 universi-

494 855 576 903 tas
628 849 942 917 iniquitatis
979 850 1044 902 ".
1099 868 1118 900 ι
1161 850 1272 904 Et:
1315 869 1332 901 ι
1369 851 1576 921 Lingua
1621 855 1980 908 constituitur
2013 857 2067 909 in

493 939 760 994 membris
811 940 1046 1005 nostris,
1094 957 1216 1009 quae
1260 943 1495 996 maculat
1541 953 1715 996 totum
1760 961 1980 1013 corpus.
2016 956 2072 1002 et

497 1029 801 1084 inflammat
832 1039 1005 1084 rotam
1039 1034 1342 1088 nativitatis
1371 1043 1572 1089 nostra:
1594 1035 1638 1068 ³⁸
1701 1055 1718 1086 ›
1756 1036 2072 1106 Liquetpcr

495 1119 605 1175 hoc
637 1121 865 1191 intelligi
892 1123 1236 1191 temporariae
1269 1125 1426 1177 istius
1459 1127 1580 1179 vitre
1614 1135 1910 1185 momenta.
1945 1128 2070 1199 qui-

498 1209 606 1266 bus
640 1211 755 1280 ipsa
794 1227 1008 1266 sursum
1042 1213 1303 1267 deorsum
1344 1217 1706 1283 provolvitur.
1743 1217 1882 1282 Quid
1921 1219 2072 1272 enim

500 1299 744 1355 hominis
776 1303 888 1355 vita
938 1303 1084 1356 aliud
1131 1321 1293 1373 quam
1333 1315 1450 1360 rota
1481 1323 1617 1375 qua.»
1635 1309 1849 1376 perpeti
1892 1318 2072 1364 rotatu

499 1392 796 1445 versatur?
824 1391 930 1447 Sed
979 1403 1034 1448 et
1083 1395 1274 1449 eadem
1327 1395 1696 1452 inflammatur
1727 1413 1759 1452 a
1798 1399 2069 1468 gehenna.

1756 287 2122 374 ANTIOCHI
2164 289 2509 350 MONACHI

1472 409 1488 449 :
1529 414 1544 444 ι
1579 394 1633 449 Si
1685 397 1808 464 quis
1848 397 2069 452 videtur

2187 399 2498 452 catillatum.
2547 400 2603 452 ὲν
2657 399 2767 461 τοῖς
2816 397 3031 466 μέλεσιν
3061 397 3236 465 ἡμῶν,
3265 397 3300 466 ἠ
3337 396 3608 452 σπιλοῦσα
3634 402 3731 454 ὅλον

3615 283 3638 347 1
3649 289 3732 351 5ἓὸ

2170 490 2230 542 τὸ
2283 490 2463 560 σῶμα,
2504 490 2596 542 καὶ
2656 486 2986 556 φλογίζουσα
3035 487 3126 540 τὸν
3176 488 3379 556 τροχὸν
3427 487 3532 556 τῆς
3575 495 3732 561 γεννή.

2171 597 2328 642 σεως.
2362 600 2380 632 ι
2414 580 2652 650 Εὔδηλον
2695 581 2776 633 ὅτι
2811 578 2903 632 τὸν
2938 579 3131 649 χρόνον
3160 579 3257 648 τῆς
3292 579 3450 647 ζωῆς
3477 582 3509 648 ἠ
3521 580 3650 650 μῶν.
3684 583 3728 638 '0

2171 673 2280 742 γὰρ
2329 673 2440 742 βίος
2468 672 2562 724 τοῦ
2616 658 2930 741 ἀνθρώπου,
2963 671 3158 740 τροχὸς
3192 671 3729 740 ὑπάρχειάνακυλοί-

2175 783 2358 832 μενος,
2389 766 2482 816 καὶ
2527 756 2915 831 φλογεζὸμενος
2940 763 3045 816 ὑπὸ
3072 762 3171 831 τῆς
3202 765 3452 830 γεέννης.
3480 763 3554 816 Φύ
3573 781 3722 835 τωμεν

2171 841 2285 913 οὖν,
2349 856 2604 924 ἀδελφοὶ,
2659 857 2749 908 τὸν
2797 855 3163 924 ψιθυρισμὸν,
3215 855 3302 908 ἵκει
3369 856 3446 924 μὴ
3520 859 3729 928 στερήσἩ

2173 949 2320 1014 ἡμᾶς
2361 947 2453 1000 τοῦ
2479 947 2833 1015 παραδείσου,
2861 947 2956 998 καὶ
2987 946 3337 1016 παραπέμῲῃ
3365 949 3450 998 si:
3486 947 3582 1016 τὴν
3602 950 3729 1014 γέεν-

2171 1015 2270 1089 ναν
2302 1036 2398 1088 τοῦ
2431 1037 2625 1106 πυρός.
2655 1035 2962 1102 Ψιθυρίσας
2983 1035 3090 1104 γὰρ
3133 1037 3159 1086 ὁ
3193 1015 3344 1103 ὕφες,
3384 1015 3730 1103 ἐξέϐαλε-κῆν

2173 1125 2320 1177 Εὔαν
2365 1127 2429 1178 ὲκ
2459 1125 2554 1176 τοῦ
2600 1125 2932 1192 παραδείσου
2957 1139 2969 1152 ·
3003 1123 3187 1176 καθώς
3217 1141 3302 1184 τις
3337 1123 3520 1191 Σοφδς
3560 1127 3726 1193 φησίν·

2180 1229 2199 1261 ι
2224 1212 2509 1280 Μακάριος
2549 1211 2606 1272 ὃς
2652 1213 2709 1262 ἐν
2735 1211 2954 1280 γλώσσῃ
2979 1212 3077 1264 οὐκ
3105 1212 3418 1281 ὁλίσθησεν.
3449 1232 3467 1262 ι
3506 1213 3609 1278 καὶ
3645 1216 3728 1265 πά-

2174 1299 2257 1352 λιν
2284 1318 2296 1330 ·
2335 1319 2352 1349 ι
2383 1301 2663 1364 Μακάριος
2690 1301 2716 1349 ὁ
2750 1300 3076 1362 σκεπασθεὶς
3101 1301 3208 1353 ἀπὸ
3249 1300 3554 1372 προσώπου
3587 1301 3729 1369 γλώσ-

2178 1405 2276 1457 σης
2303 1405 2316 1418 ·
2341 1408 2357 1439 ι
2389 1374 2524 1442 Καί·
2560 1408 2577 1440 ι
2617 1389 2917 1458 Ὀλίσθημα
2943 1391 3051 1443 ἀπὸ
3079 1392 3312 1456 ἐδάφους
3345 1392 3549 1459 μᾶλλον
3568 1381 3616 1460 ’ἢ
3643 1392 3727 1444 ἀπὸ

501 1481 954 1538 Susurrationem
1015 1485 1236 1554 itaque,
1310 1487 1542 1548 fratres,
1603 1504 1766 1556 quam
1837 1489 2072 1544 maxime

2187 1478 2446 1545 γλώσσης.
2467 1489 2493 1530 ἰ
2527 1480 2634 1532 Καὶ
2661 1481 2688 1531 ὁ
2741 1481 2954 1542 Παῦλος
2985 1497 2996 1508 ·
3048 1501 3064 1530 ι
3095 1483 3308 1549 Μήπως
3333 1483 3394 1532 ὲν
3439 1483 3566 1550 ὑμῖν
3589 1482 3725 1551 ἕρεις,

502 1571 798 1642 fugiamus,
826 1581 974 1630 utne
997 1590 1096 1628 nos
1123 1576 1443 1630 ammnitate
1468 1577 1644 1645 privet
1669 1578 1926 1646 paradisi,
1950 1593 2076 1632 nos-

2187 1567 2360 1638 ζῆλος,
2390 1569 2560 1638 θυμὸς
2604 1570 2859 1638 ἐριθεῖαι,
2893 1572 2988 1622 καὶ
3016 1571 3366 1628 καταλαλιαὶ.
3410 1572 3722 1641 ψιθυρισμοί.

504 1676 612 1731 que
663 1665 1000 1719 transmittat
1057 1665 1111 1718 in
1169 1665 1477 1734 gehennam
1541 1667 1701 1736 ignis.
1761 1667 1874 1722 Suo
1924 1669 2071 1722 enim

2187 1659 2495 1728 φυσιώσεις,
2534 1680 2550 1710 ι
2591 1662 2682 1713 καὶ
2715 1662 2781 1714 τὰ
2807 1663 2954 1730 ἑξῆς.
2979 1664 3046 1714 ’Ὀ
3071 1663 3125 1714 δὲ
3161 1663 3366 1734 Κύριός
3395 1680 3557 1732 φησιν
3579 1678 3592 1694 ·
3632 1679 3649 1712 ι
3679 1661 3725 1713 '0

505 1753 758 1808 susurrio
789 1771 1019 1824 serpens
1065 1757 1154 1810 ille
1184 1757 1351 1810 Evam
1398 1758 2079 1824 tranquillitate'exelusit

2187 1754 2383 1821 ἀγαθὸς
2407 1755 2501 1808 ἀνθ
2513 1772 2692 1824 ρωπος
2721 1758 2782 1807 ἐκ
2805 1728 2898 1808 tofi
2923 1754 3129 1822 ἀγαθοῦ
3172 1728 3468 1825 θησαυροῦ⁷
3486 1755 3581 1824 τῆς
3601 1769 3725 1822 καρ-

504 1843 769 1912 para'disi.
807 1845 886 1898 Ad
904 1860 1023 1900 eam
1048 1842 1339 1899 form'ulam
1363 1847 1584 1915 quidam
1623 1848 1882 1917 Sapiens:
1905 1868 1920 1898 ι
1945 1847 2082 1902 Bea-

2187 1847 2302 1909 δίας
2349 1847 2514 1900 αὑτοῦ
2560 1848 2858 1916 προσφέρει
2889 1848 2948 1899 τὺ
2973 1846 3178 1913 ἀγαθόν
3201 1864 3214 1876 ·
3240 1848 3268 1898 ὁ
3294 1846 3356 1898 δὲ
3385 1845 3616 1912 πονηρὸς
3651 1845 3726 1897 ἀνι

505 1933 598 1987 tus
616 1931 711 2002 qui
735 1948 844 1987 non
867 1943 950 1988 est
971 1935 1157 2003 lapsus
1189 1925 1369 2005 lingua
1395 1937 1458 1988 ³⁸.
1501 1955 1518 1986 ι
1553 1937 1660 1990 Et:
1701 1956 1718 1988 ι
1755 1937 1956 1992 Beatus
1986 1937 2082 2008 qui

2187 1936 2400 2006 Βρωπος
2447 1940 2513 2015 ἐπε
2557 1937 2652 1990 τοῦ
2717 1936 2958 2006 πονηροῦ
3014 1937 3115 2004 τῆς
3162 1937 3398 2002 καρδίας
3446 1935 3606 1989 αὑτοῦ
3651 1937 3724 1986 ὲκ-

505 2031 792 2094 protectus
819 2034 904 2080 est
931 2041 960 2080 a
1003 2026 1144 2081 faeie
1186 2027 1386 2094 lingua:
1408 2029 1473 2081 ‘°.
1503 2047 1522 2078 ι
1553 2028 1618 2081 Ει
1651 2045 1664 2080 :
1709 2047 1726 2078 ι
1761 2029 1819 2082 In
1852 2030 2079 2084 humum

2187 2030 2368 2084 Βάλλει
2396 2031 2461 2083 τὰ
2503 2032 2736 2099 πονηρά.
2783 2030 2877 2081 Ἐκ
2905 2028 3012 2100 γὰρ
3041 2028 3134 2080 τοῦ
3183 2028 3620 2099 περισσεύματος
3643 2025 3725 2092 τῆς

505 2112 615 2168 labi
661 2125 910 2183 praestat,
957 2132 1120 2186 quam
1170 2132 1199 2171 a
1244 2118 1448 2176 lingua.
1498 2137 1516 2168 ›
1556 2117 1756 2174 Paulus
1801 2121 2076 2188 proinde:

2187 2123 2409 2192 καρδίας
2453 2121 2514 2176 τὸ
2561 2123 2736 2190 στόμα
2791 2121 3009 2175 λαλεῖ.»
3049 2121 3208 2191 Αὐτῷ
3251 2124 3285 2192 ἡ
3339 2121 3466 2184 δόξα
3512 2121 3586 2180 εἰς
3617 2115 3732 2176 τοὺς

513 2221 534 2255 ι
571 2205 651 2258 Ne
690 2205 831 2260 forte
869 2207 1013 2261 inter
1047 2223 1145 2262 vos
1188 2207 1301 2263 sint
1333 2208 1739 2269 contentiones,
1771 2211 2079 2265 :cmulatio-
2146 2214 2398 2288 \aid'wag.
2444 2215 2640 2284 ’Ᾱμήν.

507 2314 640 2356 nes.
717 2302 1119 2365 animositates,
1190 2303 1595 2366 dissensiones,
1671 2304 2074 2368 detractiones.
2119 2309 2542 2372 susurrationes,
2591 2308 2900 2364 inﬂationes
2964 2309 3042 2376 ";
3089 2327 3107 2360 ι
3179 2317 3237 2363 et
3278 2325 3404 2378 quae
3442 2305 3621 2361 ordine
3646 2319 3720 2358 se-

509 2401 776 2462 quuntur.
825 2395 1091 2448 Dominus
1136 2409 1301 2464 porro
1331 2395 1449 2448 ait:
1517 2413 1535 2446 ι
1605 2395 1788 2450 Bon’us
1835 2399 1998 2451 homo
2050 2399 2119 2454 de
2157 2400 2303 2455 bono
2359 2402 2617 2456 thesauro
2673 2401 2859 2456 cordis
2917 2401 3001 2454 sui
3050 2401 3264 2470 profert
3299 2402 3523 2462 bonum,
3569 2394 3734 2448 malus

507 2493 690 2540 autem
728 2485 896 2540 homo
947 2485 1015 2540 de
1057 2486 1200 2540 malo
1254 2485 1510 2540 thesauro
1566 2487 1716 2558 ejicit
1767 2489 1940 2556 mala;
1983 2506 2048 2544 ex
2089 2491 2425 2548 abundantia
2472 2493 2618 2548 enim
2659 2491 2846 2548 cci-dis
2913 2507 2975 2548 os
3029 2492 3278 2562 loquitur
3303 2493 3371 2548 δ’.
3407 2509 3426 2543 ι
3455 2485 3728 2550 immortali
3813 2487 3819 2492 ’

509 2578 623 2634 Deo
654 2578 725 2638 sit
749 2579 920 2649 gloria
946 2579 1000 2633 in
1025 2579 1242 2634 saacula.
1274 2582 1470 2634 Amen.

919 2715 1132 2784 1080
1172 2714 1453 2770 llOMlLlA
1485 2716 1674 2772 XXXI.

518 2823 583 2879 Ut
597 2840 660 2878 ne
673 2823 882 2878 delator
899 2825 1149 2880 auerulus
1160 2831 1252 2890 sis,
1265 2837 1356 2880 aut
1375 2829 1705 2897 importunus
1722 2831 2084 2898 reprehensor.

583 2957 662 3013 Ne
683 2959 995 3028 quempiam
1021 2961 1240 3016 incuses
1260 2969 1353 3015 aut
1370 2961 1584 3016 deferas
1605 2941 2086 3033 intempestiviter,

2785 2719 3002 2773 ΛΟΓΟΣ
3031 2720 3066 2771 Α
3076 2721 3148 2771 A"

2567 2827 2708 2896 Περὶ
2743 2828 2848 2881 τοῦ
2883 2826 2970 2896 μὴ
3005 2827 3372 2898 μέμφεσθαι.

2256 2958 2328 3010 Τὸ
2361 2957 2677 3027 μέμφεσθαι
2706 2957 2951 3028 ἀκαίρως
2977 2959 3071 3011 καὶ
3099 2941 3470 3036 ἀνεξετάστως
3489 2996 3503 3020 ,
3534 2952 3710 3023 ἀπηγᾶ-

515 3064 624 3103 neu
663 3049 730 3103 de
761 3065 820 3104 re
861 3050 970 3104 ulla
1005 3050 1326 3118 dequeraris
1359 3067 1468 3106 non
1509 3053 1642 3107 satis
1671 3069 1830 3123 aequo
1867 3056 2082 3109 exami-

2192 3036 2376 3120 psbtat
2417 3049 2566 3118 παρὰ
2599 3053 2664 3120 τῇ
2706 3049 2824 3120 θείᾳ
2870 3051 3082 3118 Γραφῇ,
3139 3051 3186 3102 εί
3227 3051 3478 3118 μήπουγε
3531 3047 3623 3115 ἄρα
3643 3059 3708 3102 τις

519 3154 590 3193 ne
623 3155 914 3210 perpensa,
937 3140 1233 3196 interdicto
1271 3143 1554 3212 Scriptura
1585 3146 1750 3208 cavit,
1795 3147 1900 3200 nisi
1942 3146 2084 3203 forte

517 3231 566 3285 si
599 3231 723 3300 quis
765 3231 1029 3285 adversus
1064 3233 1374 3300 proximum
1419 3236 1764 3304 querimonia
1793 3237 1874 3290 uti
1912 3239 2081 3302 volet,

521 3328 582 3374 ut
629 3320 677 3374 is
712 3320 779 3374 ad
820 3321 922 3374 via:
961 3321 1346 3376 rectitudinem
1379 3338 1438 3377 se
1482 3325 1746 3393 recipiat.
1787 3324 1890 3392 Qui
1937 3327 2085 3381 enim

519 3411 616 3466 Dei
652 3411 786 3465 illud
812 3411 1128 3466 mandatum
1176 3423 1462 3468 reveretur
1502 3416 1646 3484 quod
1679 3427 1764 3472 est
1799 3435 1812 3472 :
1859 3437 1876 3468 ι
1906 3418 2086 3475 Nolite

520 3499 914 3566 condemnare,
958 3511 1018 3557 ut
1050 3519 1118 3558 ne
1169 3503 1610 3560 condenmemini
1643 3507 1708 3570 ",
1741 3526 1758 3558 ι
1804 3523 1932 3563 suos
1970 3509 2086 3578 ipse

518 3594 770 3648 defectus
818 3610 926 3648 non
980 3595 1281 3650 oscitanter
1339 3598 1624 3666 perspicit.
1662 3597 1764 3653 Vis
1818 3601 2088 3656 credibile

521 3700 686 3755 quam
715 3685 787 3739 sit
810 3685 1014 3738 homini
1044 3685 1524 3750 detrimentosum,
1543 3697 1648 3742 tam
1671 3697 1942 3743 attentum
1967 3706 2090 3746 esse

519 3787 576 3834 ct
605 3779 840 3832 alacrem
872 3778 938 3832 ad
969 3779 1203 3832 aliorum
1231 3779 1546 3834 contuenda
1572 3771 1736 3843 atque
1770 3781 2089 3850 expenden-

518 3869 588 3924 da
624 3879 825 3932 errata,
851 3870 966 3924 suis
991 3870 1210 3924 interim
1242 3869 1446 3924 debitis
1485 3886 1582 3939 per
1613 3871 1960 3925 oscitantiam
1992 3888 2086 3928 ne-

522 3963 735 4034 glectis.
772 3963 908 4016 Dum
957 3963 1106 4016 enim
1155 3971 1262 4016 tam
1311 3978 1373 4017 es
1417 3962 1653 4016 aliorum
1693 3964 2090 4033 deprehensor,

521 4055 789 4123 querulus
815 4063 910 4108 aut
937 4054 1176 4119 delator,
1230 4054 1370 4108 nihil
1401 4053 1588 4108 dubiis
1618 4057 1964 4124 argumentis
2017 4067 2097 4112 te—

517 4143 703 4214 ipsum
730 4145 976 4200 declaras
1015 4145 1349 4214 inculpatum
1393 4160 1518 4199 esse
1544 4154 1602 4200 et
1631 4128 2093 4215 i'rreprehensibi-

523 4236 652 4290 lem.
683 4236 857 4297 Hunc,
877 4220 1129 4304 quisquis
1143 4236 1411 4303 eiusmodi
1430 4244 1534 4297 est,
1551 4235 1921 4291 infensissime
1939 4253 2096 4292 aver-

416 4348 418 4350 '
515 4339 676 4382 satur
699 4327 865 4390 Deus,
897 4335 954 4380 et
983 4343 1013 4382 a
1043 4317 1100 4381 ἕο
1125 4327 1340 4396 repellit
1368 4343 1530 4397 quam
1565 4327 1902 4398 longissime.
1931 4327 2088 4393 Quod

2190 3139 2324 3208 πρὸς
2367 3139 2742 3208 ἐπανόρθωσιν
2777 3137 2870 3192 τοῦ
2896 3139 3220 3208 ἐπταικότος
3260 3138 3330 3192 δι’
3377 3137 3580 3206 ἀγάπην
3609 3131 3708 3202 βού-

2187 3231 2330 3286 λοιτο
2369 3233 2592 3304 τοιαύτῃ
2625 3233 2826 3302 μέμψει
2856 3225 2992 3305 προς
3035 3235 3128 3286 τὸν
3152 3233 3382 3304 πλησίον
3419 3227 3704 3302 χρήσασθαι.

2203 3322 2260 3373 '0
2292 3321 2401 3392 γὰρ
2423 3321 2609 3384 δεδιὼς
2640 3323 2874 3390 μάλιστα
2910 3321 3011 3392 τὴν
3040 3321 3256 3390 ἐντολὴν
3281 3321 3378 3374 τοῦ
3403 3319 3606 3388 Κυρίου,
3631 3313 3708 3381 τὴν

2189 3413 2456 3482 λέγουσαν
2493 3431 2507 3444 ·
2557 3433 2576 3466 ι
2615 3414 2704 3485 Μὴ
2747 3415 3173 3476 καταδικάσετε,
3207 3415 3296 3466 ἵνα
3340 3415 3412 3484 μὴ
3462 3407 3702 3464 καταδικσ·

2192 3503 2391 3572 σθῆτε,
2452 3523 2470 3556 ι
2520 3505 2589 3558 τά
2647 3504 2841 3556 ἑαυτοῦ
2885 3503 3244 3572 ἐλαττώματα
3277 3507 3386 3576 ὁρᾷ
3419 3502 3508 3556 καὶ
3542 3501 3603 3552 τὰ
3633 3493 3705 3548 τοῦ

2192 3597 2418 3664 πλησίον
2447 3598 2684 3668 παρορᾷ.
2733 3596 3056 3659 Ἐπιόλαῆὲς
3099 3597 3209 3665 γὰρ
3233 3595 3501 3666 ἀνθρώπῳ
3525 3587 3706 3644 καταλι-

2193 3689 2314 3739 πεῖν
2339 3687 2407 3740 τὰ
2441 3687 2630 3742 ἑαυτοῦ
2677 3686 2966 3755 ὀφλήματα
2989 3727 3004 3751 ,
3040 3688 3130 3739 καὶ
3168 3687 3455 3757 προσέχειν
3502 3681 3706 3746 ἀλλότρια

2193 3776 2570 3845 ἐλαττώματα.
2604 3778 2676 3829 Τὸ
2703 3779 2810 3846 γὰρ
2841 3777 3032 3839 ἄλλους
3068 3776 3402 3845 μέμφεσθαι,
3429 3771 3572 3842 δῆλόν
3593 3771 3706 3820 ἔστιν

2193 3870 2274 3922 ὅτι
2301 3869 2493 3922 ἑαυτὸν
2519 3871 2805 3938 ἄμεμπτον
2837 3869 3236 3923 ἀποδείκνυσιν.
3272 3869 3436 3922 Ὅθεν
3461 3865 3542 3917 τὸν
3569 3854 3706 3912 τοιοῦο

2193 3977 2284 4013 τον
2323 3961 2351 4012 ὁ
2390 3960 2522 4022 Θεὸς
2563 3961 2732 4030 ἄρδην
2779 3957 3202 4029 ἀποστρέφεται.
3255 3958 3321 4011 Εἰ
3363 3959 3417 4012 δὲ
3452 3954 3537 4008 καὶ
3567 3945 3704 4014 θλῑψις

2195 4053 2486 4124 ἐπέρχεταί
2515 4071 2595 4105 σοι
2625 4053 2810 4106 ἕνεκεν
2841 4051 2936 4104 τοῦ
2977 4051 3224 4119 πλησίον,
3267 4049 3541 4112 κατάδεξαι
3571 4037 3705 4101 αὑτίέν

2195 4147 2270 4210 ὡς
2305 4146 2440 4214 σὴν,
2475 4147 2570 4198 καὶ
2612 4145 2710 4197 οὐκ
2758 4143 3065 4213 ἀλλοτρίαν.
3099 4145 3162 4196 Et
3193 4144 3248 4196 δὲ
3299 4141 3574 4205 ἀντιτάσσῃ
3613 4129 3702 4214 cui;

2199 4213 2548 4304 σκυθρωπαῖς
2599 4235 2906 4302 ἐπιφοραῖς,
2943 4233 3034 4284 καὶ
3079 4231 3524 4300 ἄλλους-μέμφῃ,
3550 4221 3612 4282 ὡς
3629 4213 3704 4267 οὑκ

2197 4322 2366 4387 οἶδας,
2400 4328 2464 4394 τῇ
2501 4325 2746 4377 κελεύσει
2783 4325 2878 4376 τοῦ
2915 4322 3047 4378 Θεοῦ
3079 4325 3371 4394 ἀντιμάχῃ.
3419 4321 3527 4373 Ἐὰν
3551 4313 3595 4366 δὲ
3628 4323 3702 4359 κδ’

515 4418 566 4474 si
611 4418 892 4487 quidpiam
940 4426 992 4471 te
1035 4417 1314 4472 adorietur
1359 4396 1600 4472 adversa:
1643 4396 2022 4472 tribulationis
2063 4435 2084 4473 a

2199 4415 2393 4487 ταδὲξῃ
2419 4456 2434 4479 ,
2465 4416 2622 4482 δῆλον
2663 4416 2744 4468 ὅτι
2773 4414 3062 4481 ὑπομένεις
3106 4415 3198 4467 τὸν
3229 4414 3450 4484 Κύριον.
3481 4406 3573 4461 Καὶ
3608 4396 3704 4466 περὶ
3795 4438 3801 4444 ι

520 4511 774 4579 proximo
808 4510 1076 4573 excitatae,
1112 4511 1250 4563 hanc
1281 4509 1404 4563 vide
1441 4518 1498 4562 ut
1539 4509 1684 4562 feras
1733 4509 1891 4578 quasi
1936 4517 2085 4563 tuam

531 4615 640 4653 non
673 4611 731 4654 ut
759 4600 1016 4656 alienam.
1049 4601 1264 4655 Etenim
1295 4602 1426 4656 dum
1461 4602 1842 4670 impatientius
1899 4601 2097 4656 confli-

523 4691 693 4744 exaris
715 4691 1004 4746 adversum
1029 4707 1122 4746 eas
1145 4707 1267 4761 quae
1285 4700 1334 4746 te
1364 4692 1719 4747 vehementer
1737 4691 1942 4760 alioqui
1968 4707 2093 4760 pre-

526 4789 688 4835 munt
726 4782 995 4836 violentas
1041 4783 1450 4852 impressiones,
1485 4793 1542 4836 et
1580 4784 1718 4838 alios
1745 4784 1965 4838 interim
2009 4783 2098 4837 in-

521 4886 706 4934 cusas,
737 4871 892 4940 quasi
921 4873 1012 4940 qui
1045 4889 1150 4926 non
1181 4875 1331 4927 noris
1359 4889 1453 4928 eas
1484 4875 1580 4929 Dei
1609 4875 1816 4928 indicio
1843 4875 2100 4944 contigis-

525 4978 588 5017 se
621 4980 632 5016 :
660 4964 768 5031 jam
811 4972 866 5016 tu
899 4962 1098 5017 divinre
1144 4964 1436 5019 reluctaris
1462 4965 1851 5020 admonitioni.
1899 4964 1993 5019 Sin
2042 4976 2095 5020 tu

527 5071 623 5110 eas
653 5071 806 5124 asquo
843 5055 1044 5108 toleras
1073 5055 1276 5120 animo,
1317 5057 1478 5125 plane
1519 5058 1693 5126 liquet
1738 5067 1788 5111 te
1819 5059 2093 5112 sustinere

527 5147 842 5203 Dominum.
879 5143 1084 5203 [laede
1145 5163 1203 5202 re
1271 5149 1435 5203 docet
1501 5165 1603 5203 nos
1667 5149 2097 5204 Parmmiastes:

532 5257 554 5290 ε
593 5239 912 5308 Priusquam
945 5241 1370 5302 examinaveris,
1395 5256 1460 5294 ne
1503 5241 1872 5309 reprehendas
1901 5257 2096 5311 quem-

525 5347 692 5399 quam
727 5331 794 5386 de
844 5331 929 5385 his
959 5347 1078 5400 quae
1125 5347 1256 5386 aure
1303 5332 1566 5396 didicisti,
1611 5333 1707 5388 sed
1745 5341 1800 5388 et
1853 5333 2094 5404 intellige

531 5423 794 5494 primum,
843 5431 971 5478 tunc
1001 5423 1220 5493 increpa
1254 5423 1296 5454 “
1324 5440 1338 5489 ;
1372 5425 1691 5494 priusquam
1726 5423 1990 5489 audieris,
2030 5441 2098 5480 ne

1224 5601 1401 5655 “Jac.
1446 5619 1481 5658 ι.
1507 5603 1596 5656 Ξῑῖ.
1677 5603 1718 5634 ³⁵
1739 5603 1850 5656 Jac.
1885 5617 1958 5662 ιιι,
1990 5601 2042 5651 :‘i.

1296 5673 1337 5702 ’⁸⁵
1371 5673 1552 5726 Matth.
1589 5689 1680 5738 xu,
1709 5674 1903 5736 3i,.'i?i.

607 5601 648 5630 "‘
683 5602 840 5655 l’rnv.
873 5617 1017 5662 XYHI,
1055 5603 1143 5655 2|.

531 5666 628 5721 23.
706 5673 742 5701 "
776 5671 817 5724 ll
848 5672 973 5725 (lor.
1010 5689 1101 5730 sit.
1128 5673 1214 5724 εἶθ.

2119 5598 2162 5629 ³⁷
2196 5598 2328 5652 ibid.
2371 5599 2424 5660 6,

1981 5669 2024 5698 ⁵³
2063 5669 2196 5722 Luc.
2223 5685 2292 5734 γι,
2317 5669 2402 5723 '57.

2186 4509 2373 4561 τούτου
2397 4508 2635 4561 διδάσκει
2657 4508 2800 4576 ἡμᾶς
2825 4507 2853 4558 ὁ
2876 4507 3305 4580 Παροιμιαστὴς,
3335 4506 3498 4572 λέγων
3523 4511 3574 4544 ”“ι
3601 4490 3703 4558 Πρὶν

2191 4598 2466 4664 ἐξετάσαι,
2503 4598 2575 4669 μή
2611 4597 2799 4667 μέμψῃ
2824 4597 2890 4650 δι’
2928 4598 3116 4662 ἀκοῆς·
3144 4595 3278 4649 ἀλλά
3309 4598 3489 4667 νόησον
3518 4584 3698 4654 πρῶτον.

2195 4692 2288 4745 καὶ
2317 4692 2435 4743 τότε
2469 4690 2726 4760 ὲπιτίμα·
2765 4689 2896 4758 πρὶν
2931 4688 3184 4751 ἀκοῦσαι,
3221 4687 3296 4760 μὴ
3327 4682 3610 4753 ἀποκρίνου,
3633 4670 3701 4760 καὶ

2197 4785 2254 4836 ὲν
2287 4784 2436 4853 μέσῳ
2462 4759 2636 4848 λόγων
2687 4781 2763 4851 μὴ
2797 4780 3050 4833 ἐπίϐαλλε
3080 4781 3386 4850 ρἦα.⁹’οτι
3411 4778 3604 4831 θάνατος
3633 4759 3698 4813 καὶ

2199 4873 2312 4942 ζωὴ
2357 4872 2414 4923 ὲν
2441 4873 2588 4942 χειρὶ
2629 4870 2898 4940 γλώσσης.
2938 4889 2958 4922 ι
3005 4870 3148 4923 Καί·
3188 4889 3208 4922 ‹
3259 4871 3351 4934 Εἲς
3375 4867 3480 4924 ὦτα
3521 4859 3700 4928 ἄφρονος

2204 4962 2368 5032 μηδὲν
2397 4962 2520 5029 λέγε
2545 5003 2560 5027 ,
2612 4963 2684 5030 μή
2719 4979 2849 5014 ποτε
2887 4962 3201 5032 μυκτηρίσῃ
3231 4962 3356 5023 τοὺς
3388 4948 3606 5011 συνετούς
3629 4953 3698 4992 σου

2199 5054 2408 5118 λόγους.
2448 5074 2464 5104 ι
2498 5055 2605 5106 Καὶ
2634 5055 2820 5124 ἕτερος
2845 5072 2859 5086 ·
2896 5071 2914 5105 ι
2949 5053 3120 5117 Σοφοῦ
3159 5052 3356 5123 καρδία
3388 5037 3568 5112 δέξετάι
3591 5039 3698 5124 ἒνῗξν

2199 5145 2297 5207 λάς
2317 5163 2329 5174 ·
2359 5148 2385 5198 ὁ
2405 5147 2462 5198 δὲ
2491 5146 2619 5200 ἀστε
2633 5163 2719 5214 vo;
2751 5147 3004 5214 χείλεσιν,
3041 5143 3342 5208 σκολιάζων
3371 5119 3698 5224 ὑποσκελισίξή’

2202 5253 2376 5290 σεται.
2421 5255 2438 5288 ι
2475 5237 2634 5304 Λέγει
2658 5237 2716 5289 δὲ
2747 5238 2838 5289 καὶ
2870 5240 2898 5290 ὁ
2939 5233 3376 5306 Ἐκκλησιαστής
3400 5252 3412 5266 ·
3447 5249 3463 5282 ι
3495 5225 3572 5284 Εἰς
3598 5226 3698 5306 ﬁt“

2205 5347 2306 5393 τας
2335 5329 2530 5397 λόγους
2559 5302 2650 5390 bii;
2679 5326 2929 5381 λαλοῦσιν
2962 5329 3012 5380 οἱ
3040 5302 3277 5393 ἀσεϐεῖς,
3323 5302 3394 5396 μὴ
3421 5323 3505 5392 θῇς
3527 5302 3700 5409 “pater

2210 5440 2305 5514 σου
2330 5439 2346 5455 ο
2369 5423 2464 5476 καὶ
2487 5423 2544 5474 ὲν
2571 5421 2816 5492 ταμείοις
2848 5421 3111 5484 κοιτῶνος
3155 5437 3248 5472 σου
3283 5420 3342 5473 οὐ
3375 5419 3442 5487 μὴ
3472 5403 3690 5468 ιιατιιρῖλίσῃ

2503 5598 2545 5630 ³⁸
2576 5597 2710 5651 ibid.
2789 5595 2831 5626 ”
2858 5595 3026 5651 Eccli.
3058 5613 3167 5661 stv,
3197 5596 3242 5649 Ι.
3322 5596 3364 5625 ’θ
3399 5577 3692 5648 Eccli.xxW-'.

2481 5669 2522 5698 “"
2565 5668 2734 5720 Et‘t'll.
2766 5680 2834 5728 XI,
2859 5663 2909 5716 7.
