3986 6148
300 376 433 442 1337

1132 366 1474 436 IIOMILIA
1512 377 1757 437 XXXII.
1782 401 1841 413 --
1880 373 1976 437 DE
2015 360 2699 436 CONTRADICTIONE.

3408 376 3546 443 1538

297 490 553 543 πλούσιον
579 530 591 553 ,
629 489 707 541 ἔτι
737 487 967 539 πετεινδν
994 481 1087 538 τοῦ
1118 483 1359 555 ούρανοῦ
1401 488 1617 541 ἀποίσει
1644 506 1734 541 σου
1765 488 1862 558 τὴν
1894 537 1898 548 ,

1983 487 2317 555 ·εεβοιιι1ειιε,
2351 494 2405 540 ει
2445 483 2498 535 in
2529 484 2712 538 medio
2764 500 3076 541 sermonum
3124 503 3192 541 ne
3252 488 3567 545 interseras’

300 582 509 651 φωνήν,
549 597 564 630 ι
616 579 672 631 ⁸0
716 579 772 630 δὲ
803 578 1008 640 Παῦλος
1029 577 1340 630 ἐπιστέλλει
1370 579 1544 645 λέγων
1568 598 1581 611 ·
1620 598 1637 629 ι
1691 580 1868 632 ’Λδελο

300 674 411 739 spot,
453 672 772 739 ἀνεχόμενοι
801 669 1045 738 ἀλλήλων
1071 711 1086 735 ,
1118 669 1215 723 καὶ
1255 670 1606 739 χαριζόμενοι
1645 673 1870 735 ὲαυτοὺς

299 754 394 817 ἑάν
422 780 505 825 τις
534 763 667 832 πρός
698 778 818 814 τινα
860 762 956 831 ἔχῃ
993 761 1226 831 μορφὴν,
1256 762 1437 824 καθὼς
1470 763 1558 815 καὶ
1586 763 1613 814 ὀ
1637 764 1869 832 Χριστὸς

298 837 592 925 ἐχαρίσατο
629 855 783 922 ἡμῖν,
809 851 980 915 οὕτως
1010 854 1101 907 καὶ
1133 854 1309 922 ὑμεῖς.
1352 855 1474 907 Ἐπῖ
1509 857 1642 906 πᾶσι
1672 840 1725 905 δέ
1747 853 1866 906 τού-

297 960 431 1006 τοις,
465 945 564 1011 τὴν
603 943 857 1010 ἀγάπην,
903 941 931 993 ὃ
960 942 1107 993 ἐστιν
1144 940 1437 1010 σύνδεσμος
1466 941 1560 1009 τῆς
1599 941 1870 1010 τελειότη-

284 1052 411 1096 τος.
472 1054 490 1085 ι
528 1032 821 1102 Γενώμεθα
862 1030 953 1086 οὖν
983 1031 1294 1101 πειθόμενοι
1326 1031 1402 1102 τῷ
1428 1031 1628 1098 Παύλῳ
1651 1033 1871 1085 ἐπαλεί-

300 1141 458 1193 φοντι
510 1125 679 1193 ἡμᾶς,
744 1124 829 1175 ἴνα
886 1124 960 1192 μὴ
1004 1122 1327 1189 ἀκούσωμεν
1382 1121 1530 1190 παρά
1563 1120 1731 1174 Ἰούδα
1776 1119 1868 1172 τοῦ

298 1212 535 1280 ἀδελφοῦ
589 1211 893 1275 ’1ακώ6ου,’
927 1214 1009 1265 ὅτι
1067 1230 1085 1262 ι
1134 1205 1292 1263 Οὗτοί
1352 1214 1489 1263 εἰσιν
1529 1211 1870 1278 γογγυσταί,

303 1303 686 1373 μεμψίμοιροι,
724 1304 865 1355 κατὰ
898 1302 996 1362 τὰς
1027 1301 1321 1371 ἐπιθυμίας
1356 1301 1537 1354 αὑτῶν
1567 1303 1870 1369 πορευόμε-

302 1411 401 1448 νοι.
440 1395 549 1447 Καὶ
585 1395 645 1446 τὸ
678 1394 850 1461 στόμα
888 1393 1063 1445 αὑτῶν
1114 1392 1267 1444 λαλεῖ
1310 1393 1623 1460 ὑπέρογκα·
1656 1392 1870 1459 θαυμά-

288 1486 505 1550 ζοντες,
554 1484 844 1554 πρόσωπα,
873 1483 1139 1551 ὠφελείας
1161 1483 1340 1553 χάριν.
1375 1500 1392 1532 ι
1422 1483 1492 1533 Τὸ
1517 1483 1622 1551 γὰρ
1655 1482 1870 1549 μέμφε-

300 1577 447 1637 σθαι,
480 1576 650 1628 οὐδενὶ
677 1576 957 1645 ἁρμόττει,
989 1577 1035 1626 εί
1068 1576 1143 1644 μὴ
1178 1575 1357 1637 μόνοις
1392 1577 1500 1636 τοῖς
1532 1576 1869 1643 Φαρισαίοις,

298 1666 375 1723 ὡς
422 1664 765 1726 δικαιοῦντας
810 1662 1061 1725 ἑαυτούς.
1093 1663 1256 1715 Ὅθεν
1298 1664 1386 1715 καὶ
1418 1665 1505 1716 ὅτε
1534 1666 1583 1715 oi
1633 1664 1871 1735 μαθηταὶ

296 1756 396 1810 τοῦ
450 1758 653 1826 Κυρίου
708 1756 1034 1816 ἐπείνασαν,
1080 1754 1171 1807 καὶ
1208 1753 1445 1823 ἤρξαντο
1490 1753 1692 1805 τίλλειν
1747 1757 1871 1817 τοὺς

1972 580 2274 640 verbum".
2300 580 2428 648 quia
2448 593 2598 631 mors
2625 586 2679 631 et
2696 580 2803 631 vita
2836 579 2889 631 in
2915 594 3077 631 manu
3102 578 3299 648 lingua:
3317 581 3421 643 ⁸⁸»,
3443 582 3543 634 Et:

1982 690 2000 721 ι
2023 670 2100 723 Ad
2120 685 2279 723 aures
2303 670 2456 723 stulti
2506 667 2645 720 nihil
2695 667 2804 729 die,
2834 683 2901 720 ne
2934 666 3075 720 forte
3101 668 3547 722 subsauneteru-

1974 758 2116 813 ditus
2142 770 2262 813 tuos
2285 774 2586 813 sermones.
2615 778 2632 808 ι
2656 758 2807 811 Alter
2830 759 2958 811 item
2982 756 3209 825 Sapiens
3242 775 3296 809 ει
3328 758 3437 813 Cor
3458 774 3548 813 ex-

1976 852 2142 921 cipiet
2162 850 2417 905 mandata
2436 850 2503 916 "";
2531 850 2622 919 qui
2649 860 2830 903 autem
2852 849 3277 902 intolerabiliter
3299 857 3454 903 vacat
3474 850 3551 903 la-

1972 942 2102 1003 biis,
2122 942 2568 1012 supplantabitur
2591 942 2654 993 ⁸⁸.
2670 962 2686 992 ›
2712 942 2854 995 Dicit
2876 952 3058 994 autem
3081 949 3136 992 et
3157 939 3546 994 Ecdlesiastes:

1982 1034 2091 1087 «Ad
2118 1034 2301 1087 omnia
2335 1035 2503 1086 verba
2551 1031 3176 1107 qnzeloquenturiinpii,
3210 1047 3276 1085 ne
3308 1046 3552 1100 apponas

1976 1141 2072 1181 cor
2114 1134 2362 1187 tuum,et
2386 1125 2439 1178 in
2464 1125 2711 1178 conclavi
2736 1124 2934 1177 cubilis
2964 1124 3038 1176 lui
3077 1140 3143 1176 ne
3177 1122 3315 1176 male
3345 1118 3551 1177 dixeris

1976 1217 2155 1275 diviti.
2185 1208 2313 1286 quia
2338 1216 2455 1270 avis
2478 1215 2600 1269 εαξιί
2630 1216 2872 1283 portabit
2894 1230 3082 1267 vocem
3104 1223 3249 1266 tuam
3272 1213 3333 1264 ".
3371 1233 3388 1265 ι
3408 1213 3549 1266 Pau-

1975 1306 2061 1360 lus
2089 1307 2215 1361 item
2255 1321 2351 1375 per
2381 1306 2663 1373 epistolam
2700 1305 2833 1358 dicit
2866 1324 2879 1357 :
2912 1305 3183 1367 «Fratres,
3216 1312 3548 1372 supportano

1978 1409 2060 1454 tes
2096 1400 2328 1452 invicem
2364 1399 2705 1451 etdonantes
2743 1397 3166 1465 vobismetipsis,
3192 1397 3234 1450 si
3287 1397 3411 1464 quis
3450 1394 3550 1449 ad-

1976 1505 2170 1543 versus
2196 1490 2431 1557 aliquem
2465 1489 2632 1542 habet
2662 1488 2941 1557 querelam
2976 1503 2992 1553 ;
3027 1488 3172 1542 sicut
3195 1495 3251 1541 et
3296 1486 3553 1541 Christus

1978 1580 2203 1633 donavit
2234 1581 2406 1632 vobis.
2440 1580 2518 1633 sic
2541 1588 2596 1632 et
2629 1593 2726 1633 vos
2751 1597 2763 1631 :
2784 1594 2951 1647 super
2984 1578 3170 1633 omnia
3196 1588 3377 1631 autem
3413 1577 3549 1643 lucc,

1977 1672 2301 1725 charitatem
2349 1671 2568 1735 habete,
2621 1671 2764 1739 quod
2791 1680 2875 1723 est
2923 1670 3204 1723 vinculum
3262 1669 3554 1738 perfectio-

1977 1760 2175 1813 nis“°.»
2196 1760 2308 1813 Mos
2331 1775 2459 1813 sane
2478 1760 2749 1827 gerendus
2771 1758 3008 1811 Paulina:
3031 1758 3117 1810 isti
3147 1758 3553 1826 doctrinm,qua

305 1848 543 1916 στάχυας
584 1848 678 1899 καὶ
717 1846 939 1910 ἐσθίειν,
976 1846 1025 1897 οί
1051 1847 1329 1913 Φαρισαῖοι
1361 1842 1512 1898 εἶπον
1544 1844 1618 1915 τῷ
1648 1846 1834 1917 Κυρίῳ
1854 1864 1893 1880 σ-

1983 1866 2083 1903 nos
2124 1850 2188 1904 ad
2236 1851 2580 1903 subeundam
2612 1851 2921 1918 palrestratn
2963 1864 3065 1902 ceu
3088 1858 3368 1903 ceromate
3404 1849 3551 1914 linit,

294 1954 330 1988 -ι
382 1935 511 1988 Ἰδοὺ
542 1937 590 1987 oi
641 1935 882 2005 μαθηταί
934 1951 1027 1987 σου
1069 1933 1315 1986 ποιοῦσιν
1341 1933 1369 1985 ὃ
1395 1935 1494 1986 οὑκ
1536 1934 1650 1986 ἐστι
1703 1937 1876 1987 ποιεῖν

303 2030 364 2082 ἐν
411 2030 524 2089 τοῖς
552 2027 850 2079 Σάὃὸασιν.
892 2044 911 2077 ι
946 2028 1007 2078 0i
1032 2024 1509 2094 κατακρινὸμενοι,
1540 2025 1666 2086 τοὺς
1694 2025 1876 2094 ἀμέμ-

306 2134 473 2181 πτους
512 2117 837 2187 ἐμέμφοντο.
866 2117 925 2169 Ὀ
948 2116 1003 2168 δὲ
1027 2116 1343 2181 ἀνεξίκακος
1376 2115 1575 2184 Κύριος
1604 2114 1737 2183 πρὸς
1783 2115 1879 2167 αὑ-

304 2207 451 2269 τούς·
475 2224 494 2257 ι
522 2210 635 2258 υὺκ
650 2205 983 2272 ἀνέγνωτετί
1008 2204 1437 2275 ὲποίησενΔαυῒδ
1450 2205 1539 2255 ὅτε
1560 2203 1845 2257 ἐπείνασεν
1861 2243 1876 2267 ,

306 2301 401 2351 καὶ
428 2300 477 2350 oi
517 2298 634 2367 μετ’
668 2297 868 2362 animi};
915 2296 1031 2359 πῶς
1078 2295 1330 2364 εἰσῆλθεν
1366 2298 1446 2357 είς
1474 2295 1565 2347 τὸν
1605 2292 1751 2347 οἷκον
1783 2294 1877 2347 τοῦ

306 2389 441 2440 θεοῦ
464 2429 477 2449 ,
512 2389 751 2449 καὶτοὺς
782 2388 980 2456 ἄρτους
1019 2387 1119 2455 τῆς
1164 2385 1477 2457 προθέσεως
1512 2386 1745 2455 ἔφαγεν,
1786 2384 1878 2450 οὓς

305 2479 408 2530 οὑκ
440 2478 617 2542 ἔξεστι
661 2480 855 2545 φαγεῖν
887 2478 936 2528 εί
981 2476 1196 2546 μὴ.τοῖς
1236 2477 1441 2546 ἱερεῦσι
1468 2477 1672 2545 μόνοις.
1715 2496 1733 2528 ι
1772 2479 1878 2529 Καὶ

309 2569 578 2623 παιδεύων
610 2571 808 2631 αὐτοὺς
842 2568 914 2639 μὴ
956 2569 1269 2638 μέμφεσθαι
1305 2570 1547 2637 ἀκαίρως
1575 2558 1700 2631 τοὺς
1732 2571 1881 2622 ἀναι-

306 2665 478 2726 τίους,
505 2665 599 2716 καὶ
647 2663 902 2733 προσθεὶς
946 2659 1102 2715 εἶπεν
1122 2678 1136 2691 °
1170 2680 1188 2713 ι
1230 2662 1294 2713 Ei
1320 2661 1376 2714 δὲ
1406 2662 1471 2714 ἂν
1505 2662 1794 2729 ἐγνώκειτε
1822 2661 1877 2712 τί

308 2757 478 2819 ἐστιν,
513 2756 659 2807 ἔλεον
680 2754 821 2807 θέλω
851 2754 944 2806 καὶ
962 2755 1021 2805 οὑ
1054 2752 1265 2805 θυσίαν·
1311 2772 1329 2804 ι
1362 2754 1460 2805 οὑκ
1494 2753 1557 2805 ἂν
1588 2752 1877 2805 κατεδικά-

311 2863 439 2900 σατε
467 2849 591 2909 τοὺς
633 2846 928 2907 ἀναιτίους.
963 2843 1165 2915 Κύριος
1210 2844 1319 2913 γὰρ
1362 2844 1540 2908 ἐστὶν,
1586 2841 1752 2906 om;
1780 2842 1876 2895 τοῦ

309 2937 599 3007 ἀνθρώπου
632 2940 725 2991 καὶ
755 2938 849 2990 τοῦ
886 2936 1190 2989 Σαϐὁάτου.
1220 2935 1380 3004 Αὑτῷ
1410 2936 1443 3005 ἡ
1477 2934 1603 3000 δόξα
1632 2934 1711 2997 είς
1750 2935 1877 2998 τοὺς

308 3029 649 3090 αἰῶναςητῶν
681 3027 907 3081 αἰώνων.
957 3028 1151 3096 Ἀμήν.

1984 1937 2244 2006 additque
2273 1938 2441 1999 vires,
2475 1937 2767 2004 nequando
2799 1936 2854 1989 in
2884 1951 2984 1989 nos
3010 1936 3268 1989 audiatur
3296 1944 3554 1990 contorta
3615 1953 3619 1957 ‘

1982 2028 2075 2082 illa
2124 2027 2277 2082 Iuda:
2307 2028 2491 2081 fratris
2522 2027 2710 2081 Jacobi
2752 2028 3022 2081 sententia
3050 2044 3064 2080 :
3091 2026 3189 2080 «Hi
3234 2035 3362 2080 sunt
3403 2042 3555 2081 mur-

1979 2097 2305 2180 muratores,
2340 2119 2645 2187 querulosi,
2669 2127 2724 2172 et
2770 2133 2831 2177 os
2852 2132 3046 2171 eorum
3103 2118 3326 2187 oquitur
3362 2133 3555 2187 super-

1980 2208 2082 2271 ba,
2126 2210 2459 2262 admirantes
2490 2223 2749 2277 personas
2794 2218 3039 2277 quaestus
3085 2223 3251 2263 causa
3298 2209 3366 2261 ".
3395 2228 3412 2258 ι
3447 2208 3556 2263 Ne-

1981 2300 2116 2354 mini
2173 2300 2358 2368 itaque
2400 2301 2659 2354 convenit
2686 2301 2766 2354 sic
2796 2316 2918 2355 esse
2951 2301 3264 2369 querulum,
3291 2301 3395 2354 nisi
3414 2300 3556 2355 Pha-

1981 2388 2172 2449 risaais,
2196 2397 2252 2441 et
2275 2388 2440 2453 solis;
2472 2389 2675 2457 quippe
2698 2389 2790 2458 qui
2826 2373 3038 2459 seipsos
3063 2391 3293 2459 iustitia:
3329 2392 3554 2445 nomine

1979 2480 2284 2534 venditant.
2316 2479 2470 2535 Unde
2507 2488 2562 2534 et
2595 2480 2850 2550 discipuli
2877 2482 3091 2535 Domini
3119 2482 3229 2536 acri
3260 2482 3402 2537 fame
3424 2498 3554 2541 cum

1979 2579 2330 2640 urgerentur,
2349 2570 2753 2639 cmpissentquc
2771 2571 3007 2640 primum
3028 2572 3206 2641 spicas
3220 2572 3553 2640 convellere,

1975 2670 2031 2716 et
2057 2662 2297 2716 inediam
2322 2678 2428 2731 qua
2464 2662 2810 2725 laborabant,
2828 2665 2913 2716 vel
2941 2664 3154 2718 tantillo
3178 2665 3384 2727 levare,
3410 2664 3558 2719 Pha-

1973 2754 2117 2807 rismi
2144 2753 2401 2807 dixerunt
2435 2754 2664 2808 Domino
2699 2771 2711 2806 :
2747 2754 2916 2809 «Ecce.
2938 2755 3193 2824 discipuli
3242 2755 3319 2808 tui
3346 2755 3557 2809 faciunt

1973 2843 2120 2913 quod
2147 2860 2255 2898 non
2303 2830 2439 2898 licet
2482 2844 2661 2899 facere
2709 2845 2962 2900 Sabbatis
2985 2847 3051 2897 δ’.
3097 2864 3116 2896 ι
3190 2847 3397 2916 1081
3457 2845 3553 2902 Isti

1987 2949 2150 3003 quam
2179 2950 2554 3004 promeruere,
2582 2937 2913 2991 sententiam
2947 2936 3434 2991 condeinnationis
3468 2951 3555 2992 re-

1975 3027 2245 3089 tulerunt,
2274 3027 2418 3096 quod
2446 3028 2567 3082 illos
2605 3027 2735 3081 falsa
2763 3028 3035 3083 delatione
3081 3029 3427 3098 sugillassent
3458 3028 3555 3098 qui

308 3120 443 3175 nulli
470 3129 626 3175 erant
652 3122 823 3189 culpae
842 3120 1086 3175 obnoxii.
1122 3118 1389 3173 Dominus
1418 3117 1687 3188 siquidem
1717 3117 1926 3185 injuria:
1967 3118 2146 3171 omnis
2171 3120 2473 3173 immemori
2529 3119 2813 3188 respondit
2865 3138 2883 3170 ι
2921 3120 3060 3173 Num
3084 3121 3292 3190 legistis
3320 3122 3451 3190 quid
3478 3123 3558 3179 fe-

308 3214 450 3268 csrit
493 3214 660 3266 David
702 3229 825 3266 cum
852 3215 1090 3268 esuriret
1119 3214 1235 3281 ipse
1261 3221 1317 3267 ct
1354 3213 1449 3281 qui
1496 3228 1619 3266 cum
1660 3227 1727 3265 eo
1773 3220 1950 3272 erant,
1991 3212 2271 3280 quomodo
2296 3212 2575 3280 ingressus
2615 3211 2686 3265 sit
2723 3211 2944 3264 domum
2980 3212 3097 3272 Dei,
3128 3222 3184 3266 et
3215 3227 3380 3280 panes
3426 3228 3555 3281 pros

310 3303 607 3363 positionis
651 3305 910 3369 comedit,
942 3320 1082 3374 quos
1142 3320 1252 3357 non
1310 3304 1511 3358 licebat
1564 3304 1728 3357 edere
1773 3303 1879 3356 nisi
1918 3302 2051 3357 solis
2090 3304 2472 3358 sacerdmibus
2500 3304 2580 3358 "‘i
2616 3323 2634 3353 ι
2699 3303 2826 3357 Illos
2893 3303 3012 3357 istis
3052 3304 3233 3357 verbis
3276 3320 3399 3358 cum
3429 3319 3559 3357 eru-

309 3397 475 3459 diret,
505 3408 651 3452 utne
676 3400 1033 3467 imposterutn
1057 3399 1319 3453 adversus
1342 3398 1593 3453 insontes
1627 3398 2091 3467 intempestiviter
2153 3398 2614 3467 dequerereutur,
2677 3396 2894 3450 induxit
2926 3415 2996 3449 ενι
3039 3397 3094 3451 Si
3162 3398 3381 3451 sciretis
3422 3396 3551 3467 quid

300 3490 869 3551 ~est,misericordiam
899 3490 1025 3542 volo
1056 3497 1109 3541 et
1137 3504 1245 3542 non
1270 3488 1602 3542 sacriﬁcium
1634 3488 1717 3540 ἐς
1746 3507 1764 3539 ι
1790 3488 1982 3557 utique
2025 3486 2129 3540 hos
2177 3502 2286 3540 non
2315 3487 2785 3541 condcmnassetis
2838 3486 3107 3539 innoxios.
3126 3485 3387 3540 Dominus
3407 3488 3555 3542 enim

913 3691 1127 3742 ΛΟΓΟΣ
1156 3690 1277 3743 AB'.

768 3802 785 3813 ’
821 3803 958 3871 Περὶ
999 3803 1370 3872 ἀντιλογίας.

396 3918 458 3968 'll
492 3914 771 3982 ἀντιλογία
815 3916 907 3967 καὶ
939 3918 971 3984 ἡ
1019 3915 1285 3985 ἰταμότης
1316 3916 1420 3968 ὑπὸ
1450 3915 1545 3968 τοῦ
1585 3914 1751 3982 ζυγοῦ
1787 3917 1885 3985 τῆς

315 4004 512 4066 κακίας
547 4002 906 4071 σφίγγονται.’
937 4003 997 4055 '0
1041 4005 1149 4074 γὰρ
1179 4002 1481 4071 ἀντίλογος,
1514 4003 1776 4056 ἰσοσθενεὶ
1809 4002 1886 4072 τῷ

312 4096 647 4165 ἀφηνιαστῇ.
684 4095 840 4149 Θέλει
868 4094 977 4163 γὰρ
1007 4096 1092 4146 ἀεὶ
1123 4095 1591 4163 καταγωνίζεσθαι
1627 4096 1769 4148 κατὰ
1788 4097 1886 4163 τῆς

315 4185 611 4253 ἀληθείας,
657 4188 751 4239 καὶ
784 4185 992 4254 συχνῶς
1032 4184 1305 4237 κλονεῖται
1346 4184 1748 4253 πολεμούμενος
1790 4183 1885 4235 τοῦ

316 4276 718 4346 καθηγεῖσθαιο
761 4277 941 4339 καθὼς
985 4276 1082 4329 καὶ
1135 4278 1193 4327 ἐν
1226 4274 1302 4345 τῷ
1342 4277 1493 4344 νόμῳ
1534 4276 1841 4341 γέγραπται
1869 4290 1883 4304 ο

314 4370 396 4421 ὅτι
440 4370 746 4437 ἀνέστησαν
783 4368 860 4437 τῷ
922 4370 1162 4437 Μωὺσῇ,
1194 4366 1372 4437 Κορὲ,
1420 4367 1513 4418 καὶ
1556 4365 1758 4427 Δαθὰν,
1796 4364 1888 4416 καὶ

328 4460 594 4530 ’Λῧίρώψ
648 4463 742 4513 καὶ
806 4459 1062 4530 ἐθυμώοη
1118 4458 1321 4528 Κύριος
1369 4458 1455 4510 ἐπ’
1521 4459 1721 4520 αὑτοῖς.
1781 4456 1889 4509 Καὶ

317 4548 541 4616 ἠνοίχθη
577 4549 608 4616 ἡ
640 4547 711 4615 γῆ
739 4546 1093 4600 ὑποκάτωθεν
1126 4546 1307 4598 αὑτῶν
1328 4587 1344 4611 ,
1376 4546 1466 4598 καὶ
1504 4545 1763 4597 κατέπιεν
1793 4545 1888 4597 αὑ-

317 4640 440 4700 τοὺς
480 4639 720 4700 καὶτοὺς
750 4638 934 4699 οἴκους
970 4637 1169 4691 αὑτῶν.
1210 4638 1273 4690 Οί
1305 4638 1414 4704 γὰρ
1446 4636 1556 4688 ἀπὸ
1593 4636 1727 4697 ἰδίας
1795 4634 1888 4686 δυ-

318 4733 558 4798 νάμεως,
601 4732 769 4800 χωρὶς
800 4730 964 4794 Θεοῦ,
1003 4729 1179 4799 ἀρχὰς
1225 4728 1608 4797 ἐπιζητοῦντες
1632 4768 1645 4791 ,
1685 4728 1778 4780 καὶ
1822 4730 1887 4796 τῇ

316 4824 427 4878 ὑπὸ
465 4825 599 4878 Θεοί)
647 4827 787 4894 ἀρχῇ
839 4823 1245 4891 ἀνθιστάμενοι,
1282 4821 1558 4884 τοιαύταις
1595 4819 1889 4890 τιμωρίαις

319 4916 655 4969 ὑπόκεινται.
686 4915 893 4983 Γράφει
924 4914 978 4966 δὲ
1020 4913 1115 4965 καὶ
1144 4915 1172 4965 ὁ
1204 4913 1527 4975 Ἀπόστολος
1561 4912 1690 4981 περί
1727 4928 1889 4964 τινων

219 3651 226 3657 .
306 3589 399 3634 est
431 3580 603 3633 Filius
632 3581 870 3634 hominis
893 3581 1059 3633 etiam
1087 3581 1334 3635 Sabbati.
1363 3580 1471 3649 Ipsi
1503 3582 1680 3650 gloria
1713 3581 1770 3635 in
1792 3580 2013 3635 sacula.
2049 3580 2223 3635 Amen
2262 3620 2273 3625 -

2558 3689 2834 3743 IIOMILIA
2872 3687 3090 3742 XXXII.

2514 3802 2589 3855 De
2644 3802 3073 3855 contradictione.

2054 3914 2433 3969 Contradictio
2450 3913 2868 3966 etcontumacia
2898 3911 3056 3981 parili
3105 3910 3557 3983 constringuntur

1988 4007 2210 4060 malitiae
2243 4008 2395 4076 jugo.
2430 4004 2532 4070 Qui
2562 4004 2705 4056 enim
2735 4003 3086 4068 contradicit,
3110 4003 3297 4073 utique
3325 4013 3558 4057 conten-

1989 4097 2069 4149 dit
2109 4096 2344 4150 inveniri
2384 4095 2434 4149 ei
2478 4108 2701 4161 compar
2751 4094 2950 4148 robore
2989 4095 3077 4147 cui
3117 4109 3213 4149 sua
3251 4094 3558 4148 temeritate

1989 4196 2405 4261 contumaxcst
2437 4197 2493 4241 et
2528 4187 2769 4241 rebellis.
2812 4184 2950 4240 Huic
2991 4185 3264 4253 siquidem
3314 4185 3557 4240 studium

1991 4288 2076 4329 est
2121 4291 2345 4343 perpes,
2383 4276 2602 4337 veritati
2654 4284 2714 4327 ut
2745 4282 3139 4337 controvertat,
3180 4288 3409 4343 eamque
3458 4274 3560 4326 im-

1990 4376 2217 4435 pugnet.
2253 4368 2390 4420 Dum
2414 4367 2561 4420 enim
2585 4376 2813 4420 caeteros
2858 4375 2917 4419 ut
2951 4373 3174 4418 anteeat
3208 4363 3556 4428 auctoritate,

1976 4458 2304 4511 .connititur
2332 4473 2430 4525 pro
2466 4458 2608 4509 virili
2643 4474 2657 4519 ;
2692 4457 3010 4525 frequentes
3033 4444 3326 4508 admodum
3376 4455 3559 4510 concit

1958 4566 1966 4573 ·
1993 4550 2202 4611 turbas,
2229 4550 2442 4602 illorum
2468 4550 2717 4614 exemplo
2751 4550 2817 4629 de
2843 4548 3042 4615 quibus
3078 4546 3130 4598 in
3152 4547 3270 4615 lege
3292 4546 3556 4614 seriptum

1992 4648 2095 4701 est,
2122 4656 2320 4707 nempe
2357 4639 2514 4701 (lore,
2539 4640 2748 4691 Dathan
2786 4646 2839 4691 ct
2870 4636 3347 4705 Abironyquando
3392 4637 3445 4690 in
3484 4636 3560 4690 fa—

1993 4731 2133 4783 ciem
2183 4730 2509 4783 restiterunt
2550 4729 2739 4799 Moysi.
2781 4729 2846 4782 Et
2906 4732 3087 4785 iratus
3122 4738 3206 4781 est
3245 4728 3430 4782 furore
3463 4728 3562 4782 Do-

1994 4821 2197 4884 minus,
2232 4819 2447 4888 subque
2484 4818 2701 4871 illorum
2729 4819 2975 4888 vestigiis
3003 4819 3262 4887 adaperta
3283 4827 3368 4872 est
3391 4828 3557 4880 terra,

1993 4920 2049 4963 ct
2074 4925 2170 4973 eos
2203 4910 2480 4978 absorpsit
2520 4909 2794 4978 simulque
2840 4909 3053 4963 illorum
3084 4908 3360 4962 domicilia
3376 4907 3442 4961 ".
3497 4906 3562 4960 IIi

318 5006 728 5073 ἀντιλεγόντων,
779 5004 995 5067 οὕτως’
1057 5022 1074 5053 ι
1121 5005 1215 5057 ⁸ον
1264 5002 1466 5074 τρόπον
1535 5002 1741 5071 Ἰάννης
1796 5002 1890 5053 καὶ

1993 5001 2163 5055 enim.
2196 5001 2418 5069 propria
2467 5000 2579 5054 nixi
2600 5001 2822 5063 virtute,
2864 5016 2972 5054 non
3009 5002 3138 5055 item
3168 4999 3261 5052 Dei
3313 4997 3558 5058 decreto,

320 5097 582 5166 Μαμϐρὶς
628 5096 965 5163 ἀντέστησαν
1010 5096 1086 5165 τῷ
1129 5096 1357 5164 Μωῦσῇ,
1394 5093 1565 5155 οὕτως
1611 5092 1703 5145 καὶ
1749 5088 1893 5146 οὗτοι

320 5188 671 5241 ἀνθίστανται
724 5193 789 5261 τῇ
824 5188 1051 5259 ἀληθείᾳ
1077 5228 1090 5251 ,
1133 5187 1410 5254 ἄνθρωποι
1454 5183 1891 5253 κατεφθαρμένοι

321 5283 412 5333 τον
447 5280 602 5343 νοῦν,
638 5282 886 5350 ἀδόκιμοι
917 5282 1044 5349 περὶ
1078 5280 1175 5349 τὴν
1210 5278 1413 5331 πίστιν.
1459 5296 1477 5326 ι
1524 5275 1758 5344 Ὁμοίως
1800 5277 1893 5327 καὶ

322 5374 379 5423 ἐν
401 5376 519 5434 ταῖς
569 5372 802 5442 Πράξεσι
852 5372 962 5424 τῶν
987 5371 1301 5425 ἀποστόλων
1326 5409 1339 5432 ,
1388 5367 1625 5434 Ἐλυμᾶς
1666 5368 1694 5417 ὁ
1723 5366 1893 5433 μάγος

322 5461 613 5515 ἀνθίστατο
629 5461 705 5531 τῷ
735 5462 928 5530 Παύλῳ
950 5462 1041 5513 καὶ
1056 5460 1131 5528 τῷ
1154 5458 1430 5528 Βαρνάϐα,
1451 5456 1630 5520 ζητῶν
1656 5454 1747 5506 τὸν
1767 5453 1889 5506 ἀθ-

400 5669 442 5699 ⁸⁸
484 5669 649 5721 Prov.

334 5737 418 5802 15,
449 5742 525 5793 14.
605 5739 641 5768 ⁵¹
687 5738 813 5793 Jud.
840 5739 918 5789 ιο.
965 5740 1005 5769 ⁵³
1030 5738 1197 5791 Matii.
1225 5738 1387 5804 511,2'
1463 5736 1507 5767 ⁸³
1536 5734 1736 5799 iltid.3,
1764 5736 1815 5788 4.

748 5679 895 5725 xvtn,
952 5660 1034 5713 15.
1082 5661 1125 5691 δ’
1183 5658 1315 5714 ibid.
1368 5644 1427 5719 21
1508 5665 1552 5695 δ’
1596 5664 1757 5719 Prov.
1801 5664 1911 5727 n,l
2015 5666 2058 5697 “
2083 5665 2147 5717 Pr

748 5739 813 5787 td.
840 5739 918 5787 iii.
965 5740 1005 5769 “
1030 5738 1197 5787 Matii.
1225 5738 1387 5787 MLQ'
1463 5736 1507 5767 ⁸³
1536 5734 1736 5787 ἰιιὶόάὗ.
1764 5736 1815 5787 4.
1894 5736 1936 5767 ⁵³
1969 5735 2099 5787 ibid.
2120 5738 2147 5787 7

1926 5745 1936 5762 '
1969 5745 2099 5788 tltttl.
2120 5745 2168 5788 7.

1993 5091 2346 5145 ambitiosius
2374 5093 2706 5161 expetebant
2738 5092 2924 5161 populi
2949 5091 3340 5161 principatum,
3382 5102 3560 5156 eoque

1994 5184 2355 5237 reclamantcs
2381 5186 2720 5253 magistratui
2748 5185 2933 5237 divina
2963 5183 3313 5235 ordinatione
3338 5179 3559 5232 institu-

1994 5283 2073 5336 to,
2101 5274 2413 5328 istiusmodi
2464 5276 2789 5343 sulsjacucre
2853 5274 3052 5343 pinnis.
3109 5270 3317 5324 Scribit
3377 5278 3562 5323 autem

1989 5372 2049 5416 et
2094 5364 2395 5433 Apostolus
2426 5365 2494 5418 dc
2530 5365 2652 5418 istis
2691 5365 2785 5432 qui
2823 5360 3229 5415 contumaciter
3279 5359 3560 5412 contradi-

1991 5464 2127 5508 cunt
2159 5475 2172 5508 :
2221 5475 2237 5505 ι
2278 5455 2748 5521 Quemadmodum
2773 5455 2977 5509 Jannes
3002 5463 3057 5507 et
3086 5450 3357 5508 hiambres
3402 5449 3563 5505 resti-

2015 5666 2058 5697 “
2083 5665 2241 5717 Prov.
2271 5681 2398 5723 xxii.
2443 5664 2529 5717 1‘2.
2622 5665 2679 5694 δι
2706 5662 2945 5721 ΕοεῖεΑΙ,
2981 5658 3069 5715 ‘20.

2015 5735 2168 5788 ἡαπ.
2251 5736 2479 5789 “Nini.
2524 5748 2630 5789 xvi.
2682 5735 2732 5789 l.
2772 5734 2975 5789 25cm].

2371 5750 2479 5802 ιιιιι,
2524 5748 2630 5793 xvi,
2682 5747 2732 5798 1,
2772 5747 2975 5804 aseqq.

3174 5657 3219 5691 ⁸⁸
3243 5655 3454 5711 Coloss.
3486 5670 3566 5722 ιιι,
