3986 6148
297 334 422 401 lbil

1369 340 1689 403 HOMILIA
1733 343 1997 406 XXXIV.
2030 368 2101 381 -α
2126 338 2228 408 DE
2268 326 2480 404 ΟΤΙΟο

3423 333 3559 398 Ῑὲίῖ

301 450 414 518 Χρὴ
444 443 538 501 οὖν
591 450 739 519 πάσῃ
775 448 981 516 φυλακῇ
1031 448 1226 510 τηρεῖ-ι
1283 450 1379 518 τὴν
1424 452 1653 520 καρδίαν
1693 453 1782 504 καὶ
1812 450 1872 503 τὸ

1997 452 2212 507 nodicis
2234 439 2533 518 colloquiis
2567 439 2778 498 intenta
2806 462 2939 502 cura
2965 445 3123 501 nobis
3159 456 3545 516 temperemus.

299 542 473 609 σῶμα,
497 540 778 612 ἀραρότως
809 527 1141 610 φθέγγεσθαι
1168 538 1242 603 ὡς
1272 541 1600 606 αὐτοτελεῖς,
1637 543 1868 609 μάλιστα

300 632 441 699 ἡμᾶς
471 630 598 692 τοὺς
630 629 887 682 δοκοῦντα
902 650 917 690 ;
951 628 1251 691 παιδεύειν,
1284 632 1376 684 καὶ
1403 632 1723 702 καθοδηγεῖν
1747 634 1869 695 τοὺς

299 722 356 772 ἂν
396 720 472 790 τῷ
526 721 734 789 κόσμῳ,
784 721 867 772 ἵνα
919 722 992 790 μὴ
1032 720 1392 791 ἀκούσωμενο
1444 741 1463 773 σ
1509 721 1569 775 '0
1605 723 1868 775 διδάσκων

297 813 554 883 ἑτέρους,
612 812 842 865 σεαυτὸν
893 815 955 866 οὐ
991 813 1297 876 διδάσκειςς
1344 832 1361 864 ι
1434 814 1715 876 ’Λὸουλίας
1765 812 1873 883 γὰρ

300 908 600 974 τεκμήριον
627 902 1057 979 τοά-ργολογεῖν,
1085 904 1161 967 ὡς
1191 904 1290 957 κα).
1318 905 1376 956 ὲν
1405 907 1524 966 ταῖς
1546 904 1875 974 Παροιμίαις

300 994 645 1062 γέγραπται·
688 994 839 1051 «Υἱὲ.
868 996 942 1063 μὴ
973 990 1223 1064 ζηλώσῃς
1254 996 1446 1063 ἄνδρας
1473 995 1701 1058 κακοὺς,
1742 994 1875 1063 μηδὲ

302 1084 648 1155 ἂπιθυμήσῃς
701 1082 841 1139 εἶναι
897 1085 1014 1155 μετ’
1061 1088 1261 1139 αὐτῶν.
1305 1105 1324 1136 ι
1367 1087 1473 1159 Καὶ
1524 1087 1751 1153 ἐπάγει,
1786 1085 1875 1137 λέ-

301 1190 414 1241 γων
438 1190 453 1205 ο
501 1195 517 1224 ο
558 1174 745 1242 Στόμα
778 1176 1034 1243 ἄστεγον,
1064 1180 1210 1228 ποιεῖ
1235 1177 1643 1237 ἀκαταστασίας
1674 1214 1685 1235 ,
1727 1176 1817 1227 καὶ
1850 1176 1877 1227 ὁ

302 1266 493 1338 ἄφρων
526 1265 789 1337 πληθύνει
843 1267 1055 1335 λόγους.
1093 1286 1111 1318 t
1150 1268 1258 1319 Καὶ
1291 1265 1455 1319 πάλιν
1478 1282 1491 1294 ·
1530 1284 1549 1315 ι
1597 1266 1655 1319 Ὀ
1690 1266 1877 1317 πλεον-

302 1356 446 1422 άζων
468 1356 643 1424 λόγον,
689 1357 1127 1428 βδελυχθήσεται.
1173 1358 1266 1411 Ἐκ
1297 1357 1619 1424 πολυλογίας
1650 1357 1757 1425 γὰρ
1779 1357 1877 1408 οὐκ

303 1446 622 1514 ἐκφεύξεται
651 1448 946 1519 ἁμαρτίας,
964 1448 1282 1518 φειδόμενος
1307 1448 1365 1501 δὲ
1388 1448 1632 1517 χειλέων,
1660 1448 1753 1517 νοή
1764 1464 1879 1514 μων

304 1535 477 1589 ἔσται.
515 1556 534 1589 ι
580 1538 691 1591 Καὶ
730 1539 893 1592 πάλιν
919 1554 933 1570 '
969 1556 988 1589 ε
1048 1539 1171 1591 Ἐπὶ
1215 1538 1373 1604 φίλου
1416 1537 1512 1590 καὶ
1552 1536 1747 1606 ἐχθροῦ
1776 1537 1878 1613 ,μὴ

303 1624 492 1695 διηγοῦ
529 1624 677 1694 βίους
719 1626 1056 1697 ἀλλοτρίους.
1095 1643 1118 1677 ι
1160 1626 1311 1680 Καί·
1354 1645 1374 1677 ί
1412 1626 1473 1677 El
1517 1625 1591 1695 μὴ
1619 1626 1767 1678 ἔστιν
1798 1641 1879 1676 σοι

307 1713 590 1784 ἁμαρτία,
644 1714 721 1785 μὴ
766 1715 1146 1768 ἀποκάλυπτε.
1202 1732 1222 1765 ι
1258 1714 1423 1782 Λέγει
1474 1713 1531 1766 δὲ
1564 1714 1658 1766 καὶ
1691 1715 1720 1766 ὁ
1761 1711 1881 1764 ’1ὼό

1976 558 2046 596 ne
2099 544 2224 612 quis
2253 539 2497 596 resideat
2540 535 2692 591 locus
2741 539 2921 592 otioso
2954 537 3217 593 sermoni.
3250 536 3353 603 Qui
3401 539 3549 591 enim

1979 632 2139 687 facile
2187 632 2321 685 sinit
2359 628 2616 698 intercipi
2648 644 2706 682 se
2736 644 2799 683 ac
2839 629 2982 683 vinci
3033 644 3064 682 a
3115 643 3172 681 re
3212 627 3546 696 permodica,

1925 782 1934 791 ,
1979 738 2007 780 a
2039 721 2251 791 magnis
2283 734 2510 775 necesse
2573 718 2632 773 fit
2685 718 2834 773 hunc
2867 718 2921 772 in
2973 717 3295 772 servitutem
3350 717 3547 786 redigi.

1979 811 2080 878 Qui
2121 828 2286 881 parva
2320 811 2437 865 haec
2494 810 2849 879 contemptim
2889 809 3136 879 negligit,
3160 816 3217 862 et
3244 809 3355 864 illis
3382 810 3547 865 oblus

1980 912 2163 956 etatur
2201 918 2322 970 qua:
2347 902 2553 970 alioqui
2578 901 2719 970 apud
2745 901 3033 953 Dominum
3064 899 3241 970 magni
3269 909 3407 955 sunt
3436 919 3553 957 mo-

1981 992 2177 1045 menti.
2212 990 2372 1047 Omni
2404 991 2571 1061 igitur
2603 990 2853 1044 custodia
2894 990 3316 1044 custodiendum
3374 1008 3468 1047 eor
3496 1001 3552 1048 et

1982 1099 2205 1151 corpus,
2232 1098 2333 1137 nec
2366 1082 2543 1136 laxius
2573 1098 2737 1150 quam
2763 1082 2923 1135 decet
2965 1081 3262 1150 perfectos,
3316 1084 3556 1155 loquen-

1984 1177 2139 1238 dum,
2180 1175 2344 1228 nobis
2377 1170 2614 1226 maxime
2654 1173 2747 1242 qui
2776 1172 2967 1226 mundi
3014 1172 3271 1229 homines
3300 1175 3555 1231 ridemur
3642 1208 3647 1215 ε

1983 1267 2232 1328 erudire,
2280 1280 2344 1319 ac
2382 1266 2484 1318 via:
2525 1263 2792 1317 salutaris
2828 1278 2948 1317 esse
2980 1263 3088 1316 illis
3132 1264 3437 1332 praeduees,
3483 1282 3560 1323 ne

1983 1350 2207 1419 quando
2247 1351 2532 1421 contingat
2566 1351 2759 1404 audire
2781 1366 2881 1405 nos
2910 1368 2922 1403 :
2965 1371 2983 1401 ι
3009 1350 3114 1416 Qui
3154 1353 3323 1406 alium
3357 1355 3551 1422 doces,

1991 1441 2224 1509 teipsum
2257 1455 2370 1494 non
2410 1441 2579 1494 doces
2605 1441 2649 1472 7‘
2672 1441 2695 1494 ?
2718 1461 2736 1492 ι
2766 1441 3118 1497 Temeritatis
3140 1446 3301 1514 plane
3327 1450 3559 1504 evidens

1984 1542 2075 1586 est
2106 1540 2496 1602 argumentum
2525 1533 2605 1587 sic
2627 1533 2811 1588 otiose
2841 1533 3008 1588 verba
3030 1536 3319 1592 effundere
3366 1548 3423 1593 et
3448 1556 3554 1594 nu-

1985 1623 2125 1692 gari,
2149 1622 2616 1692 quemadmodum
2641 1634 2696 1678 et
2724 1624 2779 1678 in
2802 1625 3124 1680 Proverbiis
3140 1628 3409 1698 scriptum
3440 1640 3559 1685 est:

1992 1731 2011 1762 c
2042 1712 2168 1774 Fili,
2193 1727 2265 1766 ne
2294 1712 2577 1766 aemuler-is
2607 1712 2757 1766 viros
2792 1714 2985 1776 malos,
3016 1730 3153 1770 neve
3193 1718 3558 1788 concupiscas

305 1806 418 1864 τοῖς
480 1802 652 1870 φίλοις
700 1801 867 1856 αὑτοῦ
903 1819 917 1833 ο
976 1823 995 1853 ι
1056 1804 1156 1875 Et!)
1182 1803 1239 1856 δὲ
1274 1803 1404 1872 ὑμῖν
1435 1803 1717 1871 κωφεῦσαι
1747 1841 1760 1864 ,
1796 1802 1890 1855 καὶ

1997 1816 2115 1856 esse
2140 1815 2265 1855 cum
2298 1800 2381 1855 eis
2406 1801 2473 1854 “.
2503 1820 2520 1852 ›
2554 1801 2621 1855 Et
2647 1802 2895 1856 inducit:
2930 1823 2949 1851 c
2982 1802 3227 1873 Osquod
3248 1822 3356 1861 non
3394 1809 3557 1863 habet

309 1893 645 1961 ἀποϐήσεται
680 1894 810 1961 ὑμῖν
836 1888 1082 1962 σοφία.ἰ
1116 1896 1226 1947 Καὶ
1271 1894 1460 1965 ἕτερος
1481 1910 1495 1925 ·
1541 1914 1560 1946 ι
1601 1895 1889 1965 Μακάριος

308 1984 471 2053 ἀνὴρ,
497 1985 554 2046 ὃς
582 1984 683 2037 οὐκ
711 1984 1014 2053 ὠλίσθησεν
1044 1987 1104 2038 ὲν
1131 1984 1210 2054 τῷ
1240 1987 1469 2056 στόματι
1506 1986 1692 2041 αὑτοῦ.
1731 2008 1749 2038 ν
1780 1987 1889 2040 Kal.

309 2071 497 2135 πάλιν,
529 2088 549 2121 ι
600 2070 661 2126 '0
703 2072 1168 2142 ἐγκρατευόμενος
1199 2073 1416 2146 γλώσσῃ
1455 2075 1666 2145 ἄμαχος
1696 2074 1890 2144 βιώσε-

309 2174 433 2214 ταιο
466 2161 579 2224 καὶ,
610 2163 641 2215 ὸ
668 2163 843 2232 μισῶν
874 2163 1088 2230 λαλιὰν,
1132 2165 1452 2219 ἐλαττοῦται
1501 2165 1720 2221 κακίαν.
1752 2185 1772 2219 ι
1804 2170 1892 2220 Δι-

312 2250 568 2321 αγορεύει
600 2251 654 2303 δὲ
679 2252 771 2305 καὶ
801 2252 830 2303 ὁ
873 2252 1289 2322 Εκκλησιαστής
1309 2271 1323 2285 ·
1356 2272 1375 2305 ι
1418 2255 1581 2322 Λόγοι
1627 2255 1891 2324 στόματος

316 2339 481 2407 σοφοῦ
510 2382 524 2405 ,
555 2341 714 2409 χάρις
736 2355 747 2366 ’
807 2340 899 2393 καὶ
933 2341 1085 2410 χείλη
1128 2342 1364 2412 ἄφρονος
1409 2343 1890 2397 καταποντίσουσιν

314 2430 498 2483 αὐτόν·
525 2431 695 2501 ἁρετὴ
720 2431 831 2500 γὰρ
871 2435 1140 2500 στόματος
1175 2433 1339 2486 αὑτοῦ
1372 2433 1676 2504 ἀφροσύνην
1714 2454 1734 2487 ι
1782 2435 1912 2490 Καί·

322 2541 340 2572 ι
387 2523 446 2573 '0
481 2522 668 2591 ἄςρων
728 2524 990 2593 πληθύνει
1035 2525 1249 2592 λόγους.
1286 2545 1304 2577 ι
1349 2528 1456 2579 Καὶ
1489 2529 1684 2594 ἐπάγει
1715 2544 1728 2557 ⁸
1760 2544 1780 2579 t
1833 2529 1892 2581 Ὁ

316 2614 545 2679 ἀγαπῶν
574 2614 719 2684 ζωὴν
749 2615 998 2681 φείσεται
1032 2618 1299 2685 στόματος
1330 2619 1517 2671 αὐτοῦ.
1553 2637 1583 2669 ι.
1618 2618 1893 2681 Ὡσαύτως

318 2705 374 2758 δὲ
398 2707 489 2758 καὶ
524 2709 555 2759 ὁ
596 2708 917 2768 Ἀπόστολος
947 2724 960 2737 ·
997 2727 1014 2759 ι
1050 2710 1161 2771 Πᾶς
1190 2708 1349 2774 λόγος
1383 2710 1588 2779 σαπρὸς
1615 2708 1635 2747 ί
1658 2749 1673 2773 ,
1711 2711 1773 2761 ἐκ
1800 2708 1892 2761 τοῦ

323 2798 586 2866 στόματος
618 2799 770 2868 ὑμῶν
814 2799 889 2868 μὴ
921 2800 1326 2869 ἐκπορευέσθω,
1352 2799 1465 2854 ἀλλ’
1493 2802 1650 2861 εἴτις
1693 2800 1894 2868 ἀγαθὸς

322 2888 455 2955 πρὸ,
489 2889 812 2958 οἰκοδομεῖν,
870 2890 958 2943 ἵνα
1012 2891 1087 2960 δῷ
1139 2892 1298 2961 χάριν
1352 2895 1463 2954 τοῖς
1513 2891 1820 2945 ἀκούουσιν.
1871 2911 1889 2942 ι

325 2981 577 3049 Ἔχοντες
602 2978 716 3046 οὖν,
751 2982 1048 3050 ἀγαπητοὶ,
1079 2982 1347 3045 τοσαύτας
1397 2982 1699 3051 μαρτυρίας
1745 2983 1896 3053 πάσῃ

324 3074 525 3142 σπουδῇ
560 3074 888 3143 ὰωστῶμεν
911 3074 1012 3142 τῆς
1044 3073 1378 3142 ἀνωφελοῦς,
1408 3073 1609 3143 μᾶλλον
1646 3074 1700 3125 δὲ
1729 3073 1893 3142 ψυχο-

1988 1891 2335 1961 οριιιοουὶιιηι,
2370 1892 2517 1961 parit
2541 1891 2845 1947 seditiones
2869 1893 2936 1945 ".
2955 1913 2974 1946 ι
2997 1894 3092 1948 Et:
3127 1914 3145 1945 ι
3179 1894 3390 1951 Stultus
3411 1899 3558 1952 mul~

1989 1983 2206 2050 tiplieat
2243 1982 2413 2036 verba
2443 1982 2488 2014 ⁷⁸
2517 1998 2532 2047 ;
2560 1984 2655 2051 qui
2677 1983 2923 2037 abundat
2948 1998 3226 2049 sermone,
3270 1987 3557 2043 abomina-

1990 2074 2122 2130 bilis
2148 2075 2256 2129 erit
2286 2073 2451 2127 ".Ex
2480 2074 2832 2144 multiloquio
2854 2091 2966 2129 non
2989 2076 3216 2147 effugiet
3245 2087 3557 2147 peceatum,

1994 2180 2238 2236 parcens
2267 2173 2449 2219 autem
2474 2165 2656 2228 labiis,
2676 2165 2988 2235 intelligens
3015 2167 3124 2221 erit
3144 2168 3211 2221 ".
3248 2186 3267 2220 ι
3300 2169 3514 2225 Rursus
3540 2186 3555 2223 :

1998 2274 2017 2307 ι
2052 2255 2210 2325 Apud
2240 2256 2478 2309 amicum
2501 2263 2556 2308 et
2581 2255 2863 2308 inimicum
2894 2270 2962 2310 ne
2987 2271 3219 2312 enarres
3237 2259 3404 2313 vitam
3428 2260 3559 2314 alie-

1994 2362 2124 2400 nam
2156 2347 2222 2400 ’¹⁸.
2254 2365 2272 2397 ι
2296 2345 2506 2415 1083
2541 2346 2641 2400 Et:
2666 2365 2684 2397 ι
2718 2347 2773 2400 Si
2800 2329 2911 2401 non
2937 2347 3081 2402 adsit
3114 2348 3215 2403 tibi
3248 2358 3560 2419 peccatum,

1993 2454 2064 2492 ne
2102 2436 2314 2491 revelcs
2344 2438 2406 2489 ⁷⁸.
2445 2456 2463 2488 ι
2492 2432 2596 2491 Job
2618 2451 2837 2505 quoque
2869 2437 3064 2492 amicis
3091 2439 3207 2493 suis
3239 2457 3253 2492 :
3291 2459 3308 2489 ι
3340 2439 3560 2495 Utinam

1994 2528 2475 2593 obmutesceretis,
2499 2537 2558 2582 ut
2588 2530 2935 2599 contingeret
2968 2528 3123 2583 vobis
3140 2529 3407 2598 sapientia
3439 2530 3504 2583 ⁸⁸.
3535 2550 3553 2581 ι

1991 2618 2144 2673 Alter
2169 2636 2182 2671 :
2208 2638 2224 2669 ι
2251 2618 2450 2673 Beatus
2476 2619 2560 2671 vir
2582 2619 2676 2688 qui
2702 2635 2813 2672 non
2842 2621 3128 2689 estlapsus
3156 2620 3334 2689 lingua
3356 2622 3554 2676 sua“’.r

1993 2706 2209 2763 Rursus
2238 2725 2250 2762 :
2290 2700 2306 2760 ε
2333 2709 2434 2775 Qui
2477 2709 2798 2763 moderatur
2821 2710 3086 2779 linguam,
3111 2711 3233 2764 sine
3255 2712 3452 2784 jurgiis
3476 2711 3561 2765 vi-

1998 2807 2088 2851 vet
2113 2801 2158 2830 “
2186 2815 2201 2864 ;
2229 2800 2323 2867 qui
2368 2800 2487 2853 odit
2516 2800 2925 2869 loquacitatem,
2960 2802 3162 2856 minuit
3194 2804 3459 2857 malitiam
3491 2801 3559 2858 ⁸³.

1999 2892 2104 2946 Sed
2133 2903 2190 2947 et
2215 2894 2602 2958 Ecclesiaétes,
2634 2896 2850 2965 garrula
2883 2897 2984 2951 ista
3008 2898 3340 2967 loquacitate
3395 2898 3568 2953 inter-

1995 2983 2130 3038 dicit
2162 2984 2352 3039 nobis:
2389 3005 2407 3035 ι
2432 2985 2729 3041 Sermones
2747 2988 2859 3041 oris
2885 2989 3169 3057 sapientis,
3192 2990 3388 3058 gratia,
3421 2990 3577 3044 labia-

1997 3073 2152 3128 slulti
2190 3074 2518 3141 demergent
2548 3090 2673 3129 eum
2709 3093 2724 3139 ;
2754 3077 3084 3147 principium
3120 3081 3268 3132 enim
3300 3080 3415 3134 oris
3447 3083 3567 3156 ejus

322 3164 554 3224 ὗλαϐοῦς
584 3164 928 3234 ἀργολογίας,
960 3164 1268 3246 ἐχνοοῦντες
1305 3165 1686 3228 ἀδιαλείπτως,
1717 3164 1791 3226 ὡς
1817 3164 1890 3216 εί-

2000 3165 2236 3219 stultitia
2258 3166 2355 3218 ἰδ
2381 3166 2479 3219 Et:
2513 3187 2529 3217 ι
2562 3165 2775 3222 Stultus
2797 3170 3126 3238 multiplicat
3151 3167 3433 3227 sermones
3456 3152 3568 3227 ⁸⁵.

325 3275 510 3327 ρηται,
530 3238 636 3329 ’τὴν
674 3259 911 3328 φοϐερὰν
941 3238 1172 3329 ἀπειλὴν
1204 3257 1299 3310 τοῦ
1332 3258 1561 3329 Κυρίου,
1601 3258 1849 3326 λέγοντος
1876 3271 1888 3285 ⁶

328 3368 348 3398 ι
394 3350 575 3420 Ἀμὴν,
591 3350 733 3418 λέγω
762 3352 911 3419 ὑμῖν,
950 3351 1032 3405 ὅτι
1066 3352 1173 3403 πᾶν
1204 3351 1356 3422 ῥῆμα
1393 3350 1563 3419 ἀργὸν
1589 3392 1602 3412 ,
1628 3349 1655 3402 ὃ
1683 3350 1777 3401 ἐὰν
1801 3348 1898 3400 λα-

327 3439 562 3508 λήσωσιν
604 3442 652 3493 οἱ
692 3441 973 3512 ἄνθρωποι
995 3482 1009 3504 ,
1046 3443 1420 3494 ἀποδώσουσιν
1455 3441 1614 3507 λόγον
1644 3440 1770 3508 περὶ
1802 3439 1900 3490 αὐ-

324 3531 417 3582 τοῦ
449 3533 506 3583 ἐν
535 3533 719 3602 ἡμέρᾳ
744 3534 1001 3602 κρίσεως.
1043 3551 1060 3582 ι
1099 3532 1258 3602 Αὐτῷ
1287 3534 1319 3601 ὴ
1349 3531 1476 3594 δόξα
1505 3533 1585 3593 είς
1614 3530 1739 3593 τοὺς
1772 3529 1903 3583 αἰῶ-

325 3639 443 3682 κας,
487 3623 682 3692 ’Λμήν.

2002 3256 2260 3312 lnducit:
2302 3276 2319 3307 ι
2356 3257 2459 3323 Qui
2496 3257 2675 3327 diligit
2696 3259 2883 3323 vitam,
2911 3271 3099 3329 parcet
3128 3262 3210 3315 ori
3237 3278 3340 3316 suo
3366 3260 3574 3317 "aliis

1998 3348 2560 3418 conciuitApostolus
2599 3366 2612 3402 :
2653 3368 2672 3400 ι
2709 3349 2900 3407 Omnis
2933 3368 3114 3406 sermo
3148 3347 3326 3407 malu's
3357 3370 3423 3407 ex
3473 3370 3570 3410 ore

2003 3449 2189 3494 vestro
2217 3456 2328 3493 non
2365 3440 2645 3509 procedat,
2670 3442 2763 3495 sed
2797 3443 2840 3495 si
2874 3448 2999 3511 quis
3034 3443 3213 3497 bonus
3239 3444 3305 3497 ad
3332 3444 3571 3499 :edifiea-

2007 3529 2237 3591 tionem,
2264 3539 2324 3581 ut
2358 3529 2450 3582 det
2481 3531 2712 3599 gratiam
2758 3531 3113 3586 audientibus
3147 3532 3211 3585 ‘7.
3254 3552 3270 3584 ι
3299 3532 3434 3589 Cum
3469 3534 3571 3604 igi-

2002 3628 2112 3682 tur,
2137 3619 2471 3683 charissimi,
2507 3630 2585 3674 tot
2614 3621 2752 3674 adeo
2780 3638 3106 3676 moneamur
3142 3622 3437 3694 Scriptum:
3490 3633 3573 3679 tc—

325 3711 624 3774 stimoniis,
650 3712 798 3764 omni
854 3711 1040 3765 studio
1068 3710 1356 3766 vitabundi
1386 3710 1734 3781 defugiamus
1789 3709 1997 3764 otiosos
2031 3725 2336 3773 sermones,
2396 3726 2505 3763 non
2551 3711 2777 3765 inutiles
2806 3713 2989 3774 modo,
3012 3714 3105 3768 sed
3145 3724 3199 3768 et
3243 3731 3575 3785 magnopere

326 3806 616 3861 animabus
647 3806 856 3860 nostris
881 3806 1328 3870 detrimentusos,
1367 3822 1529 3875 aque,
1560 3806 1849 3859 utdictum
1885 3807 1996 3876 jam
2037 3814 2142 3867 est,
2185 3820 2372 3859 vocem
2422 3804 2568 3857 illam
2608 3805 2828 3858 Domini
2889 3807 3117 3860 terroris
3168 3816 3226 3861 et
3292 3807 3568 3861 fortitudi-

325 3904 413 3956 nis
478 3903 694 3972 plenam
762 3903 1038 3971 perpetim
1114 3903 1454 3972 cogitemus,
1511 3918 1620 3971 qua
1682 3918 1899 3972 poenam
1940 3902 2633 3957 interminaturermen
2693 3900 2818 3955 dico
2845 3902 3020 3965 vobis,
3068 3902 3196 3971 quia
3261 3919 3423 3958 omne
3450 3917 3575 3957 vcr-

325 3996 457 4050 bum
487 3994 729 4048 otiosum
758 3995 1142 4063 quodcunque
1194 3993 1366 4047 locuti
1414 3993 1623 4047 fuerint
1676 3992 1950 4053 homines.
1993 3993 2225 4048 reddent
2282 3994 2551 4048 rationem
2590 3995 2658 4048 dc
2691 4008 2757 4049 eo
2790 3994 2844 4047 in
2873 3994 2961 4059 die
3005 3988 3193 4065 iudicii
3232 3995 3294 4050 ⁸⁸.
3320 3996 3423 4065 Ipsi
3462 3995 3578 4066 glo—

328 4091 408 4145 ria
448 4091 503 4144 in
531 4082 752 4145 sa:cula.
802 4089 1023 4147 Amen..

927 4197 1147 4251 ΛΟΓΟΣ
1176 4197 1295 4250 ΛΔ’.

856 4311 992 4378 Περὶ
1030 4306 1384 4378 περιεργίας.

401 4430 476 4482 Τὸ
506 4427 993 4498 πολυπραγμονεῖν
1027 4424 1123 4477 καὶ
1157 4421 1621 4491 περιεργάζεσθαι
1651 4419 1719 4474 τὰ
1747 4421 1902 4476 ἁλλό-

328 4538 458 4591 τρια
482 4559 497 4578 .
558 4517 900 4587 ἀνάρμοστόν
947 4519 1096 4570 ἐστιν
1148 4513 1421 4586 ἀνθρώπῳ
1462 4512 1539 4583 τῷ
1575 4511 1777 4565 θέλοντι
1809 4513 1900 4564 εὐ-

328 4614 632 4684 αρεστῆσαι
673 4611 813 4679 Θεῷ.
877 4607 935 4662 Ὀ
974 4609 1083 4677 γὰρ
1136 4606 1458 4676 βουλόμενος
1491 4603 1752 4671 ἀϐέϐηλον
1788 4602 1901 4672 βίον

330 4703 715 4759 πολιτεύεσθαι
752 4705 809 4754 ὲν
837 4700 972 4770 τῷδε
1005 4700 1081 4767 τῷ
1115 4698 1245 4769 βίῳ,
1280 4698 1626 4766 αὑτόστοιχος
1652 4695 1794 4748 θέλει
1821 4690 1900 4747 εἷ-

329 4813 458 4857 ναι,
509 4794 824 4858 τουτέστιν,
879 4790 1056 4860 ἐαυτῷ
1105 4791 1423 4860 προσέχειν,
1472 4789 1564 4841 καὶ
1611 4789 1667 4838 ὲν
1715 4785 1913 4856 ἡσυχίᾳ

330 4885 685 4957 προσομιλεῖν
716 4883 797 4954 τῷ
823 4882 943 4953 Θεῷ
975 4881 1311 4951 ἀρεμϐάστῳ
1346 4879 1615 4948 λογισμῷ,
1653 4878 1744 4931 καὶ
1774 4879 1905 4930 ἀπε-

333 4978 539 5049 ριέργῳ
582 4976 689 5044 νῷ,
738 4977 795 5028 ἐν
830 4975 976 5053 ᾁπλῄ
1010 4973 1273 5025 διαθέσει.
1335 4970 1519 5032 Οὕτως
1547 4971 1655 5039 γᾶρ
1685 4968 1909 5021 ἐπελεύ-

332 5083 490 5121 σεται
528 5067 614 5119 ὲπ’
643 5066 807 5119 αὐτὸν
844 5064 1117 5125 πλουσίως
1162 5065 1195 5130 ἡ
1231 5061 1392 5130 χάρις
1423 5060 1516 5112 τοῦ
1553 5059 1708 5124 ἁγίου
1739 5060 1909 5111 Πνεῦ-

335 5174 530 5230 ματος.
550 5157 863 5224 Γέγραπται
889 5156 944 5207 δὲ
973 5156 1030 5207 ἐν
1051 5155 1171 5215 ταῖς
1199 5151 1529 5222 Παροιμίαις
1548 5167 1561 5180 ο
1594 5151 1912 5221 ιΒαθύτερὰ

403 5317 446 5349 ’³⁸
481 5304 643 5365 Rom.
677 5310 839 5375 tt,2l.

329 5386 401 5440 ⁷⁸.
429 5386 601 5441 Eeelt.
641 5401 734 5446 xu,
767 5383 818 5438 8.
915 5386 957 5416 "
989 5384 1158 5436 Eceli.
1196 5398 1347 5445 xmu,
1411 5379 1497 5432 ll.

942 5314 985 5345 ⁷³
1022 5314 1181 5368 Prov.
1212 5328 1351 5368 utr.
1392 5313 1444 5364 1.
1508 5310 1553 5340 ’⁸
1607 5308 1741 5362 ibid.
1784 5325 1842 5363 ιι.
1877 5307 1964 5362 12.

1333 5351 1351 5441 ζ
1411 5379 1497 5432 Η.
1637 5378 1683 5409 ⁸⁵
1724 5379 1895 5432 Eccli.
1960 5395 2027 5431 xx
2069 5379 2142 5441 5;
2198 5379 2301 5433 Job
2330 5351 2480 5441 ’xxm,
2525 5379 2574 5431 5.

2515 4197 2798 4253 llOMlLlA
2832 4197 3048 4253 XXXIV

2671 4305 2750 4358 De
2780 4308 2905 4361 otio.

2076 4416 2289 4472 Rerum
2336 4416 2644 4471 alienarum
2700 4425 2946 4487 satagere
2996 4418 3305 4486 curiosius,
3357 4433 3414 4476 et
3456 4438 3588 4492 qua:

2004 4522 2409 4579 supervacanea
2437 4515 2586 4572 sunt,
2615 4522 2716 4561 nec
2742 4508 2909 4563 ullius
2934 4508 3124 4580 frugis,
3154 4511 3367 4577 moliri,
3400 4513 3585 4582 ‘pror-r

2020 4615 2121 4654 sus
2168 4599 2583 4652 dissentaneum
2628 4597 2883 4663 videtur,
2935 4615 3038 4655 nec
3071 4604 3370 4658 convenire
3399 4604 3451 4657 ei
3483 4605 3587 4674 qui

2015 4690 2128 4746 Deo
2184 4689 2469 4744 contendit
2519 4705 2683 4759 quam
2719 4692 2953 4746 maxime
2993 4710 3114 4749 esse
3143 4696 3438 4765 gratiosus.
3474 4697 3585 4764 Qui

2013 4784 2162 4838 enim
2186 4783 2312 4836 vita:
2333 4782 2752 4836 sanctimoniam
2777 4783 3025 4852 proﬁteri
3044 4786 3161 4839 vult
3181 4795 3345 4856 atque
3362 4787 3584 4845 mnndi-

2013 4876 2141 4931 tiam
2171 4917 2185 4939 ,
2244 4889 2470 4929 necesse
2498 4884 2584 4928 est
2614 4876 2827 4945 perpeti
2897 4886 3085 4931 tenore
3131 4878 3297 4931 vitam
3332 4878 3583 4933 instituat

2012 4982 2169 5022 suam
2198 4984 2213 5020 :
2239 4966 2344 5021 hoc
2370 4975 2475 5030 est,
2508 4965 2611 5019 sibi
2649 4973 2706 5020 ut
2731 4967 3002 5032 attendat,
3026 4969 3247 5038 Deoque
3267 4986 3431 5039 quam
3455 4986 3587 5039 pro-

2012 5059 2159 5114 xime
2188 5067 2374 5130 potest
2404 5043 2799 5129 congredimur
2826 5059 2976 5114 omni
3002 5075 3125 5113 eum
3157 5061 3579 5128 tranquillitate,

2010 5166 2115 5205 nec
2142 5150 2263 5203 istis
2286 5149 2530 5204 externis
2554 5160 2823 5220 occupata
2843 5151 3203 5220 cogitatione,
3225 5150 3422 5203 atl'ectu
3448 5150 3579 5204 item

2059 5309 2457 5372 "Prov.x,H.
2533 5308 2872 5369 "Eccli.tx,
2920 5308 3010 5361 25.
3087 5308 3128 5337 '”
3184 5307 3343 5360 Prov.
3402 5324 3453 5368 κ,
3495 5308 3582 5361 19.

2688 5379 2729 5410 ⁸⁸
2781 5378 2947 5430 Eecli.
3008 5392 3121 5438 xw,
3184 5377 3235 5429 1.
3349 5375 3392 5408 ⁸³
3417 5377 3580 5430 Prov.

324 5470 386 5522 χ,
418 5456 521 5529 ιο.
581 5454 628 5487 οε
660 5444 824 5508 Eceli.
863 5453 1031 5515 ωε.
1107 5444 1339 5506 “Prov.
1368 5468 1416 5516 ν,
1445 5449 1557 5513 2,7.
1634 5449 1679 5480 ει
1712 5448 1879 5505 Eccli.

1997 5448 2066 5503 ιι.
2143 5448 2188 5481 ⁸⁸
2205 5449 2365 5503 Prov.
2392 5463 2535 5510 nix,
2569 5446 2653 5501 48.
2742 5447 2787 5481 ⁸⁷
2819 5446 3022 5518 Epltes.
3055 5463 3125 5511 IV,
3147 5445 3235 5499 26.
3312 5444 3360 5529 ξε
3389 5446 3583 5501 Matth.

325 5541 423 5590 xu,
456 5526 543 5579 56.

1572 5625 1798 5682 ῩΑΜᾹΞ
1839 5624 2248 5683 LECTIUNES.

450 5708 468 5746 ί
490 5706 653 5776 λόγος
675 5706 900 5775 σαπρός,
944 5704 1243 5786 marcidus,
1268 5688 1526 5756 it'iliosus.
