3986 6148
331 381 468 446 1545

1310 385 1641 446 ΗΟΜΙΙᾸΑ
1681 385 1942 446 XXXVI.
1984 408 2054 422 ’-
2095 383 2193 443 DE
2233 370 2615 443 PIGRITIA.

3460 388 3593 451 15ίό

331 506 418 558 ἴνα
473 502 552 574 μὴ
597 502 917 573 ἀκούσωμεν
953 495 1108 572 παρὰ
1141 499 1238 554 τοῦ
1278 501 1596 574 Ἀὁὸακούμ
1620 519 1632 532 ·
1696 522 1713 554 ι
1756 502 1814 554 Ὀ
1847 500 1901 554 δὲ

2008 499 2296 555 deturbari
2322 495 2700 569 promeruit”.
2733 499 2850 554 Non
2876 500 3044 570 igitur
3066 499 3331 555 mediocri
3349 501 3590 558 circum-

329 597 683 666 κατοιόμενος
738 597 835 648 καί
883 595 1311 667 καταφρονητὴς
1343 596 1514 664 ἀνὴρ,
1562 593 1778 658 ἀλαζὼν
1811 592 1914 648 καὶ·

329 689 707 758 ὑπερήφανος,
744 686 900 739 οὐδὲν
931 688 1026 740 καὶ
1060 685 1135 756 μὴ
1165 686 1409 758 περανεί.
1439 706 1458 739 ι
1492 688 1601 740 Καὶ
1632 686 1870 756 ἀλλαχοῦ
1889 702 1903 717 ⁸

333 800 352 833 ι
385 782 470 835 Ζῶ
497 777 631 848 ἐγὼ,
662 779 812 848 λέγει
843 779 1072 847 Κύριος,
1104 779 1187 832 ὅτι
1217 779 1334 832 ἀλλ’
1360 778 1392 850 ἢ
1424 779 1551 842 τοὺς
1580 778 1905 843 δοξάζοντόις

332 892 398 944 με
428 873 638 938 δοξάσω
660 913 676 939 ,
728 873 824 927 καὶ
854 875 882 926 6
909 871 1208 936 ὲξουθενῶν
1238 889 1334 942 με,
1386 872 1846 942 ἀτιμασθήσεται.
1881 890 1899 922 ι

329 966 437 1019 Κᾱί
473 967 501 1019 6
532 965 978 1037 Παροιμιαστής·
1021 981 1044 1016 ι
1079 964 1139 1019 Ὀ
1165 963 1524 1034 καταφρονῶν
1555 963 1903 1034 πράγματος,

329 1055 874 1126 καταφρονηθήσεται
911 1055 1002 1108 ὑπ’
1035 1055 1204 1108 αὐτοῦ
1228 1071 1241 1086 ο
1294 1057 1322 1108 6
1356 1055 1413 1108 δὲ
1450 1054 1785 1123 φοϐούμενος
1815 1054 1902 1106 ὲν-

328 1148 511 1218 τολὴν,
539 1142 697 1210 οὗτος
722 1146 983 1214 ὑγιαίνει.
1010 1166 1028 1199 ι
1062 1147 1175 1200 Καὶ
1201 1148 1228 1199 ὁ
1250 1147 1496 1216 Μιχαίας
1521 1145 1686 1215 φησίν
1704 1161 1717 1176 ο
1748 1145 1906 1208 (Υἱὸς

330 1241 541 1306 δοξάζει
576 1240 812 1310 πατέρα,
849 1239 944 1292 καὶ
971 1237 1168 1302 δοῦλος
1197 1239 1290 1291 τὸν
1318 1237 1510 1310 κύριον
1547 1235 1737 1291 αὑτοῦ.
1769 1235 1902 1302 Καὶ,

329 1333 393 1385 Εἰ
421 1331 604 1402 πατὴρ
628 1331 737 1399 ἐγώ
758 1331 896 1400 εἰμι,
927 1329 1031 1382 ποῦ
1055 1329 1204 1382 ἐστιν
1230 1330 1263 1399 ἡ
1291 1329 1417 1395 δόξα
1443 1346 1577 1399 μου;
1608 1329 1721 1393 καὶ,
1747 1329 1795 1380 εἰ
1817 1327 1908 1381 κύ-

332 1427 445 1497 ριός
491 1427 628 1496 εἰμι,
682 1423 785 1477 ποῦ
831 1425 981 1476 ἐστιν
1029 1422 1057 1474 6
1103 1421 1271 1490 φόσος
1305 1437 1444 1490 μου;
1475 1440 1493 1472 ι
1547 1419 1779 1490 Ὁμοίως
1809 1420 1906 1474 καὶ

327 1519 355 1570 6
386 1515 548 1568 Δαυΐδ
569 1531 583 1545 ο
646 1531 665 1565 ι
700 1513 869 1582 Φησὶν
916 1512 944 1563 6
989 1511 1311 1581 παράνομος
1338 1549 1352 1572 ,
1418 1507 1538 1562 1:06'
1563 1509 1906 1579 ἁμαρτάνειν

327 1609 384 1660 ὲν
415 1605 593 1677 ἑαυτῷ
614 1622 628 1635 ’
665 1605 781 1658 Οὐκ
815 1603 964 1657 ἔστιν
995 1602 1160 1671 φόϐος
1183 1599 1341 1666 Θεοῦ,
1380 1601 1641 1654 ἀπέναντι
1671 1601 1778 1654 τῶν
1802 1601 1903 1669 ὀφ-

328 1698 552 1769 θαλμῶν
588 1695 776 1752 αὐτοῦ.
795 1716 814 1748 ι
845 1695 904 1749 '0
929 1695 986 1748 δὲ
1012 1695 1218 1763 Πέτρος
1251 1694 1440 1764 φησὶν,
1468 1694 1549 1746 ὄτι
1582 1712 1600 1744 ι
1630 1693 1689 1746 'U
1713 1693 1905 1764 καιρὸς

323 1791 419 1846 τοῦ
467 1791 741 1861 ἄρξασθαι
787 1788 850 1841 τὸ
888 1780 1070 1860 ’κρῖμα
1113 1786 1222 1840 ἀπὸ
1254 1785 1349 1838 τοῦ
1379 1786 1529 1839 οἴκου
1561 1784 1655 1838 τοῦ
1685 1785 1843 1840 Θεοῦ,
1876 1804 1896 1836 ι

2011 592 2296 661 spectione
2321 605 2487 662 opus,
2521 590 2627 644 sibi
2660 602 2719 646 ut
2747 595 2983 663 quisque
3008 593 3280 658 attendat,
3303 609 3406 647 nec
3428 596 3592 663 quid--

2009 698 2173 753 quam
2232 699 2399 754 supra
2448 681 2712 739 viriculas
2754 685 3008 754 proprias
3057 700 3246 739 secum
3287 688 3588 742 constituat

2009 773 2266 844 aggredi,
2304 774 2603 844 nequando
2635 775 2770 828 illud
2802 774 3144 830 Habacucin
3172 790 3228 830 se
3256 775 3460 831 haheat
3485 779 3583 832 de-

2008 866 2256 935 torqueri
2318 885 2332 920 :
2392 885 2409 917 ι
2456 867 2737 936 Arrogans
2789 877 2847 920 et
2893 874 3279 935 contemptor,
3335 867 3584 922 insolens

2005 965 2062 1011 et
2110 957 2424 1026 superbus,
2480 958 2617 1011 nihil
2669 958 2736 1011 ad
2769 957 2936 1012 ﬁnem
2971 973 3152 1027 usque
3199 958 3532 1028 perducet‘.
3564 981 3580 1010 ι

2008 1046 2131 1103 Alio
2162 1049 2295 1103 item
2321 1050 2446 1102 loco
2500 1066 2512 1101 :
2575 1069 2592 1100 ‹
2624 1049 2763 1104 Vivo
2807 1064 2939 1120 ego,
2981 1051 3118 1105 dicit
3148 1051 3439 1116 Dominus,
3478 1052 3588 1106 nisi

2005 1139 2380 1212 gloriﬁcantes
2398 1141 2724 1212 gloriﬁcabo
2746 1161 2759 1209 ;
2784 1142 2879 1212 qui
2909 1150 3096 1198 autem
3128 1145 3444 1198 contemnit
3472 1161 3581 1210 mc,

2005 1234 2118 1289 erit
2148 1233 2412 1304 ignobilis
2443 1236 2534 1288 ⁸³⁸.
2569 1253 2587 1286 ι
2645 1235 3036 1290 Paroemiastcs
3067 1253 3078 1288 :
3118 1255 3135 1286 ι
3159 1235 3261 1302 Qui
3296 1252 3412 1290 rem
3443 1253 3586 1306 qua-

2005 1324 2341 1394 lemcunque
2368 1326 2700 1392 contemnit,
2730 1333 3124 1382 contemnetur
3150 1328 3217 1382 ab
3242 1343 3338 1394 ea;
3366 1329 3462 1398 qui
3489 1345 3588 1383 au-

2009 1425 2118 1472 tem
2155 1428 2384 1473 veretur
2417 1419 2782 1489 praetergredi
2814 1419 3159 1484 mandatum,
3195 1435 3361 1475 sanus
3389 1430 3475 1476 est
3498 1423 3540 1474 ⁷.
3563 1442 3580 1472 ι

2007 1511 2262 1566 Michaaas
2297 1512 2427 1566 item
2459 1529 2471 1566 :
2506 1531 2523 1563 ι
2550 1512 2727 1566 Filius
2745 1512 3019 1582 gloriﬁcat
3051 1521 3287 1582 patrem,
3317 1523 3588 1568 etservus

2007 1604 2292 1658 dominum
2339 1619 2521 1658 suum.
2583 1603 2740 1670 Quod
2778 1604 2823 1660 si
2857 1614 3017 1674 pater
3046 1620 3148 1676 ego
3177 1621 3297 1660 sum
3321 1646 3336 1671 ,
3374 1604 3584 1661 ubi'est

2007 1695 2182 1765 gloria
2211 1697 2366 1749 mea?
2399 1706 2474 1762 et,
2498 1696 2544 1750 si
2577 1696 2838 1751 dominus
2866 1712 2967 1767 ego
2996 1713 3140 1762 sum,
3179 1697 3274 1752 ubi
3300 1706 3384 1752 est
3417 1698 3584 1752 timor

2009 1785 2298 1839 meus“?
2330 1803 2348 1836 ι
2389 1786 2597 1840 Eodem
2630 1795 2846 1856 spectat
2875 1787 3012 1841 illud
3044 1787 3268 1843 Davidis
3319 1807 3330 1842 :
3388 1808 3406 1840 ι
3438 1790 3586 1844 Dixit

324 1886 388 1939 Ei
416 1885 473 1937 δὲ
507 1885 600 1952 ἀφ’
625 1885 656 1953 ἡ
668 1882 785 1952 μῶν
816 1881 1062 1952 πρῶτον,
1112 1879 1167 1931 τί
1197 1880 1257 1931 τδ
1282 1878 1438 1942 τέλος
1468 1879 1578 1932 τῶν
1604 1878 1897 1932 ἀπειθούν-

2005 1876 2238 1946 injustus
2263 1915 2277 1940 ,
2337 1884 2399 1930 ut
2449 1877 2740 1947 delinquat
2772 1877 2828 1933 in
2861 1879 3200 1948 semetipso,
3252 1895 3360 1934 non
3395 1891 3478 1935 est
3514 1882 3586 1935 ti-

324 1995 470 2044 των;
506 1976 617 2030 Καὶ
653 1979 701 2030 εἰ
734 1979 762 2030 6
787 1975 1000 2037 δίκαιος
1032 1973 1187 2045 μόλις
1217 1971 1476 2035 σώζεται,
1510 1974 1539 2025 6
1572 1971 1778 2042 ἀσεϐὴς
1807 1972 1902 2026 καὶ

325 2070 652 2141 ἁμαρτωλὸς
685 2067 789 2121 ποῦ
820 2070 1103 2137 φανεῖται;
1136 2066 1247 2119 Καὶ
1274 2068 1301 2119 6
1329 2066 1540 2128 Παῦλος
1568 2065 1900 2136 Κορινθίοις⁶
1937 2063 1940 2066 ’

333 2183 352 2214 ι
381 2163 482 2216 Διὰ
513 2162 673 2216 τοῦτο
706 2164 763 2216 ὲν
795 2162 924 2231 ὑμῖν
957 2159 1145 2212 πολλοὶ
1171 2157 1441 2225 ἀσθενεῖς,
1477 2159 1572 2211 καὶ
1603 2159 1899 2228 ἄρρωστοι,

325 2253 422 2308 καὶ
475 2252 777 2322 κοιμῶνται
829 2251 1031 2304 ἱκανοί.
1085 2250 1149 2302 Εἰ
1182 2249 1291 2320 γὰρ
1329 2250 1558 2312 ἑαυτοὺς
1588 2249 1900 2320 ὲκρίνομεν,

324 2345 427 2398 οὐκ
454 2345 520 2398 ἂν
548 2343 912 2414 ὲκρινόμεθα’
950 2343 1266 2413 κρινόμενοι
1292 2340 1372 2405 δὲ,
1406 2341 1510 2394 ὑπὸ
1536 2341 1744 2411 Κυρίου
1777 2359 1903 2395 παι-

324 2433 594 2505 δευόμεθα
614 2472 629 2498 ,
687 2433 773 2486 ἵνα
829 2431 904 2502 μὴ
937 2433 1033 2484 σὺν
1063 2431 1139 2501 τῷ
1167 2432 1360 2501 κόσμῳ
1389 2431 1843 2502 κατακριθῶμεν.
1878 2452 1895 2484 ι

327 2526 440 2580 Καὶ
468 2520 654 2589 αὖθις·
693 2543 711 2577 ι
734 2525 798 2577 Ἠ
826 2523 1008 2594 ἡμέρα
1033 2523 1240 2594 Κυρίου
1267 2523 1340 2587 ὡς
1367 2523 1608 2593 κλέπτης
1635 2525 1696 2577 ὲν
1722 2524 1899 2592 νυκτὶ,

325 2617 497 2681 οῦτως
529 2617 771 2687 ἔρχεται.
797 2617 966 2670 Ὅταν
991 2615 1046 2668 δὲ
1076 2616 1308 2684 λέγωσιν
1327 2632 1340 2647 ·
1365 2617 1572 2687 Εἰρήνη
1604 2616 1696 2669 καὶ
1722 2616 1902 2685 ἀσφά-

325 2712 477 2774 λεια,
530 2709 652 2761 τότε
718 2707 985 2776 αἰφνίδιος
1005 2703 1289 2774 ἐφίσταται
1337 2707 1524 2770 αὐτοῖς
1581 2706 1827 2777 ὄλεθρος.
1877 2727 1895 2760 ι

323 2802 496 2872 Φησὶν
525 2801 582 2854 δὲ
611 2799 703 2854 καὶ
734 2799 893 2862 ἄλλος
911 2812 924 2826 ·
959 2815 978 2849 ι
1006 2797 1098 2866 Μὴ
1123 2797 1305 2870 εἴπῃς,
1336 2798 1396 2850 '0
1423 2799 1707 2869 οἰκτιρμδς
1733 2798 1900 2852 αὑτοῦ

327 2891 520 2956 πολὺς,
551 2891 647 2944 καὶ
675 2891 735 2942 τὸ
760 2888 965 2958 πλῆθος
995 2888 1105 2942 τῶν
1129 2889 1418 2960 ἁμαρτιῶν
1440 2906 1544 2959 μου
1571 2889 1898 2954 ὲξιλάσεται.

330 2983 518 3046 Ἔλεος
549 2982 660 3051 γὰρ
696 2980 790 3034 καὶ
821 2981 959 3053 ὀργὴ
996 2981 1126 3051 παρ’
1154 2981 1359 3050 αὐτῷ.»
1399 2982 1511 3034 Καὶ
1539 2980 1736 3035 πάλιν·
1771 2999 1789 3032 ι
1810 2981 1900 3052 Μὴ

326 3074 565 3144 ἀνάμενε
594 3071 945 3143 ἐπιστρέφειν
974 3071 1111 3142 πρὸς
1137 3071 1346 3142 Κύριον
1366 3109 1382 3136 ,
1435 3071 1532 3124 καὶ
1565 3069 1640 3142 μὴ
1666 3072 1901 3127 ἀναϐάλ-

325 3165 417 3218 λου
469 3163 686 3234 ἡμέραν
736 3165 794 3230 ἐξ
842 3161 1079 3233 ἡμέρας.
1141 3161 1302 3214 Καθὰ
1342 3161 1450 3231 γὰρ
1487 3162 1550 3214 τὸ
1582 3163 1716 3214 πολὺ
1753 3162 1900 3226 ἔλεος

326 3255 489 3310 αὐτοῦ
510 3298 525 3323 ,
570 3255 742 3319 οὕτως
775 3256 868 3309 καὶ
896 3255 1064 3318 πολὺς
1097 3255 1124 3306 6
1157 3253 1378 3324 ἔλεγχος
1408 3252 1597 3308 αὐτοῦ.
1631 3272 1648 3305 ι
1693 3255 1898 3318 Ἀνδρα

327 3348 466 3401 κατὰ
497 3347 564 3401 τὰ
593 3347 729 3418 ἔργα
761 3345 928 3399 αὐτοῦ
959 3347 1158 3416 κρινεῖ.
1195 3346 1305 3398 Καὶ
1336 3345 1364 3397 6
1396 3345 1693 3415 Ἰεζεκιήλ’
1754 3364 1772 3397 ι
1816 3347 1904 3399 Ἐν

323 3437 404 3509 τῷ
446 3438 814 3508 ἀποστρέφειν
849 3437 1060 3491 δίκαιον
1111 3437 1175 3489 ὲκ
1202 3437 1302 3506 τῆς
1329 3436 1680 3508 δικαιοσύνης
1710 3436 1901 3501 αὑτοῦ,

325 3531 421 3584 καὶ
469 3529 696 3598 ποιῆσαι
747 3529 964 3582 ἀδικίαν
991 3569 1004 3594 ,
1066 3530 1242 3582 πᾶσαι
1282 3530 1336 3581 αἱ
1365 3528 1707 3582 δικαιοσύναι
1735 3529 1902 3583 αὐτοῦ

315 3621 388 3674 οὐ
443 3619 516 3690 μὴ
569 3620 910 3690 μνησθῶσιν,
949 3622 1007 3672 ὲν
1037 3623 1102 3690 τῇ
1133 3619 1378 3691 ἁμαρτίᾳ
1407 3620 1574 3672 αὑτοῦ
1611 3620 1904 3674 ἀποθανεῖ-

325 3729 436 3766 ται.
483 3711 756 3765 Ἕκαστον
807 3711 949 3764 κατὰ
1001 3711 1100 3781 τὴν
1149 3711 1268 3765 ὁδὸν
1309 3711 1509 3776 αὑτοῦ,
1567 3715 1624 3765 έν
1758 3711 1905 3784 εὕρω

325 3805 510 3870 αὐτὸν,
549 3803 720 3874 κρινῶ
747 3803 930 3866 αὑτὸν,
957 3802 1108 3870 λέγει
1140 3803 1365 3874 Κύριος.
1408 3822 1426 3856 ι
1460 3804 1572 3857 Καὶ
1597 3806 1626 3858 6
1647 3804 1861 3869 Παῦλος
1887 3821 1900 3836 ·

333 3917 354 3950 ι
391 3898 538 3967 ’Ἄρα
567 3895 662 3950 οῦν
699 3895 773 3966 μὴ
805 3883 1182 3964 καθεύδωμεν,
1216 3896 1354 3950 ἀλλὰ
1379 3897 1769 3968 γρηγορῶμεν,
1807 3897 1903 3950 καὶ

324 3989 602 4057 νήφωμεν.
642 3987 704 4038 υἱ
736 3984 846 4053 γὰρ
882 3984 1258 4050 καθεύδοντες,
1298 3986 1494 4050 νυκτὸς
1521 3986 1897 4053 καθεύδουσιν,

326 4079 420 4132 καὶ
449 4079 499 4132 οἱ
528 4076 914 4148 μεθύσκοντες,
950 4078 1146 4143 νυκτὸς
1175 4077 1561 4149 μεθύσκουσιν.
1610 4099 1628 4131 ι
1664 4081 1776 4133 Καὶ
1803 4081 1901 4134 ἐπ-

326 4171 451 4237 άγει
474 4187 490 4204 ο
547 4189 567 4222 ι
607 4171 693 4232 Ὠς
740 4169 907 4222 τέκνα
941 4170 1119 4238 φωτὸς
1156 4173 1534 4240 περιπατεῖτε,
1566 4170 1899 4242 ἐξαγοραζό-

329 4277 482 4330 μενοι
526 4261 618 4314 τὸν
657 4260 890 4331 καιρὸν,
942 4261 1025 4314 δτι
1074 4262 1128 4314 αἰ
1165 4261 1371 4332 ἡμέραι
1407 4262 1643 4333 πονηραί
1677 4265 1837 4317 εἰσιν.
1875 4283 1891 4315 ι

322 4351 490 4422 Φησὶν
516 4350 573 4403 δὲ
603 4352 699 4405 καὶ
728 4353 756 4403 6
781 4351 1015 4422 Κύριος·
1055 4371 1073 4403 ι
1099 4353 1454 4423 Γρηγορεῖτε,
1490 4355 1572 4406 ὅτι
1600 4355 1700 4407 οὐκ
1719 4355 1898 4410 οἴδατε

321 4441 452 4512 ποίᾳ
476 4443 661 4512 ἡμέρᾳ
690 4445 718 4495 6
745 4443 952 4512 Κύριος
977 4443 1134 4513 ὑμῶν
1160 4443 1400 4514 ἔρχεται.
1420 4446 1629 4498 Ἐκεῖνο
1656 4445 1713 4498 δὲ
1739 4447 1897 4514 γινώ⁹

2005 1984 2128 2023 mor
2158 1969 2254 2023 Dei
2287 1975 2416 2024 ante
2443 1970 2640 2024 oculos
2667 1971 2788 2040 ejus
2809 1971 2871 2025 ‘°.
2911 1968 3109 2024 Petrus
3134 1987 3358 2042 quoque
3385 1990 3396 2025 :
3429 1972 3585 2028 «Jam

2007 2071 2226 2131 tempus
2257 2070 2372 2126 est,
2422 2071 2482 2116 ut
2517 2063 2748 2132 incipiat
2771 2064 3046 2134 judicium
3081 2080 3109 2118 a
3140 2064 3309 2119 domo
3341 2064 3439 2120 Dei
3463 2065 3526 2120 “.
3560 2084 3579 2117 ›

2009 2152 2221 2223 1085
2257 2152 2411 2219 Quod
2445 2153 2491 2208 si
2519 2169 2549 2208 a
2581 2155 2747 2209 nobis
2771 2156 3042 2224 primum,
3079 2156 3205 2225 quis
3233 2155 3360 2211 ﬁnis
3390 2172 3585 2211 eorum

2004 2246 2098 2314 qui
2133 2260 2244 2299 non
2273 2245 2542 2300 credunt?
2575 2246 2643 2301 Et
2677 2247 2722 2301 si
2742 2248 2932 2316 justus
2963 2248 3052 2301 vix
3081 2249 3353 2314 salvatur,
3381 2249 3586 2318 impius

2003 2342 2061 2388 et
2082 2341 2343 2403 peccator
2368 2333 2463 2387 ubi
2488 2334 2799 2402 parebunt?
2820 2336 3023 2390 Paulus
3043 2335 3385 2392 Corinthiis:
3410 2357 3427 2389 ι
3448 2338 3586 2394 Pro-

2003 2431 2130 2494 pter
2175 2425 2284 2480 hoc
2333 2425 2482 2480 inter
2512 2439 2614 2480 vos
2648 2427 2806 2480 multi
2838 2426 3042 2482 inﬁrmi
3075 2438 3132 2484 et
3159 2429 3492 2491 imbecilles,
3528 2439 3586 2485 et

2004 2515 2292 2570 dormiunt
2321 2518 2503 2571 multi.
2569 2518 2625 2572 Si
2661 2519 2812 2572 enim
2857 2534 2960 2574 nos
2996 2520 3146 2590 ipsos
3173 2521 3579 2592 judicaremus,

2004 2624 2116 2664 non
2163 2609 2358 2678 utique
2395 2610 2812 2680 judicaremur;
2863 2611 2996 2666 dum
3029 2623 3214 2668 autem
3241 2614 3582 2685 iudicamur,

2005 2717 2034 2754 a
2080 2702 2314 2756 Domino
2354 2703 2730 2772 corripimur,
2795 2713 2859 2759 ut
2908 2720 3023 2759 non
3075 2720 3204 2760 cum
3240 2706 3347 2762 hoc
3373 2708 3584 2763 mundo

2004 2792 2442 2848 damnemur".»
2473 2795 2691 2850 Rursus
2716 2813 2728 2848 :
2759 2814 2776 2846 ι
2798 2795 2926 2850 Dies
2949 2796 3192 2863 Domini,
3211 2807 3476 2870 tanquam
3494 2799 3583 2854 fur

2004 2883 2060 2938 in
2090 2894 2275 2950 nocte,
2313 2887 2390 2940 ita
2419 2887 2627 2941 veniet.
2666 2887 2804 2942 Cum
2831 2898 3018 2944 autem
3050 2889 3299 2945 dixerint
3335 2908 3349 2945 :
3384 2893 3495 2947 Pax
3528 2903 3584 2947 et

2003 2977 2278 3031 securitas
2308 3015 2323 3040 ,
2381 2984 2512 3031 tunc
2546 2979 2876 3047 repentinus
2907 2982 3268 3050 superveniet
3294 2983 3378 3038 eis
3406 2983 3584 3040 inter-

2005 3068 2119 3122 itus
2147 3068 2212 3122 ".
2239 3087 2257 3120 ι
2322 3069 2429 3124 Sed
2460 3079 2515 3125 et
2541 3070 2683 3126 alius
2715 3088 2728 3124 :
2764 3090 2782 3122 ι
2809 3071 2889 3126 Ne
2917 3073 3149 3140 dixeris,
3187 3075 3318 3144 quia
3349 3077 3584 3132 misera-

2005 3161 2086 3214 tio
2106 3159 2326 3215 Domini
2365 3161 2558 3226 multa,
2581 3163 2926 3232 multitudini
2952 3175 3306 3235 peccatorum
3332 3183 3585 3224 meorum

2008 3251 2426 3322 propitiabitur.
2442 3253 2822 3310 Misericordia
2842 3267 2898 3312 et
2916 3257 2999 3312 ira
3021 3259 3167 3328 apud
3185 3274 3312 3313 eum
3337 3261 3545 3315 sunt“.
3561 3280 3579 3312 ι

2006 3343 2213 3398 Iterum
2270 3362 2282 3398 :
2345 3364 2363 3396 ι
2399 3345 2477 3400 Ne
2525 3347 2712 3402 tardes
2748 3349 2999 3404 converti
3042 3351 3112 3404 ad
3145 3351 3477 3420 Dominum,
3529 3365 3586 3408 et
3649 3350 3655 3358 ’

2006 3449 2074 3488 ne
2118 3434 2346 3490 diﬁ‘eras
2392 3435 2461 3490 de
2501 3436 2592 3492 die
2637 3438 2694 3493 in
2733 3438 2928 3507 diem;
2985 3441 3294 3496 secundum
3328 3444 3584 3500 multitu-

2006 3526 2192 3580 dinem
2210 3528 2610 3594 misericordiae
2627 3530 2769 3600 ejus,
2789 3531 2863 3585 ita
2885 3539 2941 3586 ct
2964 3532 3275 3604 increpatio
3293 3537 3468 3608 ipsius
3482 3541 3544 3594 ".
3561 3562 3578 3592 ι

2005 3619 2197 3673 Virum
2217 3621 2524 3675 secundum
2547 3624 2938 3693 operajudicat
2980 3626 3274 3686 Ezechiel:
3302 3652 3318 3684 ι
3345 3633 3400 3688 Si
3426 3616 3611 3691 aven.

2006 3726 2101 3767 sus
2129 3711 2302 3768 fuerit
2323 3715 2508 3784 justus
2539 3730 2569 3768 a
2596 3716 2812 3786 justitia
2839 3732 2966 3783 sua,
3003 3731 3058 3774 et
3091 3721 3288 3778 fecerit
3313 3725 3582 3805 iniquita-

2005 3809 2114 3856 tem
2144 3843 2157 3867 ,
2214 3819 2408 3860 omnes
2446 3807 2679 3876 justitia:
2711 3809 2832 3878 ejus
2867 3826 2982 3866 non
3011 3815 3481 3882 recordabuntur,
3522 3821 3579 3875 in

2003 3901 2230 3962 peccato
2258 3909 2358 3948 suo
2387 3896 2678 3950 morietur.
2736 3899 3217 3970 Unumquemquc,
3247 3905 3404 3975 juxta
3433 3908 3578 3961 viam

2003 3998 2160 4037 suam
2214 3985 2270 4039 in
2307 4001 2415 4054 qua
2463 3985 2730 4042 invenero
2774 4004 2933 4054 eum,
2980 3992 3266 4061 judicabo,
3303 3995 3438 4050 dicit
3466 3999 3579 4053 D0-

2002 4075 2187 4130 minus
2213 4076 2273 4128 ¹⁸.
2306 4095 2324 4128 ι
2370 4077 2572 4132 Paulus
2599 4078 2728 4132 item
2776 4096 2788 4132 :
2837 4099 2854 4131 ι
2885 4083 3075 4151 Itaque
3110 4100 3180 4139 ne
3209 4085 3576 4155 dormiamus,

2002 4167 2097 4220 sed
2126 4167 2418 4237 vigilemus
2447 4178 2502 4222 et
2534 4168 2704 4223 sobrii
2735 4171 2929 4226 simus.
2959 4175 3062 4239 Qui
3092 4176 3239 4230 enim
3266 4177 3573 4246 dormiunt,

1999 4267 2164 4314 nocte
2214 4259 2532 4326 dormiunt;
2593 4269 2650 4315 et
2702 4264 2796 4331 qui
2841 4265 2981 4319 ebrii
3023 4276 3183 4333 sunt,
3235 4279 3399 4328 nocte
3429 4273 3575 4329 ebrii

2000 4360 2129 4405 sunt
2153 4351 2215 4403 ¹⁷.
2239 4370 2256 4402 ι
2299 4351 2516 4407 Inducit
2545 4372 2557 4408 :
2591 4373 2607 4406 ι
2634 4355 2790 4410 Sicut
2825 4355 2922 4410 ﬁlii
2953 4358 3094 4414 lucis
3124 4361 3439 4426 ambulate,
3483 4382 3574 4422 re--

1999 4445 2271 4499 dimentes
2305 4454 2550 4514 tempus,
2601 4448 2730 4517 quia
2761 4447 2882 4504 dies
2908 4452 3034 4504 mali
3061 4462 3192 4507 sunt
3217 4455 3277 4507 ¹⁸.
3314 4475 3333 4508 ι
3377 4457 3485 4513 Sed
3519 4471 3574 4514 et

323 4551 504 4596 σκετε,
538 4534 618 4586 ὅτι
647 4534 695 4586 εἰ
725 4535 839 4604 ᾔδει
868 4535 895 4586 ὁ
920 4536 1310 4608 οἰκοδεσπότης
1334 4537 1464 4608 ποίᾳ
1486 4537 1702 4609 φυλακῇ
1727 4541 1754 4592 6
1774 4540 1898 4593 κλέ-

2005 4537 2266 4592 Dominus
2299 4555 2311 4590 :
2351 4557 2367 4588 ι
2405 4539 2635 4608 Vigilate
2662 4581 2674 4604 ,
2730 4544 2860 4611 quia
2896 4545 3125 4600 nescitis
3155 4561 3264 4615 qua
3291 4549 3426 4604 hora
3463 4553 3572 4606 Do-

321 4642 462 4695 πτης
493 4623 734 4694 ἔρχεται,
771 4626 1154 4697 ἐγρηγόρησεν
1185 4627 1274 4693 ἂν,
1307 4629 1402 4680 καὶ
1434 4629 1534 4681 ούκ
1595 4629 1778 4684 εἴασεν
1809 4630 1888 4684 δι-

319 4717 590 4783 ορυγῆναι
646 4714 746 4785 τὴν
794 4715 972 4768 οἰκίαν
1011 4716 1202 4769 αὑτοῦ.
1234 4717 1331 4770 Διὰ
1381 4717 1540 4773 τοῦτο
1592 4719 1688 4772 καὶ
1729 4721 1888 4790 ὑμεῖς

316 4805 537 4872 γίνεσθε
582 4805 828 4876 ἕτοιμοι,
883 4807 987 4870 ὅτι,
1099 4796 1219 4877 ῶρᾲ
1254 4808 1316 4860 οὑ
1351 4808 1674 4876 γινώσκετε,
1711 4814 1738 4863 ό
1767 4811 1893 4876 Υἱὸς

315 4897 412 4948 τοῦ
441 4896 731 4968 ἀνθρώπου
765 4897 1003 4969 ἔρχεται.
1030 4917 1050 4951 ι
1088 4900 1246 4969 Αύτῷ
1276 4901 1308 4969 ἡ
1335 4901 1463 4965 δόξα
1494 4904 1570 4965 εἰς
1601 4904 1727 4966 τοὺς
1757 4903 1892 4956 αἰῶ-

315 5005 415 5055 νας
444 4989 555 5042 τῶν
585 4989 817 5044 αἰώνων.
859 4989 1053 5060 Ἀμήν.

913 5192 1131 5247 ΛΟΓΟΣ
1153 5194 1290 5260 Acr.

865 5303 1005 5372 Περί
1032 5305 1337 5374 όκνηρίας.

401 5406 466 5469 ’ἀί
491 5412 722 5487 ὸκνηρία
755 5417 1111 5481 συνέζευκται
1143 5420 1206 5489 τῇ
1238 5421 1494 5492 πονηρίᾳ.
1526 5439 1543 5472 ι
1565 5422 1728 5476 Δοῦλε
1752 5426 1880 5497 γὰρ,

414 5563 667 5638 ἐιιιθε.
720 5584 834 5633 χιιι,
886 5571 973 5626 15.
1091 5571 1112 5602 ⁸
1143 5572 1305 5628 Prov.
1346 5590 1456 5638 xxx,
1511 5574 1601 5631 24.

314 5633 360 5667 ⁸⁸
391 5635 535 5705 Psal.
572 5633 733 5696 xxxv.
759 5641 813 5692 2.
929 5642 968 5673 ¹¹
1010 5643 1203 5698 lPetr.
1237 5661 1309 5705 Iv,
1346 5645 1428 5697 I7.

307 5703 528 5830 Z‘ibid.
563 5706 615 5759 8.
731 5709 775 5740 ¹⁶
810 5710 1012 5765 Ezecb.
1051 5729 1199 5777 xvnl,
1232 5703 1322 5776 24-,
1349 5713 1436 5768 30.

633 5869 904 5932 ΡΑΤιιοι..
947 5873 1061 5934 Gn.
1110 5874 1415 5938 LXXXIX.

1738 5579 1807 5611 ⁸·⁶
1841 5580 1857 5635 l
1889 5582 2024 5649 Reg.
2080 5599 2138 5649 ιι,
2191 5583 2280 5639 50.

1544 5647 1585 5677 "
1624 5646 1794 5703 ICor.
1827 5667 1900 5713 ιιι,
1932 5646 2121 5706 Ξῧ-ὅε.

1555 5717 1597 5746 ’⁵
1634 5717 1650 5771 Ι
1686 5718 1878 5774 Thess.
1915 5737 1967 5788 ν,
2009 5724 2062 5788 6,
2124 5725 2171 5778 7.

1998 4629 2184 4683 minus
2208 4637 2391 4685 vester
2418 4640 2688 4688 venturus
2711 4635 2799 4688 sit.
2829 4635 2964 4689 Illud
2989 4645 3172 4692 autem
3197 4639 3392 4697 scitote
3419 4645 3569 4713 quia,

1997 4719 2042 4774 si
2073 4719 2243 4775 sciret
2271 4722 2670 4791 paterfamilias
2710 4741 2817 4794 qua
2848 4727 3034 4798 vigilia
3065 4728 3155 4782 fur
3181 4732 3428 4799 veniret,
3483 4739 3568 4792 vi-

1993 4814 2193 4883 gilaret
2211 4815 2424 4885 utique,
2454 4826 2510 4870 et
2534 4833 2643 4872 non
2662 4819 3110 4891 sineretpcrfodi
3134 4825 3360 4882 domum
3387 4846 3566 4884 suam.

1990 4906 2342 4977 Quapropter
2390 4917 2445 4963 et
2492 4925 2590 4964 vos
2649 4921 2828 4968 estote
2864 4915 3064 4983 parati,
3101 4917 3252 4986 quia,
3289 4935 3397 4990 qua
3433 4921 3567 4975 liora

1990 5015 2099 5054 non
2136 4999 2364 5068 putatis,
2399 5000 2573 5056 Filius
2607 5002 2852 5058 hominis
2890 5006 3155 5061 veniet".
3189 5029 3205 5059 ι
3254 5010 3362 5079 Ipsi
3397 5011 3569 5080 gloria

1989 5087 2046 5142 in
2078 5091 2299 5144 saecula.
2332 5090 2529 5149 Amen.

2509 5207 2793 5265 IIOMILIA
2824 5209 3065 5265 XXXVI.

2614 5321 2686 5376 De
2717 5324 2952 5394 pigritia.

2065 5429 2294 5501 Pigritia
2325 5432 2588 5502 nequitiae
2617 5434 2911 5503 conjuncta
2941 5443 3025 5490 est
3052 5444 3105 5490 et
3133 5435 3331 5493 aIIinis.
3361 5454 3380 5492 ι
3401 5440 3572 5496 Serve

2415 5587 2440 5616 "
2475 5587 2635 5641 Prov.
2674 5604 2784 5649 xix,
2841 5589 2928 5643 16.

2238 5655 2331 5708 “'I
2392 5656 2583 5710 Thess.
2625 5674 2678 5721 v,
2740 5661 2795 5722 2,
2857 5661 2908 5714 5.

2281 5725 2324 5756 ³⁸
2354 5726 2554 5795 Ephes.
2596 5744 2646 5793 v,
2679 5729 2730 5794 8,
2765 5729 2848 5784 IG.

3066 5591 3135 5624 ⁸·⁹
3171 5593 3403 5650 Malach.
3441 5611 3480 5660 ι,
3515 5598 3566 5652 6.

3032 5661 3078 5693 ¹⁸
3150 5663 3319 5718 Eccli.
3353 5682 3406 5732 v,
3437 5665 3492 5731 6,
3516 5669 3568 5725 τ.

2964 5731 3004 5782 ἓθ
3036 5733 3227 5790 Matth.
3258 5752 3405 5802 xxn,
3469 5737 3563 5792 4‘2.

3133 5893 3204 5955 49
