3986 6148
484 376 628 445 1547

1735 372 2104 436 ANTIOCHI
2144 374 2487 436 MONACHI

3594 382 3703 448 15:23

487 502 731 558 nequam
763 497 820 545 et
849 488 1066 560 piger"
1089 507 1135 553 ι,
1170 487 1250 543 ait
1279 487 1568 543 Dominus.
1604 486 1741 543 Cum
1771 487 1956 557 itaque
1985 501 2074 540 ro-

2178 484 2371 554 φησιν,
2424 486 2542 558 καὶ,
2566 483 2771 556 πονηρὲ
2819 485 2914 540 καὶ
2953 488 3176 559 ὀκνηρέ.
3208 506 3226 541 ι
3287 486 3393 543 Τοῦ
3419 484 3507 543 οῦν
3531 491 3704 562 Κυρίου

489 586 598 640 bur
649 582 867 639 abunde
914 581 1233 651 suppeditet
1269 580 1576 645 Dominus,
1635 580 1893 651 viresque
1940 594 2071 650 sug-

492 684 676 748 gerat,
699 674 928 727 multam
946 672 1132 741 reipsa
1155 680 1498 726 ostentemus
1513 670 1859 727 alacritatem
1878 670 2069 737 animi,

492 772 661 834 atque
691 779 720 817 a
751 761 913 818 nobis
945 776 1110 832 porro
1134 773 1516 830 expungamus
1539 759 1913 814 omnimodam
1939 774 2074 813 cun-

493 855 795 910 ctationem
827 853 945 908 sive
976 851 1256 923 pigritiam
1284 892 1299 917 ,
1357 851 1523 921 inque
1552 850 1737 906 veraci
1769 852 1930 906 vinea
1965 850 2072 907 im-

492 948 648 1018 pigre
683 960 982 1016 operemur
1014 959 1114 1014 per
1146 953 1396 999 exactam
1429 943 1818 1009 mandatorum
1849 942 2070 996 Domini

440 1034 449 1039 ’
492 1038 941 1093 observationem
963 1076 978 1099 ,
1028 1043 1293 1105 tanquam
1327 1035 1550 1106 ingenui
1587 1050 1653 1088 ac
1681 1033 1916 1104 legitimi
1949 1032 2069 1099 filii,

492 1147 605 1186 non
648 1131 780 1185 item
834 1134 901 1183 ut'
946 1128 1090 1183 servi
1126 1127 1364 1198 improbi
1409 1127 1527 1182 sive
1558 1135 1620 1182 ut
1649 1125 1894 1195 operarii
1922 1139 2072 1180 mer-

493 1222 700 1279 cenarii
725 1262 740 1287 ,
797 1220 890 1290 qui
937 1220 1200 1290 pietatem
1241 1219 1393 1274 aliud
1422 1234 1543 1274 esse
1573 1218 1710 1273 nihil
1740 1219 2074 1290 promittunt

493 1322 659 1387 quam
708 1321 1017 1384 quaestum,
1071 1327 1173 1367 suo
1228 1311 1452 1366 interim
1507 1311 1815 1366 servientes
1866 1310 2071 1375 ventri,

491 1424 592 1479 per
631 1421 828 1461 suaves
857 1419 1146 1459 sermones
1195 1411 1252 1458 et
1295 1403 1716 1458 benedictiones
1755 1401 1887 1456 dum
1919 1400 2071 1456 deci-

492 1499 653 1569 piunt
686 1497 854 1551 corda
886 1496 1285 1551 innocentium.
1346 1495 1455 1559 Ne,
1487 1496 1640 1566 juxta
1672 1494 1829 1548 Pauli
1858 1493 2072 1549 doctri-

492 1604 649 1653 nam,
688 1588 988 1642 abutamur
1020 1586 1227 1643 Christi
1253 1586 1501 1651 nomine,
1535 1586 1693 1656 quasi
1726 1586 1781 1640 in
1809 1585 2076 1640 nundinis

486 1680 879 1752 negotiantes;
940 1693 1079 1733 neve
1127 1677 1195 1732 ad
1229 1677 1635 1748 congerendam
1666 1677 1957 1747 pecuniam
1993 1676 2073 1730 si-

492 1788 618 1828 mus
648 1772 950 1836 avidiores,
986 1781 1043 1824 et
1075 1770 1315 1838 operarii
1345 1768 1557 1834 dolosi,
1616 1768 2075 1838 transﬁgurantes

494 1879 597 1919 nos
648 1864 704 1918 in
752 1862 1042 1916 ministros
1084 1861 1262 1925 lucis,
1321 1876 1447 1915 cum
1492 1860 1719 1915 interim
1755 1875 1922 1929 opere
1955 1858 2075 1929 ipso

494 1956 670 2011 simus
709 1956 1013 2010 tenebraa'l
1072 1971 1085 2007 :
1138 1954 1353 2024 1086
1397 1953 1534 2023 quin
1567 1953 1753 2023 potius
1782 1952 1945 2023 digne
1973 1967 2074 2006 vo-

494 2046 713 2102 catione
763 2060 1159 2104 conversemur
1214 2054 1271 2099 et
1315 2044 1663 2116 professione
1708 2045 1813 2123 hac
1850 2053 2073 2110 nostra,

494 2148 683 2193 sancte
725 2139 1006 2202 viventes,
1050 2138 1200 2208 juste
1250 2151 1317 2192 ac
1358 2136 1480 2207 pie,
1526 2137 1886 2206 providentes
1929 2137 2076 2192 bona

495 2248 607 2286 non
637 2231 815 2286 solum
844 2244 1028 2284 coram
1058 2230 1314 2293 Domino.
1351 2231 1447 2287 sed
1480 2231 1650 2285 etiam
1681 2243 1868 2283 coram
1892 2228 2102 2289 homis

494 2324 661 2379 nibus
689 2343 701 2378 :
729 2323 837 2378 hoc
858 2323 1008 2378 enim
1030 2323 1239 2393 justum
1269 2332 1328 2377 ut
1352 2324 1694 2393 gloriﬁcatur
1714 2323 1863 2377 Deus
1882 2320 1938 2373 in
1958 2335 2077 2374 om-

495 2418 686 2472 nibus.
723 2418 1085 2473 Excutiamus
1112 2432 1142 2470 a
1165 2414 1330 2468 nobis
1359 2432 1519 2482 quain
1548 2412 1866 2480 mugissime
1894 2412 2076 2465 lento-

496 2528 608 2567 rem
658 2511 852 2567 animi.
919 2511 990 2567 Ut
1048 2510 1243 2565 ﬁdeles
1286 2505 1457 2569 servi,
1494 2505 1639 2559 diem
1685 2505 2076 2576 praestolamur

494 2604 765 2658 adventus
817 2601 1036 2657 Domini
1074 2600 1251 2655 nostri
1296 2618 1308 2653 :
1354 2613 1465 2668 quo
1492 2596 1584 2651 die
1611 2597 1737 2652 (ιωιί
1762 2597 2071 2659 solventur,

495 2704 645 2749 terra
670 2704 853 2749 autem
879 2692 1228 2755 effervescat,
1247 2698 1303 2746 et
1327 2695 1547 2744 evomet
1569 2703 1667 2743 eos
1686 2687 1827 2758 quia
1848 2685 2075 2742 condito

494 2787 736 2857 primum
761 2784 896 2839 orbe
917 2781 1341 2838 obdormierint.
1362 2779 1574 2835 Montes
1598 2790 1762 2848 atque
1786 2777 1939 2831 arida
1955 2790 2077 2831 om-

495 2877 585 2931 nis
621 2877 1018 2946 obstupescent
1063 2891 1092 2929 a
1128 2874 1270 2928 iacie
1303 2872 1447 2942 ejus.
1484 2865 1633 2951 Cum
1658 2869 1878 2925 venerit
1902 2867 2075 2939 judex

496 2983 623 3023 cum
656 2967 902 3021 nubibus
923 3006 936 3031 ,
996 2974 1128 3021 tunc
1173 2964 1431 3019 universa
1459 2962 1725 3032 corripiet
1751 2969 1986 3024 tremor,
2020 2967 2078 3012 et

496 3063 768 3118 malorum
795 3063 1034 3116 virtutes
1065 3058 1460 3112 movebuntur.
1493 3055 1663 3109 Multa
1685 3053 1892 3109 etenim
1915 3050 2076 3106 valde

497 3149 672 3204 series
700 3157 785 3203 est
813 3160 1121 3203 castrorum
1149 3148 1291 3216 ejus,
1314 3144 1441 3214 quia
1462 3143 1633 3198 .l'ortia
1655 3156 1823 3213 opera
1844 3157 1966 3212 quae
1987 3156 2077 3195 so-

495 3244 551 3295 lo
573 3241 746 3296 verbo
771 3242 891 3312 ejus
923 3240 1054 3295 {ient
1081 3257 1093 3293 :
1122 3239 1177 3297 in
1209 3236 1635 3306 consumptione
1664 3244 1722 3290 et
1748 3233 2075 3290 commotio-

497 3350 567 3390 ne
592 3335 679 3389 via
703 3336 823 3405 ejus
848 3341 904 3388 et
929 3333 1108 3388 nubes
1132 3332 1312 3402 pulvis
1337 3318 1705 3401 pedum'ejus.
1752 3326 2080 3383 Intermina-

498 3438 591 3481 tnr
621 3427 778 3490 mari,
811 3434 868 3481 et
891 3425 1135 3481 exsiccat
1158 3425 1314 3480 illud.
1343 3421 1784 3480 Advenietenim
1811 3418 2078 3474 Dominus

496 3536 623 3574 cum
678 3519 865 3574 furore
907 3534 1008 3573 suo
1032 3559 1046 3583 ,
1099 3517 1258 3587 quasi
1305 3515 1469 3587 ignis,
1506 3522 1562 3569 et
1591 3510 1749 3584 quasi
1781 3519 2078 3579 tempestas

497 3610 777 3666 inundans
811 3625 1034 3664 currus.
1078 3609 1224 3680 Ignis
1258 3606 1538 3678 praecedet
1563 3590 1759 3659 faciem
1790 3603 1931 3673 ejus.
1971 3599 2077 3666 Qui

494 3701 913 3771 comperiantur
945 3700 1158 3755 strenui
1184 3699 1353 3754 fuisse
1381 3707 1438 3752 et
1465 3695 1685 3766 impigri
1722 3694 1776 3748 in
1808 3691 2078 3763 operibus

495 3794 680 3858 benis,
715 3793 784 3847 ad
815 3793 981 3847 vitam
1014 3791 1366 3862 emigrabunt
1394 3798 1693 3852 aeternam;
1731 3795 1945 3851 contra,
1981 3783 2076 3853 qui

493 3878 990 3955 deprchendemur
1039 3882 1198 3954 pigro
1245 3883 1458 3937 lentore
1507 3880 1814 3950 intepuisse
1868 3893 1932 3933 ac
1975 3876 2075 3930 lla-

493 3978 692 4047 gitiose
726 3976 928 4030 vixisse
954 4014 968 4035 ,
1003 3974 1072 4028 ad
1102 3973 1437 4043 supplicium
1462 3980 1733 4026 aeternum
1763 3968 2071 4038 rapientur.

496 4069 564 4124 Et
587 4069 811 4139 quidem
840 4067 1015 4122 visuri
1039 4073 1172 4122 sunt
1201 4064 1539 4119 horrendum
1566 4061 1699 4117 illud
1725 4076 1789 4116 ac
1813 4059 2076 4113 formida-

494 4160 606 4215 bile
656 4160 871 4216 Judicis
909 4158 1155 4213 tribunal
1207 4176 1219 4212 :
1272 4156 1366 4210 ubi
1412 4163 1470 4209 et
1506 4153 1670 4209 sedes
1713 4152 1769 4206 in
1796 4151 1903 4205 hoc
1922 4148 2075 4220 judi-

493 4249 641 4302 cium
659 4258 939 4317 apparata:
959 4245 1394 4316 conspicientur.
1410 4243 1556 4313 Ignis
1572 4241 1808 4312 proinde
1829 4238 2075 4293 ﬂuminis

493 4341 549 4395 in
577 4354 787 4395 morem
823 4338 1206 4410 prmterlluens
1251 4338 1306 4392 in
1343 4343 1646 4405 conspectu
1683 4332 1884 4405 iudicis
1911 4331 2071 4387 tanti.

495 4432 646 4487 Libri
664 4433 891 4501 insuper
907 4430 1111 4501 aperti;
1132 4430 1263 4484 hinc
1280 4428 1538 4484 omnibus
1556 4426 1734 4497 palam
1753 4424 1886 4479 ﬁent
1904 4422 2077 4478 homi-

2173 574 2275 646 τὴν
2311 577 2467 646 ἰσχὺν
2500 577 2985 649 ἐπιχορηγοῦντός,
3014 579 3110 633 καὶ
3134 582 3298 651 ἡμεῖς
3324 580 3384 633 τὸ
3407 579 3706 651 εὐπρόθυμον

2174 664 2440 735 δείξωμεν
2463 706 2477 730 ,
2532 667 2629 721 καὶ
2672 667 3074 739 ἀπορρίψωμεν
3122 669 3218 737 ἀφ’
3246 669 3404 741 ὴμῶν
3442 672 3610 726 πᾶσαν
3634 673 3708 726 ὀκσ

2178 751 2400 820 νηρίαν,
2440 752 2536 806 καὶ
2567 754 2798 823 ἐργάται
2828 755 3122 826 γενώμεθα
3152 758 3253 827 τῆς
3279 758 3533 829 ἀληθινῆς
3559 763 3697 830 ἀμπέ-

2175 843 2268 898 λου
2294 885 2310 911 ,
2366 845 2461 898 καί
2511 845 2755 914 φύλακες
2788 846 2898 900 τῶν
2926 848 3163 903 ἐντολῶν
3192 850 3287 903 τοῦ
3311 853 3513 923 Κυρίου
3541 852 3609 916 ὡς
3628 854 3710 907 υἱοί

2175 941 2412 1011 γνήσιοι,
2438 942 2531 994 καὶ
2565 942 2640 1012 μὴ
2665 941 2740 1005 ὡς
2765 942 2940 996 δοῦλοι
2971 944 3220 1015 πονηροὶ,
3243 945 3276 1015 ἢ
3306 947 3399 999 καὶ
3420 946 3492 1009 ὡς
3516 948 3710 1014 ἐργάται

2180 1034 2463 1104 μισθωτοὶ,
2499 1033 2818 1105 νομίζοντες
2851 1037 3124 1107 πορισμὸν
3149 1032 3290 1091 εἶναι
3318 1038 3419 1109 τὴν
3444 1038 3710 1107 εὐσέϐειαν,

2173 1124 2520 1190 δουλεύοντες
2540 1129 2661 1190 ταῖς
2677 1127 2859 1181 αὐτῶν
2878 1127 3137 1192 κοιλίαις,
3161 1128 3277 1193 καὶ,
3299 1130 3388 1183 διά
3406 1130 3501 1200 τῆς
3515 1146 3712 1201 χρηστοο

2175 1217 2366 1287 λογίας
2395 1218 2492 1272 καὶ
2519 1217 2798 1287 εὐλογίας,
2831 1218 3234 1286 ὲξαπατοῦντες
3261 1221 3364 1285 τάς
3390 1222 3607 1293 καρδίας
3625 1221 3713 1276 τῶν

2175 1310 2421 1364 ἀκάκων.
2445 1311 2538 1381 Μὴ
2557 1311 2868 1381 γενώμεθα,
2892 1312 2968 1375 ὡς
2991 1315 3017 1364 6
3039 1312 3255 1377 Παῦλός
3277 1330 3462 1383 φησιν,
3483 1314 3715 1386 χρηστὴι·

2175 1420 2357 1475 ποροι,
2393 1404 2489 1458 καὶ
2520 1405 2870 1477 φιλάργυροι,
2907 1405 3138 1476 ἐργάται
3165 1407 3357 1473 δόλιοι,
3394 1420 3715 1484 μετασχημα-

2173 1494 2449 1564 τιζόμενοι
2478 1496 2558 1558 είς
2580 1495 2865 1559 διακόνους
2887 1496 3101 1565 φωτὸςφ
3115 1497 3347 1563 σκότους
3371 1500 3713 1569 τυγχάνοντες·

2173 1586 2310 1640 ἀλλά
2360 1586 2531 1651 ἀξίως
2572 1586 2673 1656 τῆς
2711 1587 2957 1657 κλήσεως
3006 1590 3101 1642 καὶ
3146 1590 3246 1660 τῆς
3275 1590 3564 1658 ὁμολογίας
3589 1589 3718 1660 ἡμῶν

2174 1676 2653 1748 πολιτευσώμεθα,
2683 1679 2848 1742 ὁσίως
2874 1683 2968 1733 καὶ
2992 1680 3219 1744 δικαίως
3245 1683 3341 1736 καὶ
3364 1683 3597 1747 εὐσεδῶς
3613 1680 3718 1747 ζῶν·

2173 1785 2264 1831 τες
2285 1811 2299 1835 ,
2348 1769 2743 1838 προνοούμενοι
2772 1769 2937 1835 καλὰ,
2972 1772 3036 1824 οὐ
3071 1771 3235 1842 μόνον
3261 1773 3498 1828 ἐνώπιον
3519 1774 3718 1845 Κυρίου,

2109 1843 2150 1897 Β
2176 1860 2314 1914 ἀλλά
2358 1861 2454 1913 καί
2496 1861 2775 1929 ἀγγέλων,
2816 1863 2913 1915 και
2945 1862 3275 1933 ἀνθρώπων.
3333 1864 3504 1919 Τοῦτο
3530 1843 3629 1934 γάῥ
3652 1864 3720 1917 δι.

2175 1952 2332 2005 καιόν
2357 1954 2528 2015 ἐστιν,
2563 1953 2653 2006 ἵνα
2683 1952 2977 2022 δοξάζηται
3004 1956 3033 2007 6
3057 1955 3189 2019 Θεὸς
3213 1958 3271 2010 ὲν
3295 1959 3486 2012 πᾶσιν.
3503 1955 3724 2029 ’Δπορρί-

2174 2044 2365 2114 ψωμεν
2404 2040 2497 2099 οὖν
2540 2045 2639 2116 τὴν
2683 2047 2949 2117 ὀκνηρίαν
3002 2050 3097 2117 ἀφ’
3138 2049 3327 2120 ἡμῶν,
3381 2051 3474 2105 καὶ
3517 2051 3589 2113 ὡς
3619 2049 3722 2104 δοῦ-

2175 2135 2258 2189 λοι
2304 2137 2488 2189 πιστοί⁵
2534 2137 2900 2206 ἀναμένοντες
2941 2140 3041 2208 τὴν
3076 2141 3294 2211 ἡμέραν
3322 2143 3425 2211 τῆς
3450 2141 3722 2212 παρουσίας

2174 2228 2269 2281 τοῦ
2319 2227 2592 2281 Δεσπότου
2639 2229 2837 2299 ἡμῶν,
2895 2225 3015 2306 ὲνῇ
3064 2233 3115 2285 oi
3148 2233 3377 2302 οὐρανοὶ
3409 2232 3720 2304 λυθήσονται,

2176 2320 2276 2374 καὶ
2315 2322 2348 2391 ὴ
2385 2320 2459 2391 γῆ
2501 2320 2844 2392 ἀναδράσσει
2879 2324 3007 2388 τοὺς
3038 2325 3098 2392 ἐξ
3124 2327 3324 2391 αἰῶνος
3354 2326 3723 2390 καθεύδοντας,

2174 2413 2275 2483 ὅρη
2332 2415 2426 2466 καὶ
2477 2414 2627 2468 πᾶσα
2678 2416 2710 2485 ἡ
2762 2415 2904 2486 ξηρά
2952 2418 3282 2489 ἑκστήσεται
3314 2420 3428 2474 ἀπὸ
3458 2420 3723 2492 προσώπου

2179 2503 2371 2561 αὑτοῦ.
2408 2504 2602 2558 Ἡνίκα
2652 2507 3024 2576 παραγίνεται
3056 2510 3084 2562 6
3114 2510 3327 2580 Κριτὴς
3368 2512 3507 2581 μετά
3533 2510 3630 2564 τῶν
3652 2526 3724 2562 νε-

2176 2597 2353 2668 φελῶν
2373 2637 2388 2661 ,
2450 2597 2570 2651 τότε
2621 2598 2690 2651 τά
2719 2597 3011 2670 σύμπαντα
3038 2603 3242 2671 τρόμος
3269 2603 3537 2674 λήψεται,
3574 2602 3656 2656 καὶ
3678 2602 3726 2653 at

2174 2691 2283 2744 τῶν
2332 2690 2584 2761 οὐρανῶν
2632 2691 2897 2762 δυνάμεις
2945 2692 3375 2764 σαλευθήσονται
3401 2713 3416 2728 ο
3475 2696 3551 2750 διδ
3581 2692 3726 2762 πολλή

2176 2783 2329 2834 ἔστιν
2360 2783 2393 2852 ἡ
2426 2781 2753 2854 παρεμϐολὴ
2787 2782 2994 2851 σφόδρα
3020 2782 3220 2850 αὐτοῦ,
3271 2785 3362 2839 δτι
3398 2785 3590 2857 ίσγυρά
3611 2784 3727 2857 ἔργα

2176 2872 2350 2940 λόγων
2378 2871 2544 2927 αὐτοῦ
2567 2887 2581 2902 ⁸
2609 2875 2667 2926 ὲν
2699 2873 2982 2944 συντελείᾳ
3014 2876 3110 2928 καὶ
3140 2877 3200 2928 ὲν
3230 2877 3551 2949 συσσεισμῷ
3578 2873 3729 2942 ἠ’όδὸς

2177 2963 2349 3034 αὐτῷ,
2387 2962 2485 3016 καὶ
2528 2963 2732 3033 νεφέλη
2765 2964 3047 3033 κονιορτὸς
3077 2965 3255 3021 ποδῶν
3278 2967 3482 3022 αὐτοῦ·
3518 2962 3730 3021 ἀπειλῶν

2178 3055 2446 3124 Θαλάσσῃ,
2497 3055 2594 3107 καὶ
2641 3054 2915 3125 ξηραίνων
2958 3058 3150 3129 αὑτήν.
3200 3060 3363 3124 Ἥξει
3403 3062 3511 3131 γάρ
3556 3059 3730 3129 Κύριος

2104 3179 2150 3240 C
2183 3147 2323 3217 μετά
2352 3146 2733 3240 θυμοῦῌαὺτοῦ
2756 3147 2832 3210 ὡς
2858 3148 2993 3218 πῦρ,
3019 3151 3112 3203 καὶ
3134 3150 3210 3213 ὡς
3238 3154 3561 3223 καταιγίδες
3577 3152 3639 3205 τά
3656 3151 3732 3218 ἆρ-

2184 3255 2330 3308 ματα
2383 3238 2588 3292 αὐτοῦ’
2648 3239 2743 3293 καί
2793 3239 2905 3310 πῦρ
2960 3244 3408 3315 προπορεύσεται
3454 3242 3732 3315 ἔμπροσθεν

2179 3326 2370 3381 αὐτοῦ.
2408 3328 2524 3381 Kal
2554 3329 2605 3382 οί
2639 3329 2696 3380 ὲν
2721 3331 2836 3393 τοῖς
2867 3329 3151 3400 μνήμασιν
3180 3331 3515 3387 ἀκούσονται
3541 3332 3634 3400 τῆς
3653 3345 3732 3398 φο-

2178 3419 2348 3489 ϐερᾶς
2382 3418 2566 3490 φωνῆς
2596 3419 2761 3473 αὑτοῦ
2782 3460 2797 3483 ,
2857 3422 2954 3474 καὶ
3006 3422 3445 3494 ἐκπορεύσονται
3478 3425 3526 3477 al
3553 3423 3729 3482 dormt,

2178 3510 2271 3561 καὶ
2319 3509 2370 3560 οί
2414 3510 2472 3561 ὲν
2514 3509 2744 3576 ἀγαθοῖς
2780 3508 2988 3581 ἔργοις,
3026 3512 3106 3574 είς
3137 3510 3282 3582 ζωὴν
3309 3511 3534 3566 αίὼνιον
3557 3528 3571 3543 ·
3618 3508 3731 3564 οἱδὶ

2176 3601 2402 3670 ὀκνηροί
2424 3601 2521 3653 καὶ
2542 3599 2759 3669 φαῦλοι,
2780 3603 2862 3665 είς
2887 3602 3112 3655 κόλασιν
3137 3602 3383 3659 αίὼνιον.
3409 3604 3518 3658 Kal
3538 3602 3731 3672 ὕψονται

2176 3691 2239 3745 τὸ
2274 3691 2547 3761 φρικῶδες
2578 3690 2932 3763 δικαστήριον
2960 3692 3056 3746 τοῦ
3084 3693 3324 3764 Χριστοῦ
3352 3711 3369 3727 ο
3419 3694 3547 3749 ἔνθα
3577 3693 3732 3762 θρόνοι

2177 3783 2503 3853 πρόκεινται
2542 3783 2623 3844 είς
2659 3783 2839 3853 κρίσιν
2859 3820 2874 3844 ,
2929 3782 3025 3836 καὶ
3058 3783 3118 3837 τὸ
3146 3786 3469 3856 ποταμηδδν
3499 3784 3616 3856 ῥέον
3639 3780 3731 3847 πῦρ

2175 3873 2493 3945 ἔμπροσθεν
2551 3873 2762 3927 αὐτοῦ’
2823 3874 2920 3928 καὶ
2973 3874 3150 3944 βίϐλοι
3197 3876 3582 3948 ἀνεῳγμέναι,
3623 3871 3733 3927 ἔνθα

2176 3965 2407 4037 πράξεις
2462 3965 2963 4020 ἀνακαλύπτονται.
3023 3966 3116 4020 Διὸ
3169 3969 3607 4039 μνημονεύοντες
3650 3967 3733 4034 τὴν

2176 4061 2392 4131 ἡμέραν
2442 4061 2699 4130 ἐκείνην,
2781 4062 2857 4132 μὴ
2905 4056 3059 4133 ῶμεν
3105 4064 3337 4135 ὀκνηροί.
3390 4065 3488 4120 καὶ
3534 4062 3733 4134 ἀμελεῖς

2175 4155 2255 4221 ὲν,
2284 4155 2397 4217 τοῖς
2446 4155 2833 4237 προκειμένοις
2881 4157 3013 4226 ἡμῖν
3040 4197 3055 4221 ,
3114 4158 3256 4227 μηδὲ
3304 4162 3425 4224 τοῖς
3471 4157 3733 4212 ὲνεστῶσιν

2174 4247 2249 4310 ὡς
2275 4247 2517 4309 αἰωνίοις
2540 4249 2892 4318 προσχῶμεν.
2915 4249 3168 4303 Διδάσκει
3195 4252 3251 4304 δὲ
3279 4253 3433 4321 ἡμᾶς
3460 4251 3554 4304 καὶ
3572 4252 3597 4303 6
3613 4248 3734 4315 Παρ-

2174 4337 2492 4406 οιμιαστὴς,
2524 4336 2701 4405 λέγων
2719 4353 2733 4368 ο
2776 4356 2794 4389 ι
2819 4338 2881 4390 Εί
2913 4338 3108 4402 ἄοκνος
3132 4337 3221 4411 ᾖς,
3247 4340 3371 4411 ἥξει
3395 4340 3582 4411 ῶσπερ
3603 4343 3727 4407 πηγὴ

2175 4426 2203 4478 6
2234 4424 2446 4495 ἀμητός
2476 4441 2569 4478 σου
2589 4441 2602 4454 ·
2636 4427 2670 4496 ἠ
2704 4426 2761 4479 δὲ
2794 4426 2993 4491 ἔνδεια,
3033 4426 3226 4497 ὥσπερ
3258 4429 3435 4492 κακὸς
3467 4426 3620 4498 ἀνὴρ,
3646 4426 3732 4478 ἀπ-

498 4540 633 4578 num
667 4525 918 4579 actiones
932 4534 987 4579 et
1008 4524 1336 4593 perspicua.
1359 4521 1541 4587 Quare
1566 4520 1672 4575 diei
1701 4518 1850 4574 illius
1874 4516 2072 4573 sedulo

2176 4519 2569 4588 αυτομολήσει.
2603 4538 2622 4571 ι
2693 4519 2805 4571 Kal
2860 4519 3067 4572 πάλινο
3132 4536 3154 4572 ι
3197 4520 3600 4590 Ἐργαζόμενος
3649 4515 3732 4583 τὴν

496 4629 798 4678 memores,
827 4630 921 4679 ne,
962 4630 1180 4685 quaeso,
1208 4614 1606 4674 lentescamus,
1634 4628 1707 4666 ne
1744 4619 2076 4665 cunctentur

467 4689 557 4760 ἐπὶ
582 4707 802 4775 explere
832 4722 954 4775 quae
981 4706 1047 4760 ad
1073 4694 1362 4776 abreptum
1393 4704 1521 4759 vita:
1544 4704 1705 4758 istius
1729 4702 2074 4772 propositum

494 4797 767 4863 attinent;
823 4812 1005 4867 neque
1053 4797 1406 4867 temporariis
1438 4796 1526 4851 his
1558 4802 1821 4864 tanquam
1850 4794 2076 4848 aaternis

495 4895 738 4942 mentem
774 4886 1077 4957 alligamus.
1134 4888 1307 4942 Docet
1340 4887 1447 4941 hoc
1505 4901 1607 4941 nos
1636 4884 2070 4941 Parmmiastes:

501 4996 519 5029 ι
552 4974 608 5032 Si
642 4976 876 5047 impiger
904 4976 1111 5040 fueris,
1155 4976 1346 5030 veniet
1374 4976 1534 5045 quasi
1566 4974 1690 5028 fons
1721 4973 1917 5029 messis
1943 4981 2071 5041 tua;

491 5077 709 5137 egestas
736 5078 945 5130 autem,
976 5076 1237 5137 tanquam
1269 5068 1357 5122 vir
1386 5067 1584 5131 malus,
1620 5065 1795 5137 fugiet
1826 5081 1855 5120 a
1884 5075 1938 5120 te
1957 5068 2023 5119 υ.
2049 5084 2068 5118 ι

493 5162 736 5217 Rursum
773 5179 785 5216 :
823 5182 840 5214 ι
871 5161 975 5228 Qui
1009 5169 1275 5232 operatur
1310 5167 1515 5214 terram
1549 5175 1728 5225 suam,
1766 5158 2075 5229 replebitur

491 5255 765 5324 panibus;
799 5255 894 5325 qui
927 5270 1059 5310 vero
1090 5263 1337 5310 sectatur
1363 5252 1563 5317 otium,
1598 5252 1909 5322 replebitur
1936 5267 2075 5322 pau-

489 5348 825 5416 pertate“.»
861 5348 1066 5402 lterum
1098 5365 1111 5401 :
1147 5366 1164 5399 ι
1194 5347 1252 5401 ln
1282 5345 1503 5417 pigritia
1534 5345 1923 5400 humiliabitur
1943 5359 2076 5399 con-

493 5438 815 5510 tignatio,et
850 5441 905 5496 in
937 5441 1053 5496 otio
1080 5455 1344 5495 manuum
1376 5438 1704 5511 ingemiscet
1730 5436 2020 5493 domus“.
2047 5453 2068 5489 ι

492 5531 708 5587 Rursus
734 5551 748 5586 :
781 5552 797 5584 ι
827 5533 1128 5604 Paupertas
1155 5531 1337 5589 virum,
1362 5530 1864 5619 humiliat,.manus
1886 5536 2079 5585 autem

494 5621 719 5677 fortium
744 5623 1132 5681 ditescent'h
1164 5623 1372 5678 lterum
1404 5641 1417 5678 :
1450 5641 1467 5674 ι
1496 5620 1785 5683 Desideria
1804 5619 2072 5675 occidunt

564 5736 611 5768 ¹⁰
639 5735 831 5790 Matth.
873 5737 1121 5803 xxv,'26.

1226 5738 1269 5771 “
1303 5736 1348 5791 ll
1376 5732 1503 5793 Cor.
1534 5744 1607 5803 XI,
1650 5735 1735 5802 l5,
1766 5735 1852 5801 H,
1913 5734 1999 5789 15.

504 5803 545 5833 ’³
574 5803 736 5863 Prov.
770 5821 824 5874 ιι,
852 5807 903 5861 4.

2102 5735 2160 5811 Α¹¹
2193 5735 2355 5791 Prov.
2387 5751 2461 5802 vr,
2496 5735 2581 5791 il.

2173 4609 2372 4664 ἑαυτοῦ
2393 4614 2519 4679 γῆν,
2548 4608 2929 4681 πλησθήσεται
2951 4610 3117 4689 ἄρτου
3134 4627 3148 4641 ο
3174 4613 3201 4664 6
3222 4610 3279 4663 δὲ
3300 4611 3521 4665 διώκων
3541 4607 3729 4681 σχολὴν.

2173 4703 2555 4774 πλησθήσεται
2608 4702 2821 4765 πενίας.
2854 4722 2873 4754 ι
2938 4703 3049 4756 Kal
3097 4702 3290 4769 πάλιν·
3350 4722 3372 4756 ι
3410 4705 3501 4757 Ἐν
3532 4699 3730 4769 δκνηρὶᾳ

2172 4795 2647 4867 ταπεινωθήσεται
2698 4796 2732 4864 ἡ
2778 4795 3045 4859 δόκωσις,
3106 4796 3203 4872 καὶ
3255 4797 3312 4849 ὲν
3353 4795 3531 4868 ἀργίᾳ
3559 4789 3730 4864 χειρῶν

2174 4888 2366 4951 στάζει
2416 4888 2449 4957 ἡ
2495 4888 2664 4942 οίκία.
2694 4906 2714 4939 ι
2780 4888 2892 4941 Kal
2940 4887 3105 4940 πάλιν
3132 4905 3146 4919 ·
3206 4907 3226 4941 ι
3257 4888 3429 4943 Πενία
3461 4888 3628 4960 ἄνδρα
3652 4898 3726 4936 ται

2173 4982 2382 5033 πεινοῖο
2415 4982 2596 5050 χεῖρες
2622 4979 2676 5031 δὲ
2701 4978 2964 5049 ἀνδρείων
2992 4979 3428 5036 πλουτίσουσιν.»
3452 4981 3561 5035 Kal
3580 4972 3727 5037 αὖθις

2179 5091 2197 5123 ι
2242 5070 2563 5137 Ἐπιθυμίαι
2605 5071 2839 5143 ὀκνηρὸν
2879 5072 3331 5127 ἀποκτείνουσιν·
3383 5074 3450 5126 οὐ
3482 5073 3588 5142 γὰρ
3618 5083 3730 5139 προ-

2173 5163 2461 5235 αιροῦνται
2506 5165 2562 5217 αἱ
2602 5162 2786 5235 χεῖρες
2817 5164 2983 5218 αὑτοῦ
3019 5166 3194 5218 ποιεῖν
3222 5183 3298 5219 τι.
3329 5183 3346 5216 ι
3413 5167 3527 5219 Καὶ
3557 5161 3731 5217 πάλιν·

2179 5272 2198 5305 ι
2236 5253 2341 5307 Ἴθι
2375 5253 2513 5325 πρὸς
2571 5253 2868 5325 μύρμηκα,
2900 5253 2945 5307 ῶ
2969 5254 3211 5327 όκνηρὲ,
3264 5254 3356 5308 καὶ
3388 5252 3631 5323 ζήλωσον
3654 5246 3735 5306 τὰς

2180 5345 2338 5409 ὁδοὺς
2372 5344 2537 5399 αὐτοῦ
2557 5361 2572 5375 ·
2609 5346 2703 5399 καὶ
2729 5344 2889 5415 γενοῦ
2920 5346 3133 5400 ἐκείνου
3165 5345 3497 5419 σοφώτερος.
3524 5362 3543 5397 ι
3585 5335 3733 5395 Ἐκεὶο

2180 5455 2257 5508 νῳ
2285 5440 2395 5507 γὰρ
2427 5438 2698 5508 γεωργίου
2733 5439 2833 5508 οὐχ
2862 5439 3221 5509 ὑπάρχοντος,
3248 5439 3369 5492 οὑδὲ
3399 5440 3496 5492 τὸν
3525 5427 3735 5501 avariti-

2179 5529 2342 5593 ζοντα
2373 5528 2534 5599 ἔχων,
2563 5531 2919 5601 ὲτοιμάζεται
2946 5531 3138 5601 θέρους
3158 5531 3260 5603 τὴν
3280 5530 3516 5604 τροφήν.
3536 5527 3640 5582 Kal
3654 5520 3733 5575 πά·

2179 5620 2298 5674 λιν*
2366 5640 2383 5672 ι
2420 5621 2725 5692 Πορεύθητι
2775 5623 2911 5694 πρὴς
2960 5624 3059 5693 τὴν
3109 5624 3415 5695 μέλισσαν,
3476 5622 3572 5678 καὶ
3617 5613 3732 5689 μάθε

2694 5739 2738 5771 ’³
2774 5737 2934 5793 Prov.
2970 5753 3062 5806 xu,
3095 5739 3180 5794 ll.
3292 5740 3337 5773 “
3364 5736 3556 5795 Eccle.
3587 5749 3638 5802 ι,
3660 5727 3730 5785 18.
