3986 6148
406 376 541 444 1540

881 369 1221 444 HOMiLIA
1260 383 1556 444 XXXVII.
1581 406 1652 417 -
1680 381 1848 443 ADV.
1892 381 2054 443 ΟΡΤ.
2090 379 2244 442 NON
2285 374 2473 442 ESSE
2502 371 3147 448 CONTENDENDUM.

3508 391 3645 456 1550
3677 356 3681 362 ’

404 496 479 559 ὡς
525 493 763 566 ἐργάτης
807 495 969 550 ἐστίν.
1004 514 1022 546 ι
1087 489 1208 563 Τὴν
1253 511 1314 549 τε
1362 495 1627 564 ἐργασίαν
1660 494 1735 558 ὡς
1767 495 1967 566 σεμνὴν

2076 494 2290 565 pigrum
2316 534 2331 559 ,
2387 508 2501 550 non
2549 492 2700 553 enim
2745 499 2939 553 volunt
2969 515 3166 555 manus
3195 501 3314 571 ejus
3343 503 3647 574 quidquam

404 588 640 641 ποιεῖται
659 624 674 650 ,
709 582 779 655 ἦς
810 587 933 650 τούς
964 585 1165 648 πόνους
1199 585 1438 656 βασιλεῖς
1469 587 1562 641 καὶ
1592 586 1801 643 ἰδιῶται
1834 587 1973 657 πρὸς

407 677 617 744 ὑγίειαν
646 677 1068 747 προσφέρονται.
1106 677 1216 730 Καὶ
1249 677 1410 731 πάλιν
1431 696 1444 708 ο
1469 695 1489 731 ι
1520 678 1662 741 Ἕως
1691 677 1852 743 τίνος,
1882 678 1974 730 όκ-

403 765 556 833 νηρὲ,
575 765 927 832 nuditatem;
948 766 1077 818 πότε
1101 764 1157 817 δὲ
1176 765 1234 829 ἐξ
1257 764 1427 818 ὕπνου
1448 764 1751 835 ἐγερθήσῃ;
1777 764 1973 835 μικρὸν

404 856 697 926 κοιμάσαι,
745 855 924 925 ὀλίγον
967 856 1025 908 δὲ
1072 855 1407 928 ἐναγκαλίζῃ
1437 857 1595 927 χερσὶ
1623 854 1814 926 στήθη.
1847 873 1865 907 ι
1904 883 1973 894 —-

388 968 427 1001 ,ι
452 946 587 1003 Εἶτα
616 948 984 1019 παραγίνεταί
1011 965 1094 1002 σοι
1123 950 1155 1021 ὴ
1185 948 1368 1014 πενία,
1393 950 1487 1003 καὶ
1510 951 1544 1023 ἡ
1567 948 1764 1012 ἔνδεια,
1783 946 1973 1018 ὥσπερ

402 1043 604 1110 ἀγαθὸς
630 1043 918 1113 δρομεύς.»
961 1043 1018 1097 Ὀ
1047 1043 1106 1097 δὲ
1142 1042 1412 1113 Ἱερεμίας
1438 1043 1636 1114 φησίν·
1671 1060 1692 1095 ι
1714 1043 1974 1114 Ἑκοιμή-

403 1134 577 1203 θημεν
610 1135 668 1188 ἐν
697 1136 763 1205 τῇ
793 1134 1025 1206 αἰσχύνῃ
1051 1135 1214 1206 ἡμῶν
1234 1174 1249 1199 ,
1304 1136 1402 1191 καὶ
1446 1135 1794 1207 ἐπεκάλυψεν
1826 1137 1974 1207 ἡμᾶς

403 1225 436 1295 ἡ
479 1226 671 1295 ἀτιμία
712 1225 888 1297 ἡμῶν.
945 1227 1085 1281 Οὐαὶ
1130 1228 1263 1297 ἡμῖν
1312 1228 1394 1281 ὅτι
1439 1227 1914 1299 ταλαιπωροῦμεν.
1948 1246 1968 1279 ι

402 1316 567 1384 Λέγει
594 1316 650 1369 δὲ
686 1318 780 1370 καὶ
809 1316 967 1381 ἀλλος
991 1334 1004 1347 ·
1070 1335 1089 1368 ‹
1120 1317 1269 1387 Λίθῳ
1294 1318 1666 1389 ηρδαλωμένῳ
1691 1334 1973 1389 παρασυν-

402 1409 609 1479 εδλήθη
638 1411 666 1462 6
688 1409 921 1481 ὀκνηρὸς
944 1450 959 1476 ,
1016 1411 1110 1463 καὶ
1143 1411 1253 1472 πᾶς
1283 1411 1532 1480 ὲκσυριεῖ
1558 1411 1654 1463 ἐπὶ
1682 1413 1750 1482 τῇ
1778 1409 1975 1481 ἀτιμίᾳ

403 1501 591 1557 αὐτοῦ.
618 1520 637 1553 ι
698 1504 810 1556 Καὶ
856 1499 1050 1566 αὖθις·
1113 1521 1132 1555 ι
1175 1501 1603 1572 Ὀνειδιζόμενος
1632 1503 1863 1574 ὀκνηρὸς
1910 1503 1973 1556 οὐ

404 1593 850 1663 καταισχύνεται.
903 1594 1147 1665 Βολϐίτῳ
1173 1594 1282 1664 γὰρ
1313 1592 1548 1664 κοπρίας
1574 1592 1973 1665 παρομοιοῦται

403 1686 432 1736 ό
456 1684 709 1753 ὀκνηρός.
745 1703 763 1735 ι
810 1683 1275 1755 Ἀποϐαλλώμεθα
1319 1680 1437 1749 οὖν,
1475 1684 1719 1752 ἀδελφοὶ,
1755 1685 1855 1755 ὅση
1876 1680 1975 1737 ’δύο

404 1790 567 1844 ναμις
599 1774 700 1844 τὴν
726 1774 989 1845 ὀκνηρίαν
1023 1774 1118 1831 καὶ
1143 1775 1242 1843 τὴν
1267 1773 1486 1844 ἀργίαν,
1522 1773 1609 1827 ἵνα
1643 1773 1716 1845 μὴ
1745 1772 1847 1843 τῆς
1874 1772 1971 1843 βα-

406 1866 615 1931 σιλείας
665 1867 774 1920 τῶν
819 1867 1067 1938 οὐρανῶν
1113 1865 1503 1936 στερηθῶμεν,
1560 1867 1627 1936 τῇ
1674 1865 1732 1918 δὲ
1778 1863 1967 1937 γεέννῃ

2079 1865 2286 1921 mus”.
2318 1884 2336 1916 ι
2395 1865 2552 1920 Alius
2582 1866 2716 1920 item
2771 1882 2783 1917 :

403 1956 499 2010 τοῦ
545 1957 718 2029 πυρὸς
767 1956 1287 2027 παραπεμφθῶμεν.
1351 1955 1699 2026 Ἀκούσωμεν
1741 1951 1836 2009 οὖν
1878 1955 1973 2008 τοῦ

417 2046 740 2102 ’Δποστόλου
774 2047 1238 2119 συμϐουλεύοντος
1258 2063 1272 2079 ·
1311 2065 1330 2100 ι
1355 2048 1433 2117 Τῇ
1465 2047 1670 2116 σπουδῇ
1706 2046 1782 2117 μὴ
1812 2047 1975 2117 ὀκνη-

404 2139 512 2209 ροὶ,
556 2138 636 2209 τῷ
685 2139 963 2209 πνεύματι
1013 2138 1345 2208 ζέοντες,τῷ
1367 2138 1556 2209 Κυρίῳ
1575 2137 1970 2202 δουλεύοντες.»

402 2229 713 2294 Ψάλλοντες
739 2232 797 2286 δὲ
828 2232 922 2287 καὶ
955 2231 1092 2301 μετά
1120 2230 1216 2285 τοῦ
1242 2231 1405 2286 Δαυῖδ
1423 2247 1437 2261 ⁸
1481 2247 1500 2282 ι
1530 2228 1833 2300 Εὐλογητὸς
1860 2228 1976 2283 Κύ-

406 2339 550 2392 ριος,
584 2325 613 2376 6
644 2311 779 2386 Θεός
813 2339 914 2395 μου
938 2363 952 2386 ,
1004 2323 1033 2377 ό
1075 2322 1346 2377 διδάσκων
1391 2322 1490 2386 τὰς
1528 2321 1718 2393 χεῖράς
1752 2336 1854 2391 μου
1898 2320 1978 2383 είς

403 2414 713 2484 παράταξιν
736 2454 750 2480 ,
805 2415 1057 2487 καὶστοὺς
1085 2413 1384 2477 δακτύλους
1415 2430 1519 2482 μου
1550 2415 1628 2477 είς
1657 2412 1918 2481 πόλεμον.
1950 2428 1972 2464 ι

400 2502 736 2573 Φοδηθῶμεν
764 2504 825 2557 τὸ
852 2505 1160 2575 ὑπόδειγμα
1182 2505 1276 2557 τοῦ
1300 2503 1611 2575 κρύψαντος
1634 2502 1698 2557 τὸ
1717 2502 1977 2557 τάλαντον

399 2595 482 2658 είς
524 2595 624 2663 τὴν
664 2595 790 2665 γῆν,
830 2594 918 2647 ἵνα
953 2596 1028 2666 μὴ
1057 2594 1384 2665 ἀκούσωμεν
1418 2594 1572 2665 παρά
1604 2592 1697 2646 τοῦ
1726 2592 1935 2665 Κυρίου
1957 2606 1973 2621 ⁸

406 2703 426 2736 ι
461 2684 625 2739 Δοῦλε
671 2686 878 2757 πονηρὲ
925 2687 1021 2739 καὶ
1058 2685 1281 2758 ὀκνηρέ.
1309 2704 1328 2737 ι
1386 2685 1537 2739 Καί·
1597 2703 1615 2736 ι
1647 2685 1850 2754 Ἀρατε
1879 2682 1975 2737 ἀπ’

402 2775 570 2829 αὐτοῦ
596 2775 658 2829 τὸ
681 2776 966 2841 τάλαντον,
997 2775 1092 2829 καὶ
1117 2774 1208 2828 τὸν
1231 2776 1451 2845 ἀχρεῖον
1476 2774 1659 2829 δοῦλον
1682 2774 1977 2828 ἐκϐάλλετε

400 2866 481 2928 είς
524 2864 584 2918 τὸ
632 2864 900 2936 ἐξώτερον
955 2866 1166 2928 σκότος.
1207 2865 1356 2918 Ἐκεῖ
1409 2865 1564 2919 ἔσται
1610 2867 1638 2918 6
1670 2864 1974 2935 κλαυθμὸς,

400 2957 495 3010 καὶ
522 2959 551 3009 6
576 2955 823 3027 βρυγμὸς
853 2956 961 3009 τῶν
987 2956 1270 3010 ὀδόντων.»
1310 2957 1468 3011 Ἀλλὰ
1502 2956 1702 3027 μᾶλλον
1735 2956 1976 3010 σπουδά-

401 3065 584 3118 σωμεν
618 3047 853 3102 ἀκοῦσαι
881 3048 944 3102 τό
970 3064 986 3080 ·
1051 3068 1070 3101 ι
1104 3045 1177 3104 Εὖ
1198 3090 1213 3113 ,
1263 3048 1432 3111 δοῦλε
1452 3046 1631 3117 ἀγαθὲ
1663 3047 1761 3102 καὶ
1788 3046 1971 3113 πιστὲ,

399 3140 493 3193 ἐπὶ
539 3141 697 3211 ὀλίγα
747 3138 827 3205 εἷς
869 3143 1096 3209 πιστὸς,
1153 3142 1248 3196 ἐπὶ
1278 3140 1492 3195 πολλῶν
1528 3139 1589 3193 σέ
1619 3139 1971 3210 καταστήσω,

2080 587 2298 655 operari
2322 588 2386 640 '°.
2403 605 2420 638 ι
2451 586 2698 656 Itemque
2730 606 2742 641 :
2775 608 2792 639 ι
2817 589 2964 643 Vade
2989 589 3057 643 ad
3082 590 3387 657 formicam,
3413 608 3445 648 ο
3467 594 3643 665 piger,

2079 686 2137 732 et
2161 677 2384 733 imitare
2414 677 2533 733 vias
2559 677 2773 749 ejus,et
2804 678 2896 732 illa
2920 686 3043 733 esto
3071 679 3374 749 sapientior
3395 683 3462 735 "'.
3489 701 3506 733 ι
3549 683 3646 737 illa

2077 768 2247 833 enim,
2282 784 2407 825 cum
2472 769 2525 824 ei
2590 786 2700 824 non
2744 778 3002 840 suppetat
3031 771 3141 825 ulla
3168 772 3511 847 agricolatio,
3551 790 3650 828 ne-

2078 875 2186 930 que
2216 861 2425 917 habens
2456 860 2551 931 qui
2583 877 2641 917 se
2667 877 2735 916 eo
2760 862 2969 917 laboris
2991 863 3211 934 adigat,
3263 873 3418 933 parat
3450 868 3649 923 messis

2082 962 2326 1023 tempore
2358 953 2566 1009 cibum.
2618 953 2825 1008 Iterum
2877 970 2891 1007 :
2948 974 2967 1006 ι
3016 954 3187 1024 Perge
3232 955 3302 1009 ad
3345 956 3645 1026 apiculam,

2079 1059 2113 1100 0
2162 1045 2356 1115 piger,
2410 1053 2467 1100 et
2513 1044 2666 1101 disce
2705 1061 2871 1115 quam
2900 1046 3019 1102 haec
3062 1047 3298 1102 solerter
3321 1062 3388 1101 ac
3417 1056 3649 1103 strenue

2079 1146 2356 1205 operetur.
2391 1153 2409 1187 ι
2460 1133 2611 1205 Opus
2636 1135 2766 1191 facit
2791 1152 2924 1191 sane
2954 1153 3117 1206 quam
3149 1137 3433 1194 munditiae
3461 1146 3517 1193 et
3546 1139 3648 1193 ho-

2079 1228 2313 1283 nestatis
2337 1228 2584 1297 plenum,
2620 1228 2782 1298 cujus
2807 1227 3027 1284 labores
3044 1244 3216 1300 reges
3241 1230 3396 1300 juxta
3421 1246 3486 1286 ac
3510 1231 3651 1286 idio-

2082 1323 2149 1373 ta:
2181 1317 2450 1373 adhibent
2484 1319 2699 1373 tuendae
2723 1318 2968 1391 sanitati.
3025 1320 3162 1374 Item
3204 1338 3218 1374 :
3268 1339 3286 1372 ι
3326 1321 3644 1391 Usquequo,

2079 1408 2256 1480 piger,
2280 1409 2556 1466 dormies?
2579 1410 2802 1481 quando
2829 1390 2903 1465 de
2929 1426 3125 1466 somno
3164 1390 3601 1484 expergisceris?
3622 1433 3641 1466 ι

2078 1508 2187 1554 etc.
2249 1520 2268 1554 ι
2312 1501 2815 1556 Postea'adveniet
2855 1502 2956 1556 tibi
3000 1514 3293 1573 paupertas
3324 1514 3381 1559 et
3407 1513 3646 1575 egestas,

2082 1599 2339 1661 tanquam
2361 1593 2543 1649 bonus
2556 1608 2752 1648 cursor
2769 1594 2834 1647 ’⁸.
2850 1613 2867 1641 ι
2880 1595 3091 1667 1087
3106 1594 3377 1652 Jeremias
3392 1612 3613 1668 quoque
3628 1615 3642 1652 :

2088 1701 2105 1734 ι
2135 1682 2506 1738 Dormivimus
2541 1684 2595 1738 in
2624 1684 2949 1739 confusione
2975 1692 3185 1746 nostra,
3220 1695 3277 1741 et
3305 1687 3525 1757 operuit
3556 1699 3654 1740 nos

2080 1773 2382 1845 ignominia
2414 1784 2605 1833 nostra
2657 1792 2671 1828 :
2700 1775 2791 1830 Vae
2820 1774 2983 1830 nobis
3016 1776 3146 1845 quia
3175 1776 3363 1831 miseri
3393 1776 3525 1837 [acti
3548 1793 3644 1832 su-

2842 1883 2859 1916 ι
2899 1865 3092 1934 Lapidi
3127 1865 3343 1935 polluto
3390 1881 3645 1936 exaequa-

2078 1962 2166 2012 tus
2195 1966 2280 2011 est
2305 1957 2479 2027 piger,
2520 1963 2577 2011 et
2605 1955 2787 2011 omnis
2811 1954 3125 2010 exsibilabit
3150 1970 3318 2026 super
3342 1955 3646 2026 ignominia

2076 2048 2310 2118 ejus'h
2336 2048 2544 2103 Iterum
2571 2065 2584 2100 :
2617 2065 2633 2098 ι
2661 2046 2843 2116 Piger,
2870 2046 2974 2101 etsi
2999 2045 3316 2117 opprobriis
3340 2047 3643 2117 oppetitur,

2016 2128 2029 2141 ’
2076 2138 2216 2195 nihil
2267 2146 2451 2193 tamen
2504 2137 2864 2208 suppudescit
2922 2154 2936 2191 :
2989 2136 3157 2205 boum
3209 2138 3358 2192 enim
3414 2139 3646 2193 stereori

2078 2237 2427 2300 comparatus
2458 2237 2543 2284 est
2569 2228 2724 2299 piger
2748 2228 2812 2283 ³¹.
2846 2245 2865 2279 ι
2910 2226 3048 2281 Toto
3075 2227 3246 2298 igitur
3271 2236 3496 2294 conatu,
3532 2227 3645 2281 fra-

2080 2327 2220 2384 tres,
2277 2319 2702 2373 submoveamus
2745 2332 2847 2372 nos
2898 2316 2966 2371 ab
3010 2316 3113 2372 hac
3159 2316 3354 2371 incerti
3394 2316 3647 2373 socordia

2078 2418 2242 2481 atque
2268 2410 2406 2475 otio,
2443 2425 2513 2463 ne
2545 2423 2648 2463 nos
2676 2408 2772 2462 illo
2799 2422 2968 2478 regno
2996 2407 3210 2476 privet,
3246 2406 3415 2477 inque
3440 2407 3648 2477 gehen-

2077 2517 2205 2557 nam
2239 2501 2381 2572 ignis
2431 2508 2554 2572 agat
2585 2500 2901 2571 praecipites
2930 2515 2995 2555 ac
3022 2499 3301 2555 deturbet.
3338 2499 3646 2555 Audiamus

2077 2593 2323 2663 Apostoli
2346 2592 2661 2656 consilium,
2684 2591 2921 2646 dicentis
2947 2609 2959 2644 :
2992 2611 3011 2643 ι
3032 2590 3416 2647 Sollicitudine
3432 2605 3543 2645 non
3564 2589 3647 2660 pi-

2076 2685 2182 2755 gri,
2212 2683 2409 2754 spiritu
2432 2682 2730 2748 ferventes,
2758 2682 2992 2740 Domino
3016 2682 3326 2737 servientes
3342 2682 3439 2735 ³⁸.»
3470 2680 3643 2735 David

2076 2790 2295 2845 quoque
2324 2774 2472 2828 hunc
2500 2773 2555 2829 in
2581 2772 2804 2827 modum
2828 2772 3641 2839 concinentemauscultemus:

2085 2884 2103 2915 ι
2138 2864 2470 2935 Benedictus
2526 2863 2796 2918 Dominus
2828 2863 2924 2933 qui
2976 2862 3138 2918 docet
3169 2877 3367 2917 manus
3394 2876 3544 2918 meas
3573 2860 3641 2917 ad

2074 2958 2347 3029 praelium,
2382 2966 2439 3013 et
2471 2957 2672 3029 digitos
2702 2972 2854 3012 meos
2885 2956 2955 3011 ad
2979 2956 3187 3012 bellum
3206 2957 3306 3010 ³⁸.»
3344 2957 3641 3013 Terrorem

2077 3048 2239 3103 nobis
2259 3048 2492 3103 incutiat
2516 3047 2661 3104 servi
2684 3047 2836 3103 illius
2856 3048 3192 3118 exemplum,
3216 3047 3310 3119 qui
3333 3048 3440 3103 sibi
3461 3049 3643 3105 credi-

2080 3145 2194 3192 tum
2218 3139 2482 3194 talentum
2516 3137 2711 3192 infodit
2734 3137 2927 3203 humo,
2959 3148 3017 3193 et
3039 3138 3304 3204 occuluit,
3346 3138 3641 3209 nequando

397 3232 609 3287 εἴσελθε
640 3234 721 3311 είς
736 3232 833 3305 τὴν
861 3233 1037 3304 χαρὰν
1062 3231 1157 3286 τοῦ
1185 3231 1394 3303 Κυρίου
1420 3248 1569 3285 σου.»
1605 3229 1763 3301 Αὐτῷ
1787 3231 1822 3300 ἡ
1842 3228 1967 3296 δόξα

2069 3230 2261 3286 audire
2284 3231 2568 3301 contingat
2597 3245 2628 3284 a
2656 3237 2863 3286 nostra;
2891 3229 3139 3284 omnium
3167 3231 3386 3286 vindice
3412 3231 3641 3286 salutis:

396 3328 478 3389 εἰς
505 3325 634 3387 τοὺς
657 3325 880 3387 αἰῶνας.
928 3324 1126 3395 Ἀμήν.

2083 3340 2101 3372 ι
2131 3321 2300 3377 Serve
2328 3319 2470 3374 male
2495 3326 2550 3374 et
2574 3318 2842 3390 pigcr'h
2877 3319 2945 3375 Et
2969 3337 2981 3373 :
3013 3338 3031 3371 ι
3058 3319 3257 3375 Tollite
3284 3322 3352 3376 ab
3376 3338 3442 3376 eo
3467 3322 3642 3377 talen-

398 3428 515 3474 tum
531 3418 628 3472 ³⁸.»
664 3420 777 3475 Et:
815 3438 833 3471 ι
863 3419 1022 3474 Hunc
1052 3417 1304 3481 inutilem
1331 3430 1554 3472 servum
1584 3410 1770 3486 ejicite
1800 3414 1857 3468 in
1920 3413 2178 3468 tenebras
2222 3412 2545 3469 exteriores.
2605 3411 2686 3466 lbi
2733 3410 2842 3466 erit
2886 3412 3048 3466 ﬂetus
3106 3419 3163 3466 et
3226 3411 3436 3467 stridor
3496 3411 3640 3470 den-

397 3514 538 3568 tium
553 3513 652 3566 ⁸⁸.»
682 3512 1031 3567 Festinemus
1058 3526 1158 3579 pro
1179 3510 1351 3574 virili,
1372 3507 1669 3579 aliquando
1727 3517 1789 3563 ut
1827 3506 2016 3561 audire
2052 3506 2331 3577 contingat
2358 3522 2371 3557 :
2402 3524 2419 3558 ι
2450 3506 2623 3576 Euge,
2672 3519 2830 3559 serve
2855 3504 3000 3559 bone
3023 3512 3079 3559 et
3103 3504 3302 3569 fidelis,-
3322 3521 3490 3577 super
3505 3522 3636 3577 pau-

397 3619 462 3657 ca
496 3602 649 3657 fuisti
678 3601 888 3667 ﬁdelis,
926 3616 1093 3671 super
1121 3600 1293 3655 multa
1321 3608 1373 3655 te
1400 3598 1736 3654 constituam
1770 3615 1782 3652 :
1816 3597 1960 3652 intra
1997 3596 2052 3651 in
2083 3595 2346 3667 gaudium
2386 3595 2603 3650 Domini
2641 3596 2720 3649 tui
2773 3596 2842 3648 ³⁷.
2871 3613 2889 3645 ι
2951 3594 3060 3665 Ipsi
3090 3596 3263 3669 gloria
3292 3598 3350 3653 in
3409 3599 3634 3658 sacula,

397 3694 596 3751 Amen.

989 3829 1207 3883 ΛΟΓΟΣ
1252 3827 1373 3883 AZ'.

606 3941 745 4011 Περί
782 3940 886 3997 τοῦ
914 3939 1000 4012 μὴ
1022 3940 1230 4010 ἐρίζειν
1249 3942 1402 4010 μετὰ
1425 3940 1751 3996 δυνάστου.

474 4141 612 4196 Ὑπὸ
638 4141 741 4211 τῆς
767 4139 920 4206 θείας
944 4141 1168 4213 Γραφῆς
1198 4140 1571 4211 παιδευόμεθα
1592 4143 1673 4197 ὄτι
1701 4142 1966 4217 ἀσύμφω-

391 4253 481 4289 νον
504 4236 634 4304 ήμῖν
662 4236 813 4288 ἐστιν
844 4233 983 4304 μετά
1012 4234 1274 4289 δυνάστου
1305 4234 1619 4305 ἐρίζειν.οὐ
1647 4235 1757 4307 γάρ
1789 4235 1964 4290 ἱκανοί

391 4328 560 4395 ἐσμεν
602 4326 857 4397 κριθῆναι
917 4326 1055 4396 μετά
1109 4325 1470 4397 ἀσυγκρίτου.
1496 4326 1709 4397 Ὥσπερ
1747 4327 1857 4399 γὰρ
1914 4329 1963 4381 οἱ

340 4422 356 4431 ’
389 4418 585 4473 τέλειοι
623 4417 804 4488 ἰχθύες
829 4418 1238 4488 ἐφεδρεύοντες,
1262 4417 1601 4488 κατάόρωμα
1630 4417 1808 4473 αὐτῶν
1834 4420 1962 4482 τοὺς

389 4508 620 4577 ἥττονας
653 4507 898 4561 ποιοῦσιν
923 4507 1321 4578 ίχθύας,οὐτως
1350 4506 1443 4561 καὶ
1468 4506 1517 4560 oi
1550 4508 1765 4561 δυνατοὶ
1789 4507 1961 4578 εὐμα-

2549 3826 2833 3883 HOMILIA
2874 3825 3138 3882 XXXVII.

2066 3943 2323 3999 Adversus
2348 3943 2622 4015 optimates
2654 3951 2704 3997 et
2750 3942 3022 4065 {ig-refectas
3049 3958 3152 3995 non
3185 3958 3293 3997 esse
3317 3944 3636 4000 contenden-

2808 4030 2916 4065 um.

2808 4030 2916 4065 um.

2135 4148 2348 4205 Divinis
2379 4147 2606 4204 Litteris
2635 4147 2942 4215 erudimur,
2968 4163 3037 4202 ne
3070 4163 3195 4203 cum
3229 4163 3297 4204 eo
3326 4148 3419 4219 qui
3443 4150 3632 4220 publi-

2059 4256 2123 4296 ca
2148 4239 2395 4310 fungitur
2419 4239 2773 4304 auctoritate,
2809 4239 3139 4295 velitaribus
3170 4239 3360 4296 verbis
3387 4250 3484 4296 aut
3515 4243 3630 4298 liti-

2058 4331 2164 4387 bus
2225 4329 2628 4386 conﬂictemur.
2689 4329 2974 4401 Ejusmodi
3053 4330 3204 4385 enim
3284 4333 3630 4388 contentiosa

2057 4423 2305 4478 velitatio
2352 4438 2475 4478 cum
2524 4429 2755 4492 potente
2804 4421 3066 4492 quopiam
3102 4422 3240 4478 adeo
3278 4423 3421 4478 nihil
3468 4424 3631 4480 ail'ert

2058 4511 2356 4577 commodi,
2379 4521 2443 4566 ut
2464 4511 2835 4567 incommodet
2860 4511 3181 4581 plurimum.
3208 4512 3457 4570 Inidon’ei
3480 4515 3629 4570 enim

395 4597 505 4668 ρῶς
538 4597 750 4669 ἔχουσιν
789 4599 883 4652 τοῦ
913 4599 1169 4669 ἀδικῆσαι
1223 4599 1349 4662 τοὺς
1376 4598 1692 4663 ἀδυνάτους.
1718 4600 1960 4671 Κέκτην-

2069 4618 2166 4658 nos
2223 4617 2327 4658 nec
2375 4601 2708 4657 sufﬁcientes
2739 4601 2835 4672 qui
2878 4618 3099 4658 causam
3134 4604 3349 4676 judicio
3377 4607 3629 4675 experia-

388 4705 482 4742 ται
532 4689 589 4742 δὲ
632 4689 728 4741 καὶ
756 4688 816 4741 τὸ
844 4688 1051 4757 ἀπηνὲς
1106 4688 1201 4742 καὶ
1233 4689 1534 4759 ἀνάλγητον
1555 4706 1570 4722 ο
1596 4689 1692 4743 καὶ
1718 4688 1950 4762 διαρπά-

390 4778 572 4844 ζοντες
593 4780 664 4834 τὰ
693 4780 801 4834 τῶν
829 4764 1079 4849 πενῆτων
1099 4820 1113 4845 ,
1148 4778 1470 4850 θηρεύματα
1500 4779 1638 4834 αὐτά
1671 4780 1953 4850 ἡγοῦνται.

388 4872 464 4925 Οὐ
488 4871 597 4942 γὰρ
620 4871 799 4926 ἴσασιν
820 4870 911 4924 τοῦ
935 4870 1052 4941 βίου
1072 4870 1133 4923 τὸ
1154 4870 1369 4941 ἄδηλον.
1390 4871 1452 4923 El
1472 4871 1580 4944 γὰρ
1600 4873 1693 4925 καὶ
1714 4872 1953 4943 ᾔδεισαν,

385 4961 487 5015 οὐκ
530 4961 597 5015 ἂν
651 4961 721 5015 τὰ
776 4962 1128 5032 ὑστερήματα
1180 4961 1289 5015 τῶν
1332 4960 1527 5015 ἐνδεῶν
1576 4963 1955 5034 προστεθήτω,-

388 5068 473 5105 σιν
498 5054 582 5116 είς
610 5052 670 5107 τὸ
700 5053 880 5108 αὐτῶν
908 5053 1276 5123 περίσσευμα.
1316 5052 1735 5125 Ἀγωνιζόμενοι
1766 5056 1954 5128 ὥσπερ

384 5144 672 5216 ἀκυρῶσαι
718 5147 827 5216 τὴν·
850 5144 1073 5216 ἐντολὴν
1101 5145 1196 5199 τοῦ
1250 5146 1576 5200 ’Δποστόλου
1626 5148 1948 5216 φάσκοντος,

384 5234 461 5288 Τὸ
518 5252 536 5286 ι
591 5235 744 5304 ὑμῶν
826 5236 1175 5307 περίσσευμα
1237 5240 1318 5306 είς
1382 5237 1441 5291 τὸ
1495 5238 1780 5308 ὑστέρημα
1844 5240 1954 5295 τῶν

383 5324 640 5395 πτωχῶν.
681 5344 701 5378 ι
740 5326 936 5391 Καλῶς
991 5327 1123 5397 γοῦν
1179 5329 1213 5400 ἡ
1274 5327 1395 5382 θεία
1460 5328 1649 5400 Γραφὴ
1698 5333 1958 5399 παραινεῖ

381 5415 515 5483 ἡμῖν
545 5416 912 5484 φυλάττεσθαι
947 5417 1056 5471 ἀπὸ
1088 5417 1196 5473 τῶν
1242 5418 1501 5472 τοιούτων
1528 5436 1541 5449 ·
1576 5420 1742 5490 φησὶν
1792 5420 1899 5491 γάρ
1935 5438 1948 5450 ·

388 5525 407 5557 ι
446 5508 535 5578 Μὴ
578 5509 934 5580 παρεκτείνου
984 5509 1153 5581 πένης
1199 5510 1274 5566 ῶν
1317 5511 1593 5565 πλουσίου.
1635 5531 1654 5565 ι
1692 5512 1954 5579 Πλούσιος

482 5707 527 5739 ⁸⁸
557 5706 715 5761 Prov.
743 5722 854 5769 ιιι.
884 5708 973 5763 25.

380 5775 429 5809 "
461 5777 619 5832 item.
655 5792 750 5846 xu,
781 5777 866 5831 ll.
981 5778 1026 5811 ³⁸
1058 5778 1198 5834 Psal.
1237 5794 1414 5845 cxun,
1446 5780 1496 5833 l.

1050 5710 1095 5738 "
1133 5708 1293 5763 Prov.
1330 5725 1403 5773 vr,
1436 5709 1488 5764 6.
1567 5709 1613 5740 "
1647 5708 1785 5769 ibid.
1810 5709 1867 5773 9,
1902 5710 1988 5764 Η.

1611 5779 1655 5811 ³⁸
1682 5779 1872 5834 Matth.
1912 5796 2033 5847 xxv,
2083 5781 2171 5835 26.

2058 4711 2184 4751 mur
2224 4709 2349 4751 cum
2380 4694 2894 4773 incomparabiliter
2935 4695 3096 4750 nobis
3134 4695 3525 4752 eminentiore.
3556 4698 3627 4754 Ut

2052 4788 2200 4843 enim
2254 4788 2435 4858 pisces
2486 4787 2581 4857 qui
2628 4788 2740 4859 jam
2793 4787 3160 4862 adoleverunt
3195 4788 3345 4860 justa
3374 4790 3625 4859 corporis

1996 4917 2017 4923 -
2054 4880 2466 4949 magnitudine,
2496 4895 2565 4936 ex
2619 4878 2840 4936 insidiis
2887 4879 3178 4936 imminent
3226 4880 3472 4936 nondum
3524 4896 3624 4952 per

2050 4978 2265 5029 aetatem
2323 4968 2546 5031 adultis,
2577 4982 2688 5038 quo
2742 4968 2869 5025 illos
2906 4977 3102 5039 parent
3153 4968 3207 5024 in
3244 4984 3399 5024 suam
3431 4970 3623 5025 alimo-

2052 5060 2198 5114 niam
2237 5077 2249 5113 :
2280 5060 2356 5115 ita
2380 5069 2435 5116 et
2462 5061 2551 5117 isti
2586 5061 2856 5131 primores
2881 5077 2947 5118 ac
2966 5063 3318 5132 magistratus
3341 5062 3493 5116 nullo
3521 5076 3622 5118 suo

2051 5152 2272 5223 negotio
2322 5152 2508 5223 injurii
2563 5161 2693 5209 sunt
2758 5153 2813 5208 in
2866 5153 3121 5208 imbelles
3157 5160 3212 5207 et
3247 5153 3616 5223 Opprimunt:

2049 5244 2145 5315 qui
2173 5244 2218 5298 si
2247 5244 2381 5314 quid
2406 5245 2778 5310 obtinuerint,
2810 5244 3069 5299 indemne
3101 5244 3211 5301 illis
3253 5243 3408 5299 dedit
3434 5253 3492 5300 et
3520 5244 3621 5300 im-

2049 5350 2229 5404 pune,
2280 5351 2459 5406 neque
2506 5338 2639 5392 hinc
2699 5337 3003 5407 quidquam
3068 5335 3319 5392 sentiunt
3365 5335 3615 5402 doloris,

2050 5425 2188 5481 adeo
2222 5433 2283 5481 ut
2311 5442 2436 5483 cum
2469 5434 2630 5498 rapto
2664 5427 2886 5493 vivant,
2920 5426 3170 5496 rapinam
3205 5442 3236 5481 a
3278 5426 3620 5498 pauperibus

2049 5515 2102 5570 vi
2150 5524 2419 5572 extortam
2441 5558 2455 5584 ,
2497 5532 2653 5573 suam
2681 5516 2949 5588 deputent
3003 5517 3354 5572 venationem
3388 5535 3401 5571 :
3437 5532 3619 5589 neque

3321 5716 3361 5747 "
3393 5714 3526 5771 ibid.
3555 5718 3613 5779 9.

3243 5786 3286 5821 ³⁷
3336 5786 3477 5849 ibid.
3519 5792 3610 5847 Ἡ.

2702 5714 2747 5747 ³⁸
2781 5714 2955 5770 Eccli.
2992 5730 3119 5779 xx",
3154 5717 3205 5771 l.

2769 5788 2813 5818 ³⁸
2845 5785 2980 5841 ibid.
3052 5786 3138 5840 50.

2065 5712 2108 5743 ³³
2141 5712 2345 5767 Jerem.
2384 5728 2461 5770 ιιι.
2493 5713 2583 5771 93.

2083 5781 2171 5835 26.
2283 5782 2325 5813 ³³
2360 5782 2498 5839 ibid.
2566 5784 2654 5838 28.
