3986 6148
461 335 595 402 Ῑίῦῦι

1719 343 2084 406 ANTIOCHI
2131 343 2474 406 MONACHI

3545 350 3655 419 1:52

456 449 606 504 enim
665 462 852 503 secum
897 459 1157 521 reputare
1212 460 1456 519 norunt,
1483 453 1599 508 vita
1633 452 1751 508 haec
1780 468 1945 522 quam
1973 453 2037 508 sil

2145 451 2252 522 γὰρ
2295 442 2576 522 ἠδίκησεν,
2605 453 2700 507 καὶ
2729 453 2889 518 αὐτὸς
2937 455 3468 529 προσενεῦριμήσατο
3497 477 3510 495 ο
3542 483 3657 520 πτω-

459 540 689 592 incerta.
725 538 924 608 Utique
950 541 994 594 si
1022 553 1270 607 nossent,
1305 558 1588 613 nunquam
1613 559 2036 614 supervacanea:

459 633 547 687 isti
565 647 678 687 suae
701 631 872 701 capia:
902 632 1415 705 fuerantadjecturi
1442 636 1754 707 indigorum
1784 636 2037 705 inopum-

459 740 522 779 ve
561 723 873 794 penuriam.
910 724 971 779 In
1007 724 1113 779 hoc
1143 726 1326 780 studia
1359 727 1543 782 locant
1572 744 1700 796 sua,
1729 739 1792 782 ut
1819 736 2038 797 aposto-

455 815 564 868 lico
588 814 669 868 illi
707 813 968 870 mandato
1007 817 1398 872 auctoritatem
1433 817 1730 872 detrahant
1761 828 1818 872 et
1856 820 2036 872 abro-

456 915 634 976 gent:
683 923 702 957 ι
748 906 939 962 Vestra
989 908 1329 963 abundantia
1388 891 1696 980 pauperum
1784 911 2037 980 suppleat

461 1002 645 1071 inopia
673 1003 738 1057 ³⁸.
785 1021 804 1054 ι
833 1003 1004 1058 Recte
1035 1003 1202 1073 igitur
1236 1003 1426 1057 divina
1450 1019 1553 1058 nos
1575 1004 1852 1058 {admonet
1897 1002 2039 1058 Scri-

459 1102 644 1162 ptura,
670 1093 901 1148 istorum
927 1109 1282 1165 congressum
1308 1096 1625 1149 utvitemus
1655 1112 1666 1148 :
1694 1095 1827 1149 dicit
1850 1099 2032 1149 enim:

465 1205 481 1236 ι
515 1185 600 1242 “Ne
630 1193 697 1240 'te
722 1185 1013 1241 --exteudas
1063 1203 1237 1257 usque
1273 1189 1339 1242 ad
1376 1188 1627 1253 divitem,
1659 1204 1870 1258 pauper
1910 1205 2035 1243 cum

459 1277 535 1331 sis
577 1277 644 1330 ³³³.
680 1297 696 1326 ι
738 1277 902 1332 Dives
937 1278 1107 1342 enim,
1161 1280 1476 1349 quempiam
1513 1281 1558 1334 si
1591 1280 1794 1350 injuria
1824 1279 2033 1344 alfecit,

460 1372 847 1426 intermittatur
878 1388 942 1426 ac
975 1372 1192 1428 frendet
1223 1373 1302 1428 ira
1333 1392 1345 1426 :
1384 1389 1591 1444 pauper
1619 1389 1752 1428 vero
1779 1373 2034 1444 injuriam

458 1464 504 1517 si
556 1464 843 1528 sustinuit,
877 1465 1104 1534 insuper
1138 1475 1195 1520 et
1241 1467 1407 1520 minis
1456 1458 1795 1520 deterretur.
1836 1483 1854 1516 ι
1892 1464 2036 1531 Quid

458 1556 627 1622 enim,
686 1557 762 1611 ait
797 1557 1109 1627 Scriptura,
1150 1559 1589 1614 communicabit
1629 1560 1738 1612 olla
1775 1559 1844 1612 ad
1872 1573 2034 1612 caca-

459 1648 627 1703 bum?
648 1649 765 1718 Ipsa
789 1650 980 1719 utique
1009 1651 1224 1720 1088
1242 1652 1528 1720 impinget,
1549 1661 1604 1705 et
1627 1651 1819 1705 eadem
1849 1659 2038 1704 conte-

2138 542 2228 612 χδς
2256 542 2533 614 ἠδίκηται,
2576 547 2670 599 καὶ
2723 548 2884 612 αὐτὸς
2942 551 3522 621 προσαπειληθήσεται.
3555 578 3570 609 ι
3606 561 3659 612 Ti

2137 632 2247 703 γὰρ
2291 636 2647 706 κοινωνήσει,
2685 639 2872 708 φησὶν,
2906 639 3082 712 χύτρα
3112 641 3250 711 πρὸς
3276 643 3504 716 λέϐητας
3539 650 3662 723 Αὐτὴ

2138 726 2522 796 προσκρούσει,
2559 730 2652 782 καὶ
2680 730 2816 801 αὐτὴ
2848 729 3288 804 συπριϐήσεταί.
3318 754 3336 786 ι
3361 738 3489 807 Φησὶ
3512 740 3563 793 δέ
3587 745 3664 796 καὶ

2139 820 2165 872 ὁ
2198 819 2640 890 Παροιμιαστήςο
2681 841 2699 873 ι
2728 823 2818 894 Μὴ
2855 824 3216 894 παρεκτείνου
3249 827 3416 897 πένης
3440 829 3509 881 ὢν
3532 832 3667 883 πλου-

2140 909 2260 978 σίῳ,
2293 912 2388 962 καὶ
2433 911 2508 981 μὴ
2561 912 2743 983 φάγῃς
2793 913 2885 966 τὸν
2948 913 3139 984 ψωμόν
3185 932 3280 968 σου
3340 919 3452 986 μετ’
3503 920 3682 974 αὐτοῦ’.

2138 1002 2386 1074 ἐξεμέσει
2429 1005 2546 1073 γὰρ
2601 1005 2782 1069 αὑτὸν,
2819 1007 2910 1059 καὶ
2958 1005 3191 1076 λυμανεῖ
3231 1009 3356 1072 τοὺς
3383 1009 3564 1077 λόγους
3594 1030 3668 1066 σου

2135 1096 2263 1157 τοὺς
2312 1094 2535 1158 καλούς.
2570 1115 2589 1148 ι
2628 1097 2791 1149 Καὶ.λὸ
2834 1099 3116 1168 προφήτης
3160 1098 3342 1171 Ἀμὼς
3371 1103 3492 1172 περὶ
3518 1103 3669 1156 αὐτῶν

2138 1203 2302 1255 φησιν
2323 1203 2337 1217 ’
2369 1206 2387 1239 ι
2426 1188 2792 1252 Ἑκονδύλιζον
2819 1191 2897 1252 είς
2918 1190 3159 1258 κεφαλὰς
3188 1192 3438 1261 πτωχῶν,
3468 1193 3555 1246 καὶ
3577 1193 3673 1248 ίδδν
3769 1187 3771 1189 ’

2137 1280 2409 1333 ταπεινῶν
2450 1279 2746 1344 ἐξέκλιναν,
2765 1277 2905 1334 οἶνον
2937 1284 3003 1334 ἐκ
3039 1283 3412 1352 συκοφαντιῶν
3440 1285 3629 1337 ἔπινον·
3651 1304 3667 1336 ι

2135 1374 2163 1425 ὁ
2188 1373 2244 1426 δέ
2283 1374 2446 1438 καλὸς
2493 1375 2794 1444 εἰσηγητὴς
2852 1376 3173 1439 Ἀπόστολος
3212 1376 3518 1448 Κορινθίοις
3560 1377 3674 1448 γρά-

2138 1481 2252 1532 φων
2300 1464 2485 1532 ἔλεγεν
2507 1482 2520 1496 ·
2552 1483 2570 1516 ι
2613 1465 2711 1517 Διὰ
2741 1465 2792 1518 τί
2821 1465 2881 1517 οὑ
2913 1465 3111 1535 μᾶλλον
3141 1467 3530 1536 ἀποστερεῖσθε
3558 1468 3674 1532 ςΔιά

2135 1556 2188 1608 τί
2229 1556 2430 1626 μᾶλλον
2478 1557 2600 1626 οὐχὶ
2645 1558 2951 1622 ἀδικεῖσθε;
2986 1558 3100 1610 ἀλλ’
3132 1559 3290 1627 ὑμεῖς
3319 1559 3569 1622 ἀδικεῖτε,
3600 1557 3678 1610 καὶ

2138 1649 2492 1716 ἀποστερεῖτε
2521 1692 2534 1714 ,
2574 1650 2668 1702 καὶ
2729 1648 2909 1715 τοῦτο,
2952 1649 3214 1717 ἀδελφούς
3241 1666 3256 1678 ·
3292 1667 3311 1700 ι
3348 1651 3440 1702 καὶ
3467 1650 3673 1716 ἐπάγει·

460 1742 692 1796 retur“.
709 1761 724 1791 ι
748 1742 852 1795 Et:
878 1761 894 1792 ι
923 1741 1000 1797 Ne
1023 1743 1333 1797 comederis
1349 1760 1475 1798 cum
1499 1759 1566 1798 eo
1591 1743 1815 1799 oﬂ'ulam
1840 1752 1988 1797 tuam
2019 1759 2032 1795 :

2144 1760 2162 1793 ι
2203 1742 2381 1804 Ὃλως
2434 1743 2654 1812 ἥττημα
2701 1742 2830 1810 ὑμῖν
2868 1744 3034 1806 ἐστιν,
3066 1743 3146 1794 ὅτι
3177 1743 3354 1810 κρῖμα
3402 1742 3546 1811 ἔχετε
3577 1737 3678 1822 καθέ

458 1835 677 1887 evomet
723 1832 873 1886 enim
930 1833 1098 1898 illam,
1131 1841 1187 1888 et
1245 1834 1530 1903 disperdet
1579 1849 1867 1889 sermones
1911 1841 2036 1888 tuos

457 1924 716 1980 bonos“.
749 1944 767 1975 ι
788 1925 862 1979 De
887 1925 973 1979 his
1011 1932 1064 1979 et
1091 1926 1256 1980 Amos
1282 1928 1589 1996 propheta:
1623 1947 1640 1979 ‹
1672 1926 1878 1997 Pugnis
1913 1934 2038 1979 tun-

458 2015 664 2071 debant
703 2017 881 2086 capita
914 2032 1244 2086 pauperum,
1277 2028 1333 2071 et
1360 2019 1504 2072 viam
1542 2019 1837 2072 humilium
1865 2016 2037 2072 decli-
2075 2077 2091 2091 ο

2141 1833 2369 1885 ἑαυτῶν.
2402 1833 2470 1884 Ἢ
2495 1832 2595 1884 οὐκ
2637 1831 2817 1884 οἴδατε
2861 1831 2941 1884 ὅτι
2974 1830 3146 1884 ἄδικοι
3173 1829 3454 1900 βασιλείαν
3479 1828 3606 1882 Θεοῦ
3631 1827 3680 1881 ού

2141 1923 2682 1993 κληρονομήσουσιν;
2731 1941 2749 1974 ι
2790 1922 2848 1975 '0
2879 1922 2935 1974 δὲ
2974 1922 3179 1993 Κύριος
3215 1923 3348 1992 περὶ
3377 1921 3483 1974 τῶν
3522 1921 3688 1990 Γραμ-

2145 2016 2363 2086 ματέων
2403 2017 2498 2068 καὶ
2543 2015 2855 2085 Φαρισαίων
2886 2014 3080 2084 φησίν
3111 2017 3530 2082 ι’Δεσμεύουσιν
3572 2027 3681 2080 φορ-

457 2115 749 2164 naverurit.
818 2109 1017 2164 Vinum
1079 2110 1538 2164 calumniantium
1608 2110 1877 2164 bibebant
1909 2109 1975 2163 “.
2017 2129 2035 2162 ι

2139 2108 2220 2161 τία
2274 2107 2447 2178 βαρέα
2515 2107 2611 2161 καὶ
2656 2107 3062 2171 δυσϐάστακτα,
3095 2107 3190 2162 καὶ
3225 2108 3321 2159 ἐπὶ
3366 2107 3490 2168 τοὺς
3527 2104 3688 2173 ὤμους

458 2197 691 2254 Pulchre
739 2209 795 2255 et
848 2200 1042 2255 doctor
1091 2202 1337 2272 gentium
1369 2202 1702 2271 Apostolus,
1735 2201 2037 2256 Corinthiis

2139 2203 2240 2256 τῶν
2291 2200 2596 2274 ἀνθρώπων
2643 2201 3004 2265 ἐπιτιθέασιν,
3028 2201 3106 2270 τῷ
3144 2200 3200 2253 δὲ
3235 2198 3488 2268 δακτύλῳ
3528 2195 3688 2250 αὐτῶν

458 2292 709 2346 εοτίῢηιε
736 2309 748 2345 :
790 2311 807 2344 ι
840 2293 910 2349 Ut
939 2293 1071 2362 quid
1103 2309 1214 2347 non
1242 2295 1415 2364 magis
1448 2293 1699 2348 fraudem
1741 2293 2037 2363 patimini?

2139 2293 2194 2345 ού
2245 2293 2491 2345 θέλουσιν
2527 2292 2748 2364 κινῆσαι
2791 2292 2954 2345 αὐτὰ..
2999 2311 3018 2344 ι
3054 2291 3215 2362 Αύτῷ
3256 2293 3292 2358 ἡ
3323 2290 3453 2354 δόξα
3482 2289 3555 2350 είς
3581 2286 3691 2348 τοὺς

457 2399 628 2454 quare
665 2400 772 2438 non
807 2385 982 2454 magis
1013 2385 1274 2455 injuriam
1307 2385 1598 2455 accipitis?
1635 2385 1734 2440 sed
1764 2399 1862 2438 vos
1898 2383 2043 2454 inju-

2133 2385 2361 2446 αἰῶνας.
2407 2386 2606 2456 Ἀμήν.

457 2477 592 2530 riam
641 2476 821 2531 facitis
853 2486 909 2531 et
938 2477 1230 2542 fraudatis,
1265 2486 1321 2531 et
1353 2477 1458 2532 hoc
1494 2476 1760 2532 fratribus
1787 2476 1850 2530 ¹⁶³.
1888 2495 1906 2528 ι
1941 2475 2159 2530 luducit
2192 2492 2204 2505 ·
2250 2492 2267 2527 ι
2306 2474 2546 2530 Omnino
2609 2474 2819 2529 dictum
2885 2482 2969 2530 est
2999 2475 3146 2531 inter
3172 2489 3278 2530 vos
3307 2492 3321 2528 :
3352 2473 3438 2528 An
3491 2469 3695 2527 nescitis

457 2570 584 2640 quia
621 2568 798 2641 iniqui
828 2575 1054 2641 regnum
1086 2571 1184 2626 Dei
1208 2587 1315 2625 non
1339 2570 1824 2641 possidebunt“?!
1845 2571 2114 2626 Dominus
2166 2571 2299 2625 item
2371 2570 2440 2625 de
2518 2569 2729 2626 Scribis
2770 2580 2828 2625 et
2892 2571 3182 2626 Phariszeis
3249 2571 3334 2627 ait
3372 2591 3385 2626 :
3423 2589 3442 2621 σ
3482 2568 3696 2638 Alligant

456 2681 624 2719 onera
676 2665 861 2738 gravia
911 2678 967 2721 et
999 2667 1390 2737 importabilia,
1427 2677 1481 2723 et
1513 2667 1805 2738 imponunt
1836 2672 1893 2721 in
1930 2667 2192 2722 humeros
2221 2667 2528 2733 hominum,
2566 2665 2740 2737 digito
2767 2674 2950 2722 autem
2983 2667 3180 2722 nolunt
3219 2680 3288 2722 ea
3344 2678 3563 2721 movere
3584 2661 3646 2715 “.
3671 2675 3691 2710 ι

456 2758 562 2831 Iij
600 2758 772 2828 gloria
805 2760 864 2814 in
912 2759 1113 2816 saecula
1147 2759 1496 2814 saeculorum.
1526 2759 1718 2813 Amen.

934 2893 1234 2949 HOMILIA
1251 2894 1542 2949 XXXVIII.

986 3005 1060 3058 De
1123 3007 1504 3060 inobedientia.

526 3115 1004 3182 Quemadmodum
1038 3117 1206 3172 vitam
1249 3117 1590 3183 obedientia,
1621 3117 1697 3171 ita
1749 3125 1805 3172 et
1847 3116 2038 3174 inobe-

429 3209 667 3264 dientia
722 3207 1018 3262 elIicaciter
1077 3218 1315 3264 mortem
1383 3219 1668 3280 operatur.
1734 3209 1855 3264 Meo
1906 3210 2038 3265 huic

460 3297 701 3352 sermoni
773 3297 1153 3351 testimonium
1195 3298 1358 3354 facile
1421 3299 1608 3354 reddit
1657 3300 1825 3355 homo
1859 3300 1904 3355 is
1939 3302 2035 3371 qui

460 3385 672 3454 primus
705 3384 800 3440 Dei
833 3401 998 3439 manu
1027 3384 1300 3440 formatus
1323 3396 1427 3442 est.
1457 3388 1597 3442 Dum
1628 3389 1778 3443 enim
1815 3390 1899 3444 sui
1925 3389 2039 3459 opi-

461 3480 579 3535 licis
609 3480 867 3534 mandato
903 3479 1074 3550 gessit
1103 3496 1335 3545 morem,
1365 3482 1689 3551 neutiquam
1732 3483 1865 3553 ligni
1905 3483 2038 3537 vita-

458 3571 528 3625 lis
557 3571 805 3641 privatus
838 3579 922 3624 est
945 3587 1046 3626 usu
1084 3587 1097 3624 :
1131 3580 1347 3638 contra,
1378 3589 1406 3627 a
1447 3573 1688 3643 paradisi
1718 3573 2035 3629 amoenitate

461 3664 516 3715 in
553 3662 716 3715 -hanc
773 3662 1225 3732 complorationis
1263 3679 1328 3720 ac
1377 3664 1616 3720 miseriae
1673 3665 1873 3720 vallem
1936 3680 2037 3734 per

384 3739 392 3748 ’
461 3752 898 3806 inobedientiam
935 3754 1232 3824 relegatus.
1267 3770 1324 3810 se
1352 3769 1619 3825 suamque
1653 3757 2032 3826 posteritatem

460 3852 678 3897 aeternae
729 3842 940 3898 addixit
986 3844 1172 3898 morti.
1201 3843 1432 3899 Audivit
1479 3846 1662 3900 enim:
1702 3864 1720 3897 ι
1757 3846 1928 3900 Terra
1975 3859 2036 3900 es

412 3964 415 3970 -
461 3944 517 3988 et
551 3935 606 3988 in
663 3944 869 3988 terram
935 3935 1044 3988 ibis
1069 3936 1136 3990 “.
1183 3955 1200 3986 ›
1242 3935 1350 3992 Sed
1401 3943 1458 3990 et
1492 3936 1668 3991 Judaei
1702 3935 1938 4006 profecti
1966 3951 2036 3990 ex

460 4021 714 4095 Egypto,
779 4039 1014 4092 quorum
1071 4025 1343 4080 cadavera
1397 4027 1454 4080 in
1513 4042 1701 4082 eremo
1757 4035 2035 4096 prostrata

463 4127 612 4178 sunt,
653 4133 671 4166 ι
712 4116 831 4170 Non
858 4116 1224 4170 exaudierunt
1255 4132 1448 4172 vocem
1478 4117 1717 4183 Domini,
1742 4119 1888 4172 'et'in
1914 4119 2034 4189 lege

463 4211 582 4280 ejus
634 4209 933 4263 noluerunt
995 4209 1278 4264 ambulare
1307 4209 1373 4263 "7.
1411 4229 1429 4261 ι
1468 4210 1562 4265 Dei
1589 4210 1738 4265 enim
1777 4210 2034 4265 mandato

456 4303 798 4375 jubebantur
847 4303 1048 4374 singuli
1085 4304 1291 4373 quique
1327 4319 1437 4357 uno
1467 4318 1686 4372 quoque
1716 4301 1804 4356 die
1831 4316 2032 4355 manna

463 4408 522 4450 ut
585 4405 964 4460 vescerentur,
997 4411 1099 4450 nec
1127 4395 1428 4465 quidquam
1457 4411 1524 4449 ex
1555 4410 1622 4448 eo
1655 4393 2032 4462 relinquerent

461 4488 516 4541 in
545 4489 867 4542 crastinum.
894 4486 1143 4555 Cumque
1171 4488 1403 4541 istorum
1435 4483 1686 4540 nonnulli
1717 4484 1772 4537 in
1797 4483 2030 4537 alterum

2722 2892 2943 2946 ΛΟΓΟΣ
2990 2889 3120 2946 AII'.

2662 3003 2799 3072 Περὶ
2844 2999 3182 3071 παρακοῆς.

2207 3119 2422 3188 Ὠσπερ
2466 3118 2499 3188 ή
2533 3116 2750 3185 ὑπακοὴ
2786 3115 2931 3184 ζωὴν
2963 3113 3402 3184 κατεργάζεται,
3429 3113 3595 3175 οὕτως
3622 3108 3703 3163 καὶ

2139 3210 2457 3282 ήπαρακοὴ
2524 3208 2772 3262 θάνατον.
2799 3206 2908 3290 Καὶ
2963 3209 3234 3277 μαρτυρεῖ
3284 3223 3382 3275 μοι
3411 3204 3490 3276 τῷ
3535 3202 3704 3271 λόγῳὸ

2139 3303 2356 3372 πρῶτος
2406 3299 2546 3370 χειρὶ
2584 3297 2719 3350 Θεοῦ
2775 3297 3032 3360 πλασθεὶς
3061 3297 3386 3368 ἅνθρωπος.
3421 3298 3482 3350 El
3511 3295 3614 3365 γὰρ
3643 3293 3706 3360 μὴ

2139 3374 2486 3464 παρήκουσεν
2538 3390 2638 3458 τῆς
2699 3389 2920 3458 ἐντολῆς
2967 3388 3060 3442 τοῦ
3098 3387 3486 3460 Δημιουργοῦ,
3518 3387 3612 3440 οὐκ
3651 3383 3705 3436 ἂν

2141 3484 2239 3553 μὲν
2291 3482 2569 3550 ὑστερεῐτο
2613 3477 2706 3532 τοῦ
2771 3477 2930 3544 ξύλου
2981 3478 3077 3547 τῆς
3118 3479 3270 3548 ζωῆς
3307 3494 3324 3510 ο
3368 3471 3707 3546 ἐξόριστοςᾶ

2135 3572 2230 3626 τοῦ
2297 3571 2625 3642 παραδείσου
2688 3571 2999 3639 γενόμενος,
3052 3569 3292 3622 θάνατον
3357 3563 3706 3633 κατεδικάσθη

2135 3663 2300 3726 αὐτὸς
2333 3664 2428 3717 καὶ
2456 3663 2506 3715 οἱ
2535 3663 2628 3714 ἀπ’
2659 3660 2824 3714 αὑτοῦ
2885 3659 2978 3713 τὸν
3022 3659 3270 3726 αίὼνιον,
3307 3661 3572 3722 ἀκούσας·
3595 3676 3622 3708 ί
3641 3656 3708 3723 Γῆ

2138 3755 2190 3810 εἴ
2226 3755 2319 3810 καὶ
2355 3758 2436 3818 είς
2464 3755 2570 3826 γῆν
2591 3752 2905 3810 ἀπελεύσει.
2938 3773 2957 3806 ι
3003 3752 3243 3824 Ὁμοίως
3276 3753 3378 3806 καὶ
3409 3755 3462 3806 οἱ
3491 3748 3709 3817 ἐξελθόν-

2134 3865 2226 3912 τες
2264 3847 2322 3912 ἐξ
2355 3846 2658 3915 Αἰγύπτου,
2682 3839 2757 3900 ὧν
2797 3845 2869 3899 τὰ
2911 3839 3060 3898 κῶλα
3090 3845 3299 3899 ἔπεσεν
3331 3848 3392 3899 ἐν
3420 3849 3488 3915 τῇ
3520 3844 3708 3914 ἐρήμῳ,

2141 3959 2160 3993 ‹
2191 3941 2665 4008 Οὑκιείσήκουσαν
2693 3940 2792 4009 τῆς
2824 3940 3008 4008 φωνῆς
3037 3937 3132 3991 τοῦ
3162 3939 3412 4010 Κυρίου,
3445 3939 3538 3991 καὶ
3566 3937 3620 3989 ὲν
3645 3931 3711 4000 τῷ

2135 4032 2284 4102 νόμῳ
2325 4030 2492 4084 αὑτοῦ
2553 4032 2656 4084 οὐκ
2699 4030 3086 4101 ἠϐουλήθησαν
3121 4031 3496 4100 πορεύεσθαι.
3539 4048 3558 4080 ι
3587 4028 3714 4093 Παρ-

2134 4124 2385 4194 ήγγειλεν
2427 4123 2534 4194 γὰρ
2582 4122 2768 4186 αὐτοῖς
2822 4124 2852 4176 ὁ
2908 4122 3040 4186 Θεὸς
3085 4122 3418 4194 αύθήμερον
3459 4121 3520 4174 τὺ
3558 4119 3710 4189 μάννα

2134 4217 2336 4270 ἐσθίειν
2356 4256 2370 4282 ,
2405 4216 2497 4270 καὶ
2529 4215 2602 4286 μὴ
2633 4215 3064 4284 καταλιμπάνειν
3110 4217 3192 4279 εἰς
3220 4217 3333 4286 τὴν
3366 4215 3601 4286 αύριονλ·
3634 4210 3714 4262 καὶ

2134 4302 2621 4374 παρακουσάντων,
2647 4303 2740 4356 καὶ
2770 4302 3218 4372 καταλειψάντων
3255 4305 3372 4368 ἕως
3417 4302 3563 4375 πρωῒ
3582 4343 3595 4367 ,
3641 4296 3713 4360 ἐξ-

2133 4395 2362 4465 ήνεγκεν
2392 4393 2704 4462 σκώληκας,
2733 4395 2828 4446 καὶ
2845 4394 3104 4457 ἐπόζεσεν
3125 4411 3138 4425 ⁸
3171 4397 3274 4449 καὶ
3298 4395 3460 4450 ὥσπε
3470 4414 3500 4465 ρ
3521 4396 3594 4456 είς
3616 4394 3716 4445 ἀτι-

2137 4487 2266 4556 μίαν
2320 4485 2415 4539 καὶ
2465 4485 2670 4548 ὄνειδος
2715 4485 2993 4556 ἐχώρησεν
3033 4488 3146 4550 τοῖς
3173 4488 3634 4558 παρακούσασιν.
3663 4481 3714 4532 Ὠ

457 4577 764 4632 diluculum
784 4577 888 4632 sibi
905 4578 1306 4647 seposuissent,
1331 4592 1432 4646 pro
1450 4591 1650 4630 manna
1673 4581 2030 4644 reportarunt

2139 4578 2233 4646 τῆς
2280 4578 2586 4647 παρακοῆς,
2619 4575 2712 4628 καὶ
2759 4577 2891 4629 αὐτὸ
2947 4576 3009 4628 τὸ
3058 4577 3241 4646 μάννα
3287 4579 3602 4647 σκωλήκων
3641 4572 3718 4625 καὶ

463 4683 696 4732 vermes,
734 4669 880 4738 iique
913 4669 968 4722 in
999 4669 1386 4738 putrilaginem
1415 4675 1546 4724 sunt
1568 4667 1714 4721 versi
1753 4685 1765 4721 :
1799 4666 1854 4721 id
1885 4665 2031 4734 quod

2139 4668 2394 4732 δυσωδίας
2426 4667 2601 4721 αῐτιον
2629 4667 2876 4736 γέγονεν.
2909 4668 3166 4739 Φαίνετςι
3220 4669 3348 4739 γὰρ
3401 4669 3513 4739 πρὸ
3549 4664 3714 4718 τούτου

460 4759 516 4813 in
555 4759 908 4829 ignominiam
948 4769 1114 4828 atque
1145 4759 1390 4814 dedecus
1423 4760 1658 4814 istorum
1692 4758 1863 4813 cessit
1890 4757 2034 4811 male

2139 4760 2302 4830 μηδὲν
2337 4758 2584 4812 τοιοῦτον
2636 4758 3009 4828 γεγενημένον
3033 4775 3047 4788 ·
3074 4757 3162 4812 διὰ
3206 4760 3278 4813 τὸ
3337 4759 3582 4832 μάλιστα
3614 4771 3716 4825 τρο-

461 4849 902 4918 morigerorum:
941 4850 1176 4919 perinde
1234 4859 1401 4919 atque
1458 4851 1674 4906 diceres
1713 4868 1725 4902 :
1765 4849 1892 4904 Sola
1951 4857 2034 4903 est

2139 4851 2238 4921 ἱρὴν
2269 4851 2517 4920 ἀγγέλων
2560 4850 3034 4922 κεχρηματικέναι
3058 4865 3071 4878 ⁶
3107 4851 3181 4914 ὥς
3236 4871 3423 4923 φησιν
3453 4855 3484 4906 ὁ
3518 4849 3716 4922 Προφή-

457 4939 832 4995 inobedientia
881 4947 1075 4994 auctor
1103 4956 1318 4994 manna:
1351 4942 1406 4994 in
1444 4956 1663 4995 vermes
1695 4941 2034 5010 degeneran-

2139 4959 2231 5011 της
2256 4958 2270 4973 ·
2308 4960 2326 4992 ι
2374 4943 2577 5013 Ἀρτον
2604 4942 2855 5010 ἀγγέλων
2887 4941 3093 5011 ἔφαγεν
3118 4942 3464 5014 ἄνθρωπος.
3503 4962 3522 4994 ι
3561 4939 3661 4995 Καὶ
3681 4936 3718 4988 οἱ

459 5031 549 5093 tis,
582 5039 636 5084 et
667 5029 854 5083 odoris
875 5029 1035 5082 istius
1059 5029 1298 5098 graviter
1326 5029 1589 5099 spirantis
1621 5030 1822 5099 :‘prius
1854 5029 2024 5092 enim,

2139 5033 2242 5085 υἱοὶ
2279 5032 2420 5098 Ἠλὶ,
2466 5033 2641 5100 Ὀφνὶ,
2667 5033 2873 5098 Φινεὲς,
2906 5033 3005 5086 ούκ
3039 5034 3394 5104 εἰσήκουσαν
3426 5035 3531 5104 τῆς
3561 5027 3718 5102 φωνῆς

457 5123 598 5177 nihil
665 5122 797 5177 dum
848 5122 954 5176 tale
1004 5121 1304 5191 contigisse
1352 5121 1736 5190 conspicitur:
1781 5122 1861 5176 0b
1920 5122 2027 5175 hoc

2139 5123 2226 5176 τοῦ
2252 5121 2458 5194 πατρὸς
2488 5123 2670 5177 αὐτῶν
2694 5139 2709 5153 ·
2747 5125 2840 5176 καὶ
2873 5124 2963 5178 διὰ
2993 5124 3151 5178 τοῦτο
3183 5126 3217 5177 ὁ
3263 5125 3516 5199 Κύριος,
3549 5120 3719 5180 αὐτοὺς

456 5215 602 5269 enim
649 5215 807 5285 juxta
853 5214 1062 5285 regium
1101 5213 1343 5278 Psalten,
1371 5213 1849 5268 nomenclaturam
1895 5229 2028 5283 pro-

2139 5215 2250 5285 μὲν,
2275 5214 2368 5267 καὶ
2398 5215 2524 5277 τοὺς
2554 5214 2706 5276 υἱοὺς
2744 5215 2861 5268 Ἠλὶ
2895 5217 2954 5268 ἐν
2985 5215 3238 5286 ῥομφαίᾳ
3277 5218 3613 5275 ἀπώλεσεν,
3639 5209 3720 5277 τήν

459 5313 660 5362 meruit
693 5305 950 5376 angelica!
970 5305 1247 5360 alimoniae
1275 5322 1288 5358 :
1328 5322 1356 5356 -ι
1403 5304 1779 5359 Panemenim
1802 5303 2028 5374 angelo-

2139 5307 2177 5360 5ἐ
2214 5306 2445 5360 κιϐωτὸν
2491 5307 2572 5370 είς
2617 5309 2810 5376 χεῖρας
2859 5307 2969 5360 τῶν
2999 5291 3344 5376 ἀλλοφύλων
3397 5309 3719 5382 παρέδωκεν.

460 5414 581 5452 rum
638 5397 991 5452 manducavit
1040 5397 1204 5452 homo
1235 5397 1302 5450 “.
1345 5417 1364 5449 ι
1427 5397 1552 5452 Filii
1615 5396 1849 5466 proinde
1885 5395 2027 5461 Heli,

2139 5396 2337 5465 Ὠσπερ
2389 5396 2484 5449 καὶ
2532 5396 2615 5463 ἐφ’
2647 5399 2781 5466 ἡμῖν
2815 5397 2909 5451 νῦν
2940 5398 3164 5467 γέγονεν
3189 5414 3204 5427 ·
3244 5400 3350 5454 τὸν
3394 5402 3500 5471 μὲν
3540 5398 3658 5452 λαὸν
3680 5394 3717 5446 οι

457 5487 637 5558 Uphni
669 5497 724 5543 et
753 5487 1011 5554 Phinees,
1035 5486 1183 5557 quod
1215 5489 1390 5557 patris
1427 5487 1514 5543 sui
1545 5502 1735 5542 vocem
1757 5486 2028 5541 exaudire

2139 5484 2384 5537 Χαλδαῖοι
2406 5484 2736 5541 ἀπέκτειναν
2761 5487 2820 5539 ἐν
2852 5488 3118 5559 ῥομφαίᾳ,
3136 5489 3199 5540 ἐν
3237 5490 3412 5563 μέσῳ
3439 5488 3540 5546 καὶ
3563 5485 3720 5555 κύκλῳ

531 5666 574 5739 '3
599 5665 648 5739 _ll
679 5667 804 5739 Cor.
838 5684 952 5739 vi",
1010 5668 1096 5739 ιι.
1175 5669 1218 5700 ³ο
1256 5669 1576 5732 Eccli.xm,
1632 5669 1687 5722 2.
1764 5655 1978 5739 "ibid.
2009 5669 2037 5739 ξ

2141 5665 2182 5739 'f'
2217 5665 2351 5722 ibid.
2384 5670 2464 5726 '6.
2543 5669 2587 5701 ⁶¹
2621 5669 2787 5724 Amos
2817 5685 2889 5733 ll,
2945 5669 3059 5726 6-8.
3131 5669 3207 5739 ιδ⁸
3242 5670 3437 5730 lCor.
3489 5687 3565 5729 Vt.
3607 5663 3704 5722 ἷ-εο

458 5729 506 5762 “
536 5731 666 5789 ibid.
704 5738 758 5790 9.
834 5737 880 5768 ⁸³
911 5729 1097 5791 Matth.
1131 5753 1276 5805 uin,
1314 5739 1370 5795 4.
1434 5740 1487 5773 ⁴⁶
1515 5729 1650 5797 Gen.
1680 5754 1763 5805 ut,
1800 5737 1888 5796 l9.
1969 5737 2016 5768 ⁴⁷

2139 5736 2184 5792 ιΙ.
2221 5754 2440 5810 _Lxxvn,
2475 5741 2562 5796 l0.
2643 5739 2689 5772 ⁸³
2723 5739 2857 5795 ibid.
2880 5729 2978 5796 '25.
