3986 6148
307 386 443 481 1553

1151 428 1481 519 HOMILIA
1515 431 1937 496 XXXVIII‘.—
1973 434 2072 495 DE
2114 421 2715 495 INOBEDIENTIA‘.

3433 436 3579 499 1’5???

311 533 669 605 Ἰερουσαλήμ
689 549 704 566 ο
741 536 834 588 καὶ
860 535 958 588 οὑκ
983 522 1065 600 ἦν
1093 538 1124 591 6
1158 538 1401 596 θάπτων.
1426 542 1531 597 Τὸν
1554 543 1612 597 δὲ
1643 544 1876 616 σταυρὸν

1987 547 2177 601 nuluer
2203 554 2283 610 nt,
2330 556 2441 597 una
2488 557 2613 600 cum
2666 545 2795 601 filiis
2860 548 3025 603 lsrael
3093 547 3145 602 iu
3228 549 3345 602 acie
3399 551 3567 619 gladii

302 627 361 679 ὲν
410 625 719 694 ’Δσσυρίοις
761 627 1057 699 ἀπῴκισεν.
1104 630 1385 697 Ὡσαύτως
1434 636 1614 690 καὶ’ό
1660 637 1878 700 Σαοὺλ.

304 716 816 788 παραλογισάμενος
842 721 944 791 τὴν
967 722 1187 795 ἐντολὴν
1221 724 1316 778 τοῦ
1342 725 1500 793 Θεοῦ,
1536 726 1876 798 ἑματαιῶθη,

302 811 396 863 καὶ
424 811 519 878 τῆς
558 810 834 881 βασιλείας
882 814 1164 879 ἐξέπεσεν,
1195 818 1287 871 καὶ
1327 818 1599 873 οἴκτιστον
1650 819 1882 874 θάνατον

303 902 646 970 ἀπενέγκατο
664 920 677 932 ·
705 905 799 958 καὶ
823 905 994 960 πολλὰ
1025 909 1237 962 πενθῶν
1265 912 1394 981 περὶ
1426 910 1593 965 αὑτοῦ
1615 913 1644 964 6
1664 913 1880 983 προφή-

302 1012 401 1066 της
426 996 682 1066 Σαμουὴλ
701 1036 716 1059 ,
741 1001 836 1052 καὶ
869 1000 960 1052 τὸν
986 1000 1118 1053 Θεὸν
1149 1002 1510 1072 παρακαλῶν,
1532 1003 1684 1057 οὐδὲν
1716 1003 1880 1058 αὑτὸν

302 1088 533 1160 ὤνησεν,
557 1089 673 1142 ἀλλ’
708 1089 936 1162 ὕστερον
971 1094 1207 1164 ἧκουσεν
1267 1095 1419 1166 παρά
1451 1095 1548 1150 τοῦ
1576 1097 1878 1168 προφήτουο

309 1199 327 1232 ι
366 1182 568 1251 Ἀγαθὴ
607 1182 823 1253 ὑπακοὴ
868 1185 1009 1255 ὑπὲρ
1051 1185 1265 1249 θυσίαν,
1302 1187 1396 1241 καὶ
1423 1188 1687 1258 ἀκρόασις
1742 1189 1882 1260 ὑπὲρ

305 1272 471 1345 στέαρ
496 1273 688 1345 κριῶν.
726 1292 746 1327 ι
783 1274 974 1331 Ταῦτα
1009 1277 1109 1346 μὲν
1137 1279 1195 1332 ὲν
1229 1281 1296 1349 τῇ
1331 1279 1452 1348 θεία
1479 1279 1693 1350 Γραφῇ.
1728 1278 1899 1333 Ἐπεὶ.

304 1365 401 1417 καὶ
433 1365 664 1435 ἀιήκοος
699 1365 970 1438 μαθητὴς,
1004 1370 1194 1440 ῶσπερ
1229 1369 1389 1437 ξύλον
1416 1370 1879 1442 διεστραμμένον,

304 1456 395 1509 καὶ
413 1455 474 1509 οὑ
510 1455 585 1526 μὴ
608 1456 844 1530 ὀρθωθῇ,
864 1459 1500 1533 ἐλεγχόμενος-συνεχῶς.
1527 1462 1636 1515 Καὶ
1658 1464 1687 1516 6
1705 1460 1882 1533 ἀσύμ-

305 1565 479 1618 φωνος
500 1550 747 1618 ἀδελφὸς,
779 1551 856 1615 ὼς
879 1553 1168 1623 ἀπηχοῦσα
1197 1551 1340 1628 αὖρα
1364 1557 1590 1626 ἀνέμου,
1613 1560 1681 1628 τῇ
1708 1556 1884 1625 ἀσυμ-

293 1639 481 1721 ’φωνίᾳ
504 1641 739 1712 λυομένη
769 1643 864 1696 τοῦ
894 1646 1083 1699 καινοῦ
1115 1646 1332 1716 μέλους,
1357 1649 1448 1702 καὶ
1478 1646 1667 1719 ῶσπερ
1692 1649 1725 1720 ή
1757 1647 1883 1716 σφί-

191 1782 196 1786 .
303 1748 372 1799 κη
427 1733 559 1796 τοὺς
614 1732 812 1798 πόνους
844 1734 958 1800 τῶν
1018 1737 1292 1808 μελισσῶν
1338 1740 1542 1808 ἐσθίει,
1573 1739 1749 1805 οὑτως
1786 1740 1884 1796 καὶ

307 1822 548 1893 ρᾷθυπμος
589 1824 846 1893 ἀδελφὸς,
886 1827 1099 1897 ἀχρειοῖ
1132 1830 1378 1895 συνοδίας
1416 1832 1691 1903 ἑναρέτων
1738 1832 1882 1902 πρά-

1982 638 2398 699 conciderunt,
2470 634 2708 693 Domino
2773 631 3191 707 vindice,'qui
3255 648 3312 692 et
3376 653 3563 694 arcam
3640 707 3652 715 _

1984 727 2040 781 in
2071 743 2267 782 manus
2303 725 2530 781 tradidit
2562 727 3076 799 alienigenarum".
3097 725 3176 780 Ad
3198 729 3340 784 hanc
3372 746 3564 784 exem-
3628 717 3637 723 ’

1981 819 2189 888 plarem
2224 818 2517 873 formulam
2544 818 2745 873 divinae
2775 819 3004 873 ultionis
3037 835 3185 875 nunc
3220 820 3383 875 nobis
3422 835 3564 890 quo-

1980 925 2088 980 que
2111 910 2364 980 contigit.
2391 909 2770 966 Circumcirca
2815 911 3121 967 Jerusalem
3150 952 3164 977 ,
3197 912 3462 982 populum
3505 912 3562 967 in

1983 1001 2039 1056 in
2072 1018 2169 1057 ore
2192 1002 2357 1072 gladii
2383 1001 2625 1058 Chaldaei
2653 1002 2997 1068 ceciderunt,
3034 1018 3139 1059 nec
3169 1011 3255 1057 est
3286 1004 3379 1074 qui
3406 1019 3565 1074 sepe.-

1980 1093 2080 1147 liat
2111 1114 2126 1164 ;
2224 1107 2449 1149 crucem
2479 1110 2612 1149 vero
2642 1093 2767 1166 Syri
2796 1096 2948 1151 velut
2979 1096 3035 1151 in
3068 1095 3345 1150 coloniam
3371 1110 3560 1150 secum

1982 1192 2363 1253 exportarunt.
2397 1184 2754 1240 Consimilem
2784 1187 2837 1240 in
2865 1186 3090 1241 modum
3124 1186 3251 1242 Saul
3284 1186 3378 1241 Dei
3410 1203 3566 1241 man-

1983 1275 2173 1331 datum
2247 1276 2535 1332 venatoria
2585 1286 2752 1348 atque
2810 1279 3044 1339 subdola
3101 1279 3562 1349 interpretatione

1981 1368 2234 1433 eludens,
2298 1378 2482 1424 mente
2508 1378 2656 1424 mota
2689 1370 2946 1424 vesanire
2974 1371 3143 1439 cmpit
3169 1381 3330 1439 atque
3356 1369 3565 1424 excidit

1982 1474 2175 1529 regno,
2210 1474 2274 1513 ac
2327 1458 2550 1513 demum
2601 1459 2904 1514 miserabili
2951 1459 3197 1514 concidit
3254 1470 3431 1516 morte
3462 1460 3558 1515 “z

1988 1542 2206 1614 1089
2241 1545 2457 1600 tametsi
2484 1546 2634 1601 hunc
2664 1547 2937 1617 propheta
2965 1547 3187 1605 Samuel
3215 1548 3389 1603 multo
3419 1559 3561 1604 tem-
3650 1566 3655 1571 ν

1981 1650 2118 1705 pore
2153 1637 2386 1708 lugeret,
2420 1653 2633 1709 proque
2688 1639 2865 1694 salute
2900 1640 3020 1709 ejus
3047 1640 3472 1695 venerabundus
3498 1657 3563 1695 ac

1983 1728 2214 1798 supplex
2266 1738 2605 1797 precaretur,
2639 1728 2779 1783 adeo
2836 1727 2975 1782 nihil
3022 1729 3189 1799 juvit,
3219 1737 3281 1783 ut
3323 1728 3564 1783 audierit

1986 1818 2209 1873 tandem
2249 1819 2385 1874 illud
2433 1834 2568 1875 voce
2613 1819 2978 1890 prophetica:
3011 1839 3028 1872 ι
3066 1820 3260 1875 Melior
3297 1830 3383 1876 est
3431 1820 3565 1873 obc-

305 1913 463 1978 ξεων.
499 1917 609 1970 Kal
640 1918 831 1991 ῶσπερ
861 1920 1035 1985 δειλὸς
1056 1922 1397 1995 στρατιώτης
1429 1902 1530 1989 τὰς
1555 1928 1747 1998 χεῖρας
1770 1918 1880 1980 τῶν

1987 1906 2193 1963 dientia
2244 1923 2410 1978 quam
2461 1908 2709 1975 victima,
2738 1916 2796 1963 et
2851 1909 3185 1964 auscultatio
3241 1924 3353 1978 prae
3401 1907 3563 1977 adipe

305 2009 647 2093 πολεμιστῶν
700 2013 885 2068 ἐκλύει
904 2053 918 2078 ,
952 2014 1124 2082 οὕτως
1156 2019 1249 2072 καὶ
1275 2021 1511 2090 μοναχδς
1536 2021 1748 2093 ἀμελὴς
1782 2022 1880 2093 τὴν

302 2101 411 2155 τῶν
467 2103 712 2174 ἀδελφῶν
760 2106 1075 2178 προθυμίαν
1131 2112 1342 2179 χαυνοῖ.
1395 2111 1731 2183 Φοϐηθῶμεν
1761 2108 1878 2178 οῦν,

302 2194 546 2261 ἀδελφοὶ,
606 2196 676 2251 τά
721 2197 959 2252 τοσαῦτα
1006 2200 1449 2271 παραδείγματα,
1482 2203 1575 2256 καὶ
1614 2203 1879 2276 φύγωμεν

303 2284 394 2337 τὸν
419 2283 640 2356 ὄλεθρον
668 2286 768 2355 τῆς
806 2289 1125 2357 παρακοῆς,
1153 2288 1238 2341 ἵνα
1274 2290 1350 2360 μὴ
1392 2292 1489 2344 σὺν
1518 2292 1635 2354 τοῖς
1677 2293 1881 2364 προλαο

305 2374 493 2430 σοῦσιν
520 2377 966 2447 κατακριθῶμεν.
996 2380 1156 2434 Ποῖον
1178 2379 1287 2449 γὰρ
1310 2381 1506 2451 ὄφελος
1529 2381 1683 2437 ἔσται
1710 2384 1788 2454 τῷ
1820 2385 1882 2438 τὸ

306 2467 463 2536 σῶμα
496 2468 766 2539 παρθένον
798 2471 1121 2541 τηρήσαντι,
1156 2472 1258 2543 τὴν
1304 2473 1361 2527 δὲ
1395 2474 1575 2543 ψυχὴν
1619 2475 1727 2529 ὑπὸ
1779 2476 1881 2548 τῆς

304 2561 590 2631 παρακοῆς
626 2563 1044 2634 μεμοιχευμένῳ
1082 2564 1370 2636 δαίμονος;
1415 2567 1486 2620 Ἥ
1529 2566 1646 2632 πῶς
1678 2585 1879 2637 στεφα-

303 2649 609 2722 νωθήσεται
633 2654 661 2705 6
682 2652 1128 2724 γαστριμαργίας
1161 2653 1261 2723 μὲν
1288 2696 1301 2720 ,
1336 2654 1431 2707 καὶ
1470 2654 1650 2726 πάσης
1685 2656 1879 2710 ἐπιθυ-

306 2740 435 2813 μίας
457 2744 759 2813 κρατήσας,
791 2744 1020 2814 οἰήσεως
1053 2744 1109 2798 δὲ
1138 2745 1231 2798 καὶ
1259 2745 1562 2815 φιλοδοξίας
1587 2745 1665 2817 μὴ
1687 2748 1883 2817 ἐπιμε-

303 2833 648 2903 λησάμενος;
687 2833 850 2901 Λέγει
892 2834 949 2887 δὲ
1002 2836 1097 2888 καὶ
1152 2838 1181 2889 6
1228 2838 1674 2909 Παροιμιαστής·
1712 2856 1730 2889 ι
1755 2837 1883 2902 Υἱὸς

305 2922 636 2994 πανοῦργος,
695 2922 936 2989 ὑπήκοος
986 2923 1190 2995 πατρί·
1238 2925 1354 2988 υίὸς
1403 2925 1460 2978 δὲ
1522 2926 1774 2996 ἀνήκοος,
1822 2928 1880 2979 ἐν

303 3012 553 3082 ἀπωλείᾳ
603 3012 777 3068 ἔσται.
820 3033 839 3066 ι
875 3015 985 3068 Kal
1037 3010 1213 3078 αὖθις·
1257 3032 1278 3066 ι
1357 3015 1576 3087 Ἐπειδὴ
1625 3016 1878 3085 ἐκάλουν,

304 3108 402 3161 καὶ
424 3106 524 3178 οὑχ
551 3105 926 3177 ὑπηκούσατε,
949 3106 1088 3161 ἀλλά
1120 3106 1358 3178 ἀκύρους
1388 3108 1685 3179 ἐποιήσατε
1713 3108 1884 3179 ὲμοὺς

303 3200 516 3289 λόγους,
564 3198 855 3272 τοιγαροῦν
888 3198 1045 3289 κάγὼ
1093 3201 1158 3271 τῇ
1210 3192 1450 3272 ὑμετέρᾳ
1484 3201 1731 3274 ἀπωλείᾳ
1763 3204 1883 3256 ὲπι-
1913 3230 1957 3289 C

303 3287 629 3356 γελάσομαι.
655 3289 847 3341 Ἔσται
890 3288 1000 3361 γάρ
1046 3289 1177 3343 ὅταν
1207 3290 1607 3362 ὲπικαλέσησθέ
1639 3308 1743 3359 με,
1773 3291 1885 3361 ἐγὼ

302 3382 361 3435 δὲ
385 3382 488 3435 οὑκ
521 3381 914 3450 είσακούσομαι
939 3397 954 3411 ·
988 3379 1284 3461 ζητήσουσι
1326 3383 1435 3454 γάρ
1469 3401 1538 3452 με
1580 3385 1760 3449 κακοὶ,
1794 3385 1887 3438 καὶ

303 3473 405 3542 οὑχ
441 3472 786 3544 εὑρήσουσιν,
822 3472 904 3525 ὄτι
941 3472 1033 3525 τὸν
1069 3472 1233 3542 φόόον
1265 3474 1474 3544 Κυρίου
1511 3473 1572 3527 οὑ
1605 3474 1887 3544 προείλονο

304 3579 387 3618 το.
419 3562 722 3633 Τοιγαροῦν
776 3563 986 3615 ἔδονται
1039 3563 1134 3615 καὶ
1195 3564 1296 3632 τῆς
1353 3563 1565 3616 ἑαυτῶν
1599 3557 1723 3618 ὀδοῦ
1750 3564 1881 3627 τοὺς

306 3654 575 3725 καρπούς.
616 3672 636 3705 ι
670 3655 779 3707 Kal
818 3653 1002 3708 πάλιν·
1042 3674 1061 3706 ι
1100 3653 1191 3725 Μὴ
1236 3654 1515 3726 ἀσεϐήσῃς
1545 3656 1755 3722 πολλὰ,
1790 3657 1886 3710 καὶ

308 3742 388 3816 μὴ
433 3742 583 3812 γίνου
631 3744 886 3815 σκληρὸς,
930 3745 1015 3797 ἴνα
1063 3743 1139 3815 μή
1193 3743 1472 3816 ἀποθάνῃς
1523 3746 1582 3797 ὲν
1612 3747 1674 3799 οὑ
1706 3746 1886 3819 καιρῷ

309 3850 429 3888 σου.
458 3852 476 3885 ι
512 3835 622 3888 Kal
643 3834 828 3888 πάλινο
855 3854 873 3886 ι
901 3834 961 3889 '0
988 3834 1254 3889 ἐκκλίνων
1276 3834 1337 3915 τὸ
1359 3830 1453 3899 οῦς
1478 3834 1667 3901 αὑτοῦ,
1685 3834 1781 3890 τοῦ
1810 3836 1886 3908 μὴ

305 3926 626 3982 εἰσακοῦσαι
666 3927 855 3997 νόμου,
885 3928 979 3980 καὶ
1021 3926 1183 3991 αὑτὸς
1238 3926 1339 3996 τὴν
1386 3927 1697 3999 προσευχὴν
1719 3927 1887 3982 αὑτοῦ

204 4092 211 4098 _
303 4019 647 4074 ἐσδέλυκται.
688 4019 800 4073 Kal
836 4018 1016 4082 ἄλλος’
1054 4038 1073 4071 ι
1100 4018 1185 4074 ·’0
1212 4019 1615 4089 ἀπολιπόμενος
1653 4020 1889 4090 φυλάξαι

302 4111 561 4166 παιδείαν
605 4110 831 4181 πατρὸς,
863 4110 1152 4182 μελετήσει
1206 4110 1395 4179 ῥήσεις
1457 4111 1655 4175 κακάς.
1702 4128 1722 4162 ι
1775 4110 1890 4165 Kal

303 4204 492 4258 πάλινο
524 4221 544 4255 ι
597 4203 657 4256 ’0
689 4205 929 4274 σπείρων
978 4202 1192 4273 φαῦλα,
1229 4203 1435 4274 θερίσει
1478 4203 1648 4258 κακά.
1694 4203 1888 4258 Ἀπαι-

303 4295 481 4366 δεύτῳ
499 4294 609 4367 γάρ
634 4295 867 4365 συναντᾷ
901 4293 1149 4359 θάνατος.
1186 4313 1205 4347 ι
1241 4295 1404 4363 Λέγει
1431 4294 1488 4349 δὲ
1521 4295 1617 4348 καὶ
1645 4296 1674 4348 6
1719 4294 1887 4365 Ἰερε-

308 4386 464 4458 μίας·
502 4404 520 4438 ι
567 4386 976 4456 Ἐπιστράφητε
1013 4386 1147 4457 πρός
1180 4403 1270 4458 με,
1303 4387 1456 4455 λέγει
1492 4386 1698 4457 Κύριος
1730 4403 1751 4418 σ
1790 4388 1889 4442 καὶ

305 4477 412 4531 οὑκ
444 4472 512 4549 ἦν
560 4479 589 4531 6
629 4477 949 4533 είσακούων.
991 4497 1011 4530 ι
1049 4480 1159 4533 Kal
1188 4481 1217 4532 6
1255 4477 1580 4543 Ἀπόστολος
1609 4495 1623 4510 ·
1660 4499 1678 4532 ι
1719 4480 1781 4533 El
1827 4479 1893 4534 δέ

1984 1999 2223 2053 arietum
2258 2000 2324 2054 “.
2366 2017 2384 2051 ι
2416 1999 2543 2055 Haec
2573 2014 2704 2055 sane
2737 1999 2924 2055 divina
2967 2000 3214 2057 continet
3251 2000 3563 2069 Scriptura.

1982 2090 2295 2161 Discipulus
2329 2090 2561 2161 proinde
2609 2092 2749 2147 male
2787 2092 3022 2147 audiens
3060 2091 3210 2147 dicto
3237 2092 3562 2162 superioris.

1983 2182 2215 2253 perinde
2267 2197 2331 2237 ac
2363 2182 2572 2253 lignum
2598 2183 2885 2238 obtortum
2920 2192 2976 2238 et
3017 2183 3243 2253 oblique
3287 2183 3565 2238 interver-

1983 2289 2106 2329 sum
2133 2291 2149 2342 ;
2186 2276 2401 2330 tametsi
2443 2275 2798 2330 continenter
2818 2283 3103 2346 arguatur,
3133 2290 3202 2329 ne
3233 2275 3313 2331 sic
3339 2275 3563 2346 quidem

1982 2382 2225 2435 unquam
2258 2382 2318 2422 se
2353 2367 2420 2422 ad
2449 2367 2840 2424 rectitudinem
2873 2368 3125 2439 recipiet.
3152 2367 3345 2423 Frater
3373 2384 3567 2423 amans

1983 2457 2276 2535 discordia;
2304 2466 2362 2512 et
2393 2459 2528 2523 litis,
2564 2468 2624 2513 ut
2651 2459 2793 2514 lenis
2836 2465 3040 2513 ventus
3075 2459 3172 2514 sed
3202 2458 3475 2514 stridulus
3502 2476 3567 2513 ae

1983 2551 2281 2617 dissonus,
2325 2566 2427 2606 suo
2485 2552 2580 2608 illo
2629 2552 2871 2609 discordi
2937 2552 3178 2607 stridore
3234 2552 3567 2607 concordem

1983 2640 2218 2695 aliorum
2251 2642 2303 2695 in
2341 2656 2633 2697 commune
2672 2643 2830 2697 vitiat
2858 2658 2923 2697 ac
2975 2642 3159 2713 perdit
3201 2652 3565 2709 concentum;

1984 2738 2155 2800 utque
2203 2730 2364 2785 fucus
2395 2732 2615 2787 labores
2653 2732 2720 2787 ad
2772 2733 3102 2788 industriam
3162 2741 3569 2803 argumentosa:

1985 2822 2106 2892 apis
2132 2823 2317 2879 exedit
2370 2839 2434 2879 ac
2486 2824 2827 2895 depascitur,
2863 2826 2936 2880 ita
2967 2835 3023 2881 et
3054 2825 3225 2879 frater
3262 2825 3417 2895 segni
3453 2825 3570 2879 otio

1983 2915 2320 2982 lentescens,
2350 2915 2521 2970 totius
2547 2917 2992 2987 congregationis
3018 2922 3397 2990 operationem
3424 2921 3566 2976 alio-

1985 3007 2081 3077 qui
2115 3005 2390 3062 ellicacem
2422 3003 2622 3062 'reddet
2654 3007 2926 3063 inutilem.
2962 3010 3031 3066 Ut
3056 3012 3215 3066 miles
3241 3011 3469 3083 ignavus
3504 3028 3569 3066 ac

1987 3098 2276 3154 timidulus
2340 3114 2536 3153 manus
2603 3099 3044 3154 commilitonum
3099 3101 3353 3157 dissolvit
3404 3113 3570 3172 atque

1989 3199 2240 3253 enervat,
2280 3189 2356 3245 ita
2418 3191 2725 3245 monachus
2784 3207 3014 3247 securus
3073 3209 3220 3249 curae
3281 3193 3462 3249 omnis
3513 3204 3571 3249 et

1990 3286 2159 3351 iners,
2208 3283 2441 3340 fratrum
2489 3287 2829 3341 alacritatem
2871 3286 3102 3342 emollit.
3134 3288 3239 3343 Tot
3287 3304 3352 3343 ac
3403 3291 3601 3345 tantis.

1987 3375 2199 3430 eruditi
2235 3376 2501 3445 exemplis
2530 3376 2846 3440 timeamus,
2872 3376 3209 3443 cbarissimi,
3244 3394 3307 3432 ac
3332 3379 3571 3433 vitemus

1990 3466 2155 3522 istius
2210 3467 2603 3523 inobedientia:
2657 3467 2982 3537 perniciem,
3010 3485 3080 3524 ne
3140 3486 3265 3524 cum
3315 3472 3435 3526 istis
3473 3473 3593 3542 qui-
3682 3526 3691 3537 ,

1987 3563 2203 3611 aetatem
2253 3565 2498 3611 nostram
2550 3565 2997 3623 anteverterunt,
3044 3558 3391 3616 damnemur.
3426 3561 3570 3629 Quid

1990 3649 2139 3707 enim
2185 3648 2253 3703 ad
2307 3655 2359 3703 te
2419 3648 2632 3703 resiliet
2685 3649 3083 3715 emolumenti,
3116 3652 3161 3706 si
3196 3652 3568 3722 virginitatem

1990 3739 2351 3795 indelibatam
2394 3739 2618 3809 quidem
2668 3742 3005 3795 conservasti
3045 3743 3314 3811 corporis,
3351 3751 3407 3797 at
3445 3745 3568 3798 ani-

1989 3850 2137 3889 mam
2183 3833 2418 3889 daamoni
2458 3849 2556 3904 per
2590 3833 3023 3890 inobedientiam
3059 3835 3571 3906 prostituisti?'Aut

1991 3941 2099 3996 qua
2134 3925 2310 3981 fronte
2339 3941 2528 3997 speres
2560 3935 2611 3981 te
2638 3926 2901 3980 donatum
2940 3926 3015 3980 iri
3030 3934 3260 3990 corona,
3291 3927 3383 3997 qui
3431 3942 3571 3982 ven-

1994 4015 2094 4070 tris
2118 4015 2415 4086 ingluviem
2441 4015 2785 4086 et-reliquam
2817 4032 3037 4072 omnem
3067 4017 3571 4087 concupiscentiam

1993 4107 2378 4177 temperantia
2413 4106 2569 4162 freno
2602 4107 2994 4177 suppressisti;
3029 4109 3122 4163 uni
3153 4118 3336 4164 autem
3368 4126 3568 4180 supcr-

1993 4199 2100 4255 biae
2129 4208 2186 4254 et
2238 4198 2529 4254 ambitioni
2586 4214 2654 4253 ex
2704 4184 2891 4253 animo
2944 4198 3306 4267 deturbanda:
3361 4202 3568 4255 nullam

1994 4290 2312 4362 impendisti
2357 4290 2745 4361 diligentiam?
2774 4291 2919 4347 Dicit
2947 4292 3375 4348 Parmmiastes:
3415 4312 3433 4345 ι
3477 4294 3569 4349 Fi-

1992 4386 2102 4441 lius
2125 4385 2298 4441 solers
2325 4384 2514 4440 obedit
2538 4386 2681 4455 patri
2716 4401 2836 4451 suo,
2854 4385 3001 4441 ﬁlius
3028 4394 3213 4441 autem
3243 4386 3571 4443 inobediens

1996 4476 2054 4530 in
2105 4475 2416 4546 perditione
2450 4475 2641 4531 erit".
2680 4494 2698 4528 ι
2737 4476 2951 4531 Rursus
2984 4493 2997 4529 :
3040 4495 3058 4528 ι
3098 4476 3236 4543 Quia
3266 4477 3479 4544 vocavi,
3512 4488 3572 4532 et

303 4583 394 4630 τις
420 4568 517 4636 οὑχ
564 4566 828 4620 ὑπακούει
853 4568 1030 4638 ἡμῶν,
1054 4566 1143 4621 διὰ
1185 4567 1286 4638 τῆς
1339 4568 1630 4638 ἐπιστολῆς
1692 4571 1883 4625 τοῦτον

1990 4583 2100 4622 non
2154 4566 2498 4631 obedivistis,
2527 4566 2624 4623 sed
2672 4567 2825 4622 irrita
2877 4567 3087 4623 fecistis
3133 4568 3362 4623 consilia
3405 4585 3525 4624 mea
3552 4609 3568 4630 ,

308 4656 645 4728 σημειοῦσθε
671 4696 686 4721 ,
711 4659 807 4711 καὶ
843 4659 918 4729 μὴ
969 4657 1443 4728 συναναμίγνυσθε
1488 4656 1659 4728 αὑτῷ,
1688 4657 1777 4711 ἵνα
1813 4658 1890 4729 μὴ

302 4750 642 4821 ἑντραπῆτε.
689 4767 707 4801 ι
742 4750 854 4803 Kal
902 4748 1041 4826 πρὸς
1070 4748 1225 4802 Τῖτόν
1267 4766 1434 4822 φησιν
1470 4767 1483 4782 ·
1520 4768 1539 4802 ε
1580 4749 1734 4806 Είσὶν
1781 4749 1890 4820 γάρ

303 4841 501 4895 πολλοὶ
532 4841 922 4908 ἀνυπότακτοι,
974 4841 1345 4912 ματαιολόγοι,
1386 4843 1480 4896 καὶ
1518 4841 1887 4912 φρεναπάται,

298 4931 403 4998 οὓς
431 4934 515 4987 δεῖ
550 4934 946 5004 ἐπιστομίζειν.
990 4952 1009 4987 ι
1044 4934 1155 4987 Kal
1189 4935 1327 5006 πρὸς
1366 4934 1654 5007 Ἐϐραίους
1684 4951 1698 4966 ·
1730 4953 1749 4987 ι
1780 4936 1888 4989 Πε-

300 5027 644 5099 ρισσοτέρως
684 5027 742 5081 δὲ
772 5026 856 5081 δεῖ
876 5027 1164 5099 προσέχειν
1201 5029 1350 5098 ἡμᾶς
1399 5027 1474 5099 μή
1518 5044 1650 5081 ποτε
1698 5032 1888 5099 παρα-

300 5118 551 5191 ρυῶμεν,
579 5137 597 5170 ι
631 5119 991 5190 Ἀποστῶμεν
1007 5110 1137 5189 οὖνξ
1143 5121 1445 5190 ἀγαπητοὶ,
1475 5121 1583 5173 ἀπὸ
1603 5120 1702 5190 τῆς
1719 5120 1886 5174 θαναο

294 5211 550 5282 τηφόρου
597 5210 803 5282 ταύτης
852 5212 1161 5283 παρακοῆς,
1187 5212 1283 5265 καὶ
1316 5212 1549 5283 ὑπήκοοι
1593 5210 1888 5282 γενώμεθα

298 5304 368 5356 ὲν
409 5300 636 5368 ἅπασιν,
659 5304 774 5366 τοῖς
802 5305 1198 5373 πνευματικοῖς
1252 5302 1536 5374 Πατράσιν
1590 5303 1773 5374 ἡμῶν,
1801 5304 1890 5358 ἴνα

295 5392 637 5465 ἀκούσωμεν
686 5393 839 5463 παρά
877 5394 972 5448 τοῦ
1019 5395 1250 5466 Κυρίου·
1285 5414 1303 5448 ι
1357 5395 1416 5448 '0
1445 5394 1661 5448 ἀκούων
1693 5395 1849 5463 ὑμῶν
1871 5435 1886 5460 ,

290 5484 450 5557 ἐμοῦ
502 5483 714 5548 ἀκούει,
750 5484 844 5538 καὶ
870 5485 899 5537 6
925 5484 1218 5556 δεχόμενος
1247 5484 1414 5554 ὑμᾶς,
1446 5484 1547 5553 ἐμὲ
1572 5484 1786 5553 δέχεται
1816 5500 1830 5515 ·
1859 5485 1888 5536 6

289 5576 363 5633 δὶ
400 5575 503 5646 εμὲ
550 5575 874 5646 δεχόμενος,
910 5576 1124 5648 δέχεται
1162 5576 1256 5630 τὸν
1288 5576 1687 5631 ἀποστείλαντά
1731 5591 1818 5646 με.
1863 5595 1882 5629 ι

294 5665 472 5731 Αὐτῷ
495 5664 541 5734 qv
568 5663 693 5729 δόξα
717 5665 796 5730 είς
829 5666 954 5729 τοὺς
976 5665 1198 5729 αἰῶνας.
1253 5666 1447 5736 Ἀμήν.

384 5777 433 5808 ⁸³
463 5775 483 5829 1
518 5775 648 5847 Reg.
684 5792 760 5841 tv,
794 5778 889 5833 ll.
915 5780 961 5813 "’
989 5780 1005 5833 l
1042 5781 1175 5850 Reg.
1209 5796 1275 5832 xv
1316 5795 1469 5848 seqq.
1548 5780 1589 5810 "
1622 5780 1640 5834 l
1680 5782 1810 5852 Reg.
1840 5798 1926 5842 xv,
1950 5781 2041 5835 Ἡ.
2152 5782 2198 5814 ⁸¹
2231 5782 2285 5836 PI

384 5861 422 5908 τ.
462 5846 548 5904 18.
624 5847 672 5881 ⁸⁵
696 5846 857 5903 Prov.
893 5865 1079 5908 nvut,
1123 5852 1175 5904 9.
1256 5851 1298 5882 "
1327 5850 1487 5905 Prov.
1523 5866 1608 5908 xv.
1640 5851 1692 5906 5.
1798 5853 1839 5884 ⁵⁷
1868 5852 2032 5908 Prov.
2071 5867 2180 5905 xm
2204 5891 2218 5908 .
2254 5851 2285 5906 8

1916 5868 2032 5907 rov.
2071 5867 2180 5905 xm
2204 5891 2218 5919 ,
2254 5867 2306 5906 δ.

296 5860 422 5915 VH,
462 5846 548 5904 l8.
606 5846 672 5881 7”
696 5846 857 5903 Prov.
893 5865 1079 5917 nvut,
1123 5846 1175 5904 9.
1256 5851 1298 5882 "
1327 5846 1487 5905 Prov.
1523 5866 1608 5909 xv.
1640 5851 1692 5906 5.

1992 4659 2160 4731 igitur
2215 4666 2503 4714 et'vestraa
2555 4659 2854 4729 perditioni
2911 4660 3187 4714 insultabo
3220 4675 3235 4713 :
3274 4659 3383 4714 erit
3420 4662 3572 4714 enim

1989 4749 2211 4820 quando
2238 4747 2567 4805 ihvocabitis
2590 4766 2698 4816 me,
2734 4766 2836 4821 ego
2865 4758 3048 4805 autem
3092 4766 3201 4804 non
3236 4750 3524 4805 exaudiam
3554 4768 3568 4804 :

1990 4850 2247 4911 quarent
2299 4857 2388 4897 me
2451 4841 2603 4906 mali,
2635 4855 2739 4896 nec
2784 4841 3090 4911 invenient,
3124 4841 3255 4911 quia
3315 4842 3567 4896 timorem

1989 4930 2207 4988 Domini
2266 4933 2609 4989 noluerunt:
2644 4932 2934 4988 comedent
2985 4933 3155 5004 igitur
3208 4932 3422 4987 fructus
3467 4932 3572 4986 vias

1991 5044 2104 5085 suae
2128 5030 2192 5082 ⁸³.
2234 5048 2252 5081 ι
2279 5029 2484 5084 lterum
2515 5047 2527 5082 .
2569 5047 2588 5080 ι
2622 5028 2702 5083 Ne
2734 5026 2901 5098 impie
2926 5028 3106 5099 egeris
3137 5028 3393 5091 multum,
3421 5033 3569 5079 etne

1992 5120 2069 5175 sis
2091 5119 2265 5174 durus
2293 5136 2305 5172 :
2346 5126 2407 5173 ut
2438 5136 2506 5174 ne
2534 5119 2790 5174 moriat’ts
2817 5120 2870 5174 in
2912 5128 3160 5188 tempore
3191 5132 3301 5171 non
3336 5126 3430 5171 tuo
3460 5115 3562 5169 “.p

1990 5212 2229 5267 Rursum
2260 5229 2274 5265 :
2306 5230 2323 5262 ι
2360 5210 2465 5278 Qui
2495 5212 2736 5265 declinat
2784 5226 2973 5265 aurem
3026 5226 3094 5263 ne
3148 5208 3337 5263 audiat
3369 5208 3567 5278 legem,

1990 5304 2107 5373 ipse
2161 5319 2382 5374 quoque
2456 5303 2512 5358 in
2582 5298 2846 5357 oratione'
2911 5317 3016 5374 sua;
3059 5300 3418 5355 exsecrabilis
3443 5301 3511 5353 ".
3545 5318 3566 5352 ι

1995 5372 2197 5450 ΑΙὶιιεξ
2246 5414 2264 5446 ι
2294 5372 2416 5461 Qui
2466 5394 2649 5449 renuit
2680 5391 2959 5449 custodire
3002 5372 3351 5461 disciplinam
3399 5389 3573 5460 patris

1996 5485 2105 5549 sui,
2131 5485 2466 5556 excogitabit
2490 5484 2800 5539 locutiones
2831 5482 3001 5536 malas
3029 5482 3096 5535 ".
3132 5500 3150 5532 ι
3179 5482 3281 5536 Et:
3323 5500 3341 5533 ι
3389 5480 3570 5535 Semi-

1997 5595 2137 5634 nans
2164 5595 2446 5649 perversa,
2476 5586 2646 5633 metet
2673 5577 2816 5632 mala
2844 5596 2857 5630 :
2892 5572 3170 5631 inerudito
3194 5576 3342 5632 enim
3372 5591 3574 5631 occur-

1996 5670 2071 5724 rit
2120 5685 2270 5725 mors
2294 5671 2403 5722 ⁸⁷.ι
2458 5669 2772 5724 Jercmias:
2814 5686 2831 5716 ι
2872 5665 3273 5723 Convertimini
3330 5665 3399 5719 ad
3459 5680 3571 5730 me,

2152 5782 2198 5814 "
2231 5782 2394 5836 Prov.
2433 5797 2482 5845 κ,
2521 5783 2567 5834 1.
2646 5779 2689 5811 ⁸³
2720 5779 2883 5835 Prov.
2921 5792 2958 5843 I,
3009 5776 3193 5831 ﬂii-3|.
3305 5777 3350 5809 "‘
3385 5776 3567 5836 Eccle.
