3986 6148
473 362 613 427 1555

1728 376 2092 438 ANTIOCHI
2134 379 2482 440 MONACHI

3571 376 3681 441 1556

462 475 598 528 dicit
664 476 930 533 Dominus
963 496 975 533 ε
1003 486 1058 533 ct
1084 494 1192 534 non
1219 467 1338 535 erat
1360 481 1453 550 qui
1491 481 1709 537 audiret
1759 501 1859 539 nos
1889 487 1954 541 “.
1994 504 2014 538 ι
2052 488 2349 557 Apostolus
2380 508 2394 543 :
2433 509 2451 541 ι
2493 488 2696 559 Siquis
2725 506 2835 545 non
2892 491 3081 545 obedit
3141 488 3320 553 nobis,
3383 503 3481 559 per
3509 488 3684 557 episto-

462 568 570 623 lam
603 570 751 628 hunc
778 582 986 639 notate,
1020 583 1076 628 et
1105 590 1173 628 ne
1203 575 1673 631 commisceamini
1738 578 1836 643 illi,
1893 588 1954 634 ut
2008 581 2381 637 confundatur
2408 585 2474 637 ⁸³.
2545 603 2565 636 ι
2631 584 2765 639 Item
2803 584 2872 639 ad
2905 585 3134 639 Titum:
3178 606 3198 636 ο
3240 584 3380 638 Sunt
3428 580 3574 635 multi
3616 580 3686 633 in-

464 663 808 730 obedientes,
873 667 1161 736 loquentes
1215 685 1376 733 vana,
1432 678 1489 724 et
1542 671 1881 737 seductores,
1934 689 2075 742 quos
2112 685 2335 745 oportet
2398 677 2653 749 redargui
2691 678 2757 732 “.
2794 699 2811 731 ι
2879 679 2961 733 Ad
3017 678 3314 733 Hebraeos:
3356 695 3376 728 ε
3421 674 3688 730 Abundan-

467 758 578 811 tius
603 766 786 812 autem
813 768 1034 829 oportet
1067 762 1369 818 attendere:
1413 779 1539 825 nos.
1606 781 1676 820 ne
1737 766 1881 822 forte
1919 770 2408 838 praetcremuamus
2446 771 2512 825 “.
2550 790 2569 824 ι
2635 772 2719 826 Ab
2773 773 2878 828 hac
2932 773 3103 844 igitur
3167 770 3536 826 inobedientia
3589 781 3689 836 qua

466 857 902 917 praesentaneam
956 850 1118 907 aﬂert
1164 862 1399 908 mortem
1436 855 1522 909 sui
1554 856 1839 923 studiosis,
1886 873 2049 927 quam
2088 860 2410 931 longissime
2460 878 2562 917 nos
2631 879 2948 929 avocemus,
2988 862 3325 925 charissimi,
3368 869 3425 915 et
3464 857 3692 927 spiritua-

467 937 601 993 lium
628 940 852 996 Patrum
888 941 1237 999 hortamenta
1306 957 1693 1003 consectemur
1733 950 1790 1003 in
1852 950 2113 1004 omnibus
2151 953 2409 1022 morigeri
2450 964 2509 1009 et
2546 952 2893 1023 obedientes,
2929 966 2990 1011 ut
3026 956 3158 1010 illud
3197 970 3226 1008 a
3256 954 3490 1009 Domino
3525 948 3691 1004 audia-

468 1050 594 1090 mus
623 1054 635 1090 :
679 1055 698 1088 ι
743 1037 848 1105 Qui
872 1039 1027 1094 audit
1054 1056 1171 1108 vos,
1208 1052 1267 1098 et
1301 1059 1387 1099 me
1416 1045 1574 1101 audit
1600 1063 1614 1112 ;
1643 1047 1737 1115 qui
1767 1047 1969 1116 accipit
1999 1062 2053 1100 vc

2156 1049 2360 1120 accipit
2391 1066 2519 1106 eum
2545 1052 2641 1122 qui
2673 1068 2759 1108 me
2790 1052 2943 1108 misit
2967 1054 3032 1105 θ’.
3073 1069 3092 1103 ι
3119 1050 3229 1121 lpsi
3257 1048 3436 1119 gloria
3458 1047 3515 1100 in
3545 1058 3693 1101 sarcu-

473 1128 544 1184 la.
582 1128 778 1186 Anien.

858 1249 1073 1320 1090
1096 1250 1379 1308 HOMILIA
1432 1254 1673 1311 XXXIX.

1020 1364 1094 1419 De
1162 1366 1474 1423 obedientia.

543 1475 645 1542 Qui
681 1477 898 1532 sincero
940 1477 1143 1534 affectu
1182 1496 1280 1551 per
1311 1484 1493 1537 omnia
1530 1483 1897 1553 spiritualium
1947 1484 2047 1538 Pa-

479 1573 620 1620 trum
683 1569 1016 1625 monitiones
1068 1580 1429 1635 sectatur,et
1476 1573 1710 1639 obedit;
1747 1574 1886 1627 nihil
1934 1588 2044 1628 nou

474 1673 666 1712 eorum
720 1675 845 1729 qum
897 1676 999 1731 per
1046 1677 1104 1717 se
1152 1662 1302 1727 facit,
1346 1664 1413 1717 ad
1446 1664 1541 1719 Dei
1583 1664 1902 1720 transcribit
1927 1666 2046 1734 glo-

478 1749 653 1817 riam;
718 1762 775 1806 et
837 1753 915 1807 illi
979 1754 1073 1808 uni
1127 1748 1398 1825 quidquid
1451 1753 1614 1810 laude
1665 1770 1790 1809 cum
1851 1755 2047 1825 primis

477 1841 701 1912 dignum
726 1859 921 1915 magna
960 1846 1127 1901 animi
1164 1846 1514 1902 contentione
1542 1846 1814 1903 conﬁcere
1851 1859 2046 1916 potue-

478 1931 581 1995 rit,
620 1933 791 1987 multa
856 1950 982 1989 cum
1035 1936 1320 1991 alacritate
1375 1946 1681 1992 consecrat.
1738 1938 1836 1992 Vir
1885 1938 2046 2007 plane

478 2020 763 2090 obediens,
793 2026 1005 2080 tametsi
1034 2026 1088 2082 in
1117 2028 1229 2083 vita
1264 2029 1523 2098 praesenti
1544 2036 1647 2095 est,
1703 2037 1944 2083 attamen
1975 2029 2048 2084 ita

477 2122 841 2169 conversatur
875 2122 1131 2185 tanquam
1167 2133 1198 2172 a
1253 2118 1461 2173 mundo
1492 2119 1732 2174 extorris
1762 2128 1819 2174 et
1868 2120 2047 2175 exoti-

478 2220 616 2259 cus:
652 2207 924 2275 propriam
953 2207 1103 2262 enim
1147 2209 1482 2265 voluntatem
1519 2210 1888 2265 renuntiando
1921 2226 2048 2265 cum

478 2311 510 2349 a
534 2310 591 2351 se
636 2298 963 2361 excusserit,
999 2315 1118 2354 eam
1151 2299 1368 2369 perficit
1410 2301 1641 2356 liberius
1671 2317 1793 2370 quae
1827 2301 2045 2356 Domini

479 2396 579 2442 est.
610 2386 776 2459 Atqui
806 2390 930 2445 talis
956 2390 1010 2445 in
1046 2407 1337 2447 numerum
1366 2393 1563 2447 transit
1592 2392 1797 2448 Christi
1836 2393 2050 2448 confes-

479 2493 665 2533 sorum
691 2496 704 2533 :
731 2493 835 2536 nec
877 2481 932 2535 id
977 2484 1291 2552 assequitur
1334 2484 1532 2549 solum,
1561 2484 1657 2539 sed
1687 2492 1743 2538 et
1775 2483 1921 2554 quod
1958 2498 2048 2538 re-

478 2569 690 2640 liquum
748 2572 824 2628 illi
885 2582 969 2631 est
1026 2574 1289 2646 temporis
1355 2575 1441 2631 sui
1488 2575 1760 2632 incolatu:
1820 2589 2050 2646 prorsus

478 2662 617 2718 vivit
659 2678 805 2720 curae
836 2667 1017 2722 omnis
1054 2667 1214 2722 liber.
1242 2668 1323 2722 Ad
1357 2669 1492 2733 bzec,
1525 2683 1693 2738 opere
1723 2668 1860 2737 ipso,
1887 2667 2051 2723 sedu-

481 2752 596 2807 lum
639 2769 697 2809 se
729 2756 928 2826 probat
955 2758 1173 2813 Domini
1205 2759 1574 2814 imitatorem:
1606 2759 1724 2829 ipse
1745 2759 1893 2814 enim
1925 2778 1945 2811 ι
1971 2758 2052 2813 fa-

481 2854 605 2901 ctus
660 2854 745 2902 est
809 2849 1076 2905 obediens
1130 2850 1198 2905 ad
1265 2863 1519 2917 mortem,
1560 2861 1792 2906 mortem
1865 2858 2050 2906 autem

482 2938 664 2993 crucis
687 2941 751 2993 ⁸³.
791 2957 810 2990 ι
843 2940 985 2995 Sane
1019 2941 1334 2996 obedientia
1364 2949 1449 2996 est
1472 2981 1485 3003 ,
1519 2958 1624 3011 qua
1667 2942 1793 3011 quis
1823 2955 2052 3010 persua-

482 3029 647 3085 detur
701 3038 757 3086 et
809 3031 998 3086 obedit
1042 3033 1182 3087 citra
1216 3033 1383 3087 ullam
1411 3033 1885 3102 dijudicationem,
1911 3032 2052 3088 adeo

484 3130 546 3176 ut
572 3122 719 3192 quod
772 3124 1073 3193 superioris
1123 3125 1357 3195 imperio
1398 3118 1721 3194 imponitur,
1772 3123 2053 3194 jucundus

483 3213 609 3282 quis
635 3221 691 3269 et
716 3214 918 3277 alacer.
950 3231 1061 3270 non
1092 3217 1222 3270 item
1246 3215 1619 3277 turbulentus,
1643 3216 1876 3284 expleat.
1904 3213 2052 3270 Ohe-

485 3303 694 3359 dientia
750 3306 1091 3361 renuntiatio
1138 3307 1377 3377 propriae
1420 3315 1505 3362 est
1545 3307 1869 3370 voluntatis,
1900 3306 2051 3359 nulla

484 3411 595 3451 non
645 3397 731 3453 sui
766 3407 924 3468 parte
969 3397 1232 3468 perfecta,
1267 3413 1389 3469 quae
1420 3399 1538 3454 solo
1565 3398 1934 3453 moderatoris
1967 3397 2052 3452 sui

482 3497 695 3544 annutu
743 3490 813 3545 ad
868 3490 1090 3561 quidvis
1142 3492 1483 3561 operandum
1541 3490 1680 3545 nihil
1738 3490 2053 3545 turbulente

486 3589 760 3635 movetur.
791 3581 874 3636 Ad
920 3582 1188 3653 explenda
1232 3598 1399 3653 opere
1454 3582 1733 3650 mandata,
1782 3580 2048 3640 obedien-

487 3674 561 3727 tia
618 3672 859 3742 primum
935 3674 1167 3729 sortitur
1221 3674 1423 3729 locum.
1477 3677 1628 3735 Inter
1671 3693 1765 3735 eas
1819 3677 2055 3732 virtutes

484 3777 607 3831 quae
660 3762 942 3819 hominem
991 3764 1142 3824 velut
1208 3781 1373 3824 manu
1428 3770 1639 3826 ducunt
1663 3779 1720 3826 et
1753 3772 2055 3828 instituunt

2734 1260 2954 1315 ΛΟΓΟΣ
3011 1258 3137 1313 ΛΘ’.

2701 1372 2844 1443 Περὶ
2870 1368 3168 1438 ὑπακοῆς.

2237 1486 2293 1539 Ὁ
2323 1483 2632 1556 εἰλικρινῶς
2659 1484 2715 1536 ὲν
2749 1483 2914 1536 πᾶσιν
2945 1476 3242 1533 ὑπακούων
3272 1476 3388 1538 τοῖς
3427 1488 3697 1543 πνευματι-

2152 1577 2269 1638 κοῖς
2301 1577 2571 1646 πατράσιν
2600 1572 2787 1637 αὑτοῢ,
2814 1571 2883 1625 τὰ
2904 1570 3045 1625 κατὰ
3057 1568 3189 1622 θεὸν
3214 1565 3293 1636 τῷ
3327 1564 3448 1634 Θεῷ
3474 1562 3697 1631 ἀνατίθη-

2157 1684 2263 1721 σιν.
2281 1668 2340 1721 ⁶0
2372 1667 2615 1736 ὑπήκοος
2635 1663 2775 1735 ἀνὴρ
2805 1662 2907 1716 κᾶν
2930 1664 2988 1715 ὲν
3008 1661 3149 1732 τῷδε
3170 1659 3248 1729 τῷ
3279 1657 3383 1728 βίῳ
3407 1657 3586 1728 διάγῃ,
3603 1652 3699 1706 ἀλλ’

2152 1760 2225 1822 ὡς
2255 1758 2360 1823 ἔξω
2397 1756 2491 1811 τοῦ
2523 1757 2730 1827 κόσμου
2762 1755 2953 1809 τούτου
2990 1751 3361 1822 πομπεύεται.
3385 1747 3459 1800 Τὸ
3488 1745 3589 1816 γὰρ
3616 1742 3700 1796 αὐ·

2152 1852 2247 1906 τοῦ
2297 1851 2509 1921 θέλημα
2562 1848 2963 1922 ἀρνησάμενος,
2992 1845 3052 1898 τὸ
3104 1842 3200 1897 τοῦ
3245 1840 3457 1912 Κυρίου
3497 1836 3698 1890 ἐκτελεῖ.

2157 1944 2265 1999 Καὶ
2292 1945 2320 1997 ὁ
2347 1942 2590 2006 τοιοῦτος
2637 1944 2749 2003 τοῖς
2787 1938 3150 2010 ὁμολογηταῖς
3200 1932 3625 2003 συναριθμεῖται·
3650 1925 3699 1979 οὗ

2158 2037 2316 2107 μόνον
2345 2035 2404 2088 δὲ
2432 2034 2610 2097 τοῦτο,
2635 2032 2772 2087 ἀλλά
2798 2034 2891 2085 καὶ
2915 2029 3234 2101 ἀμερίμνως
3260 2025 3371 2096 βιοῖ
3396 2025 3604 2078 ἅπαντα
3628 2018 3704 2072 τδν

2153 2126 2253 2194 τῆς
2288 2124 2577 2195 παροικίας
2610 2122 2774 2176 αὑτοῦ
2820 2123 3033 2192 χρόνον.
3071 2120 3218 2189 Πρὸς
3250 2116 3465 2176 τούτοις
3496 2112 3585 2166 καὶ
3631 2125 3705 2180 μι-

2159 2216 2334 2286 μητὴς
2366 2214 2459 2268 τοῦ
2494 2214 2700 2285 Κυρίου
2750 2212 3157 2273 ἀναδείκνυται,
3221 2209 3304 2261 ὅτι
3345 2226 3364 2258 ί
3410 2205 3577 2266 Αὑτὺς
3615 2203 3704 2254 ὑπ-

2156 2308 2316 2375 ήκοος
2342 2306 2559 2372 ἐγένετο
2583 2304 2746 2375 μέχρι
2780 2301 3034 2364 θανάτου,
3068 2298 3305 2351 θανάτου
3324 2296 3384 2349 δὲ
3411 2292 3652 2364 σταυροῦ.
3682 2307 3698 2340 ι

2169 2396 2414 2467 Ὑπακοὴ
2467 2395 2561 2449 οὖν
2621 2396 2771 2448 ἐστιν
2821 2393 3138 2461 ἀδιάκριτος
3181 2386 3395 2440 πειθώ·
3427 2387 3513 2438 ἴνα
3558 2378 3705 2443 τιςτὸ

2156 2484 2496 2555 προσταχθὲν
2540 2484 2762 2546 ἀλύπως
2803 2481 3111 2553 ἐπιτελέσῃ.
3157 2476 3409 2546 ’Υπακοή
3445 2476 3556 2528 ἐστι
3587 2483 3704 2525 παν-

2149 2564 2310 2648 τελὴς
2359 2575 2609 2648 ὑποταγὴ
2653 2572 2748 2629 τοῦ
2794 2573 2930 2628 ίδίου
2985 2572 3290 2642 θελήματος
3349 2563 3704 2636 ἑστερημένη,

2150 2671 2244 2725 καὶ
2277 2669 2422 2740 μόνῳ
2462 2667 2538 2739 τῷ
2564 2668 2658 2721 τοῦ
2694 2666 3113 2728 ἐπιστατοῦντος
3143 2663 3388 2732 νεύματι
3439 2655 3706 2726 ἀταράχως

2153 2764 2289 2836 πρὸς
2316 2764 2515 2836 πρᾶξιν
2541 2761 2836 2833 κινουμένη
2875 2762 2933 2813 ὲν
2967 2758 3169 2819 πάσαις
3212 2755 3482 2815 ἐντολαῖς.
3527 2750 3587 2803 Ἠ
3616 2748 3706 2801 ὑπ-

2153 2857 2291 2928 ακοὴ
2328 2855 2540 2927 πρῶτον
2569 2856 2627 2909 ὲν
2657 2854 2860 2916 πάσαις
2905 2853 3026 2913 ταῖς
3073 2847 3476 2915 εἰσαγωγικαίς
3508 2838 3706 2912 ἀρεταῖς
3804 2885 3812 2893 .

2152 2949 2418 3018 ἔγνωσται
2443 2950 2709 3019 ὑπάρχειν
2735 2945 2916 3000 καλόν⁸
2942 2943 3037 2997 καὶ
3069 2942 3167 3011 τὴν
3197 2940 3297 3011 μὲν
3324 2939 3507 3008 οἴησιν
3526 2930 3705 2991 ἀθετεῖ,

2151 3041 2250 3110 τὴν
2288 3041 2346 3093 δὲ
2369 3038 2869 3108 ταπεινοφροσύνην
2908 3034 3101 3088 τίκτει.
3147 3030 3315 3101 Ἀρχὴ
3369 3029 3481 3097 γὰρ
3524 3025 3709 3110 γίνεται

2154 3108 2254 3200 τῆς
2306 3132 2387 3193 είς
2424 3128 2659 3199 Χριστὸν
2691 3127 2934 3197 ἀγάπης.
2964 3122 3127 3175 Ὅθεν
3161 3120 3257 3173 καὶ
3301 3121 3335 3172 ὁ
3384 3114 3611 3188 Χριστος
3645 3108 3711 3178 τῷ

2154 3224 2253 3291 τῆς
2295 3220 2610 3291 οἰκονομίας
2648 3220 2793 3288 λόγῳ
2845 3217 2976 3287 ἄχρι
3024 3212 3261 3284 σταυροῦ
3329 3212 3432 3265 καὶ
3479 3207 3708 3263 θανάτου.

2101 3374 2106 3379 ,
2156 3314 2436 3385 ὑπήκουσε
2486 3311 2564 3381 τῷ
2617 3309 2811 3364 ἑαυτοῦ
2864 3307 3060 3377 Πατρὶ,
3094 3306 3185 3359 ἴνα
3235 3302 3371 3366 τοὺς
3405 3304 3464 3356 ὲν
3518 3296 3708 3385 ὑπακοῇ

2156 3383 2448 3476 ζήσαντας,
2479 3394 2559 3469 είς
2622 3403 2842 3457 αἰώνιον
2880 3398 3027 3469 ζωὴν
3075 3396 3360 3468 ἀπαγάγῃ.
3400 3393 3499 3457 Τίς
3530 3385 3616 3444 οὖν
3647 3383 3709 3456 μὴ

2158 3492 2439 3569 μακαρία-ῃ
2485 3494 2576 3549 τὸν
2608 3492 2849 3547 τοιοῦτον
2878 3507 2893 3556 ;
2929 3490 3147 3544 Μᾶλλον
3178 3488 3234 3541 δὲ
3264 3488 3354 3550 τίς
3401 3484 3479 3557 μὴ
3518 3479 3712 3551 ζηλώσῃ

2152 3589 2251 3660 τὴν
2287 3588 2541 3657 τοιαύτην
2594 3586 2904 3650 πολιτείαν;
2930 3582 3002 3635 Τὸ
3035 3582 3144 3651 γὰρ
3203 3578 3443 3648 ἐκκόψαι
3487 3577 3549 3628 τὸ
3602 3572 3711 3625 ἴδιον

2156 3677 2366 3746 θέλημα
2409 3672 2812 3745 αίματεκχυσία
2834 3671 2973 3733 ἐστὶ,
3006 3671 3100 3723 καὶ
3133 3670 3213 3732 είς
3235 3667 3437 3721 θυσίαν
3463 3661 3711 3732 λογίζεται

2154 3765 2233 3837 τῷ
2253 3762 2522 3836 ἀνθρώπῳ
2549 3781 2564 3794 θ
2599 3764 2691 3817 καὶ
2721 3761 2985 3834 φρονίμου
3016 3760 3110 3812 καὶ
3134 3757 3348 3811 τελείου
3383 3755 3575 3823 ἀνδρός
3613 3753 3711 3803 ἐστι

485 3853 551 3909 ad
605 3855 887 3927 pietatem,
936 3860 1197 3931 quiddam
1246 3863 1524 3933 egregium
1573 3861 1630 3917 in
1668 3880 1728 3919 se
1763 3865 2053 3934 complecti

2158 3862 2219 3916 τὸ
2239 3860 2591 3931 κατόρθωμα.
2633 3859 2745 3912 Καὶ
2775 3856 2959 3926 σαφῶς
2987 3853 3228 3908 διδάσκει
3261 3853 3416 3922 ἡμᾶς
3448 3853 3476 3903 ὁ
3510 3845 3711 3902 Ἡσαΐας

484 3951 818 4020 perspicitur
852 3952 1195 4009 obedientia.
1229 3954 1357 4010 Haec
1387 3954 1613 4010 stultam
1644 3954 1794 4010 illam
1830 3956 1915 4010 sui
1942 3957 2059 4011 exi-

487 4040 857 4098 stimationem
917 4044 1034 4098 sive
1097 4044 1466 4114 arrogantiam
1534 4048 2055 4116 aspernatur:jure

484 4131 733 4201 quidem,
763 4149 967 4204 parens
994 4133 1278 4189 modestiae
1310 4150 1437 4190 cum
1468 4135 1539 4190 sit
1567 4144 1730 4206 atque
1775 4137 2057 4191 humilita-

488 4223 558 4280 tis
589 4242 602 4278 :
636 4225 973 4296 principium
1000 4226 1151 4283 enim
1174 4226 1377 4283 divinae
1409 4235 1493 4282 est
1527 4226 1876 4301 dilectionis:
1911 4228 2058 4283 unde

484 4324 541 4371 et
575 4317 842 4372 Dominus
879 4317 1036 4388 juxta
1088 4316 1357 4372 rationem
1402 4317 1833 4388 dispensationis
1885 4332 2057 4388 usque

486 4408 553 4462 ad
588 4423 808 4463 crucem
839 4418 896 4464 et
937 4416 1171 4464 mortem
1199 4409 1349 4464 Patri
1382 4425 1484 4465 suo
1526 4410 1790 4477 obedivit,
1827 4410 1880 4464 in
1930 4411 2055 4475 hoc,

410 4548 415 4552 .
492 4507 553 4556 ut
578 4514 674 4554 eos
701 4515 841 4570 quos
871 4500 1177 4571 comperiet
1199 4500 1254 4554 in
1286 4500 1390 4555 hac
1417 4501 1526 4555 vita
1560 4500 1890 4556 inoffensum
1925 4501 2060 4555 obe-

488 4590 708 4645 dientia
736 4593 981 4646 tenuisse
1019 4592 1236 4656 callem,
1273 4592 1342 4646 ad
1375 4601 1637 4646 aeternam
1667 4593 1813 4646 illam
1836 4594 2063 4648 revehat

488 4680 678 4735 vitam.
715 4681 850 4748 Quis
879 4698 992 4737 non
1027 4683 1192 4738 talem
1227 4682 1534 4738 demiretur
1575 4699 1639 4738 ac
1671 4683 1891 4738 beatum
1923 4700 2051 4754 prae-

489 4770 678 4824 dicet?
704 4771 849 4838 Quin
877 4772 1064 4841 potius
1085 4773 1221 4843 quin
1249 4788 1359 4828 non
1396 4773 1542 4827 hanc
1570 4773 1916 4828 admirabilis
1939 4773 2064 4829 vitae

490 4861 763 4915 rationem
799 4860 1023 4916 studeat
1063 4862 1358 4917 aemulari?
1386 4864 1737 4919 Voluntatem
1782 4863 2064 4931 propriam

489 4968 523 5007 λ
552 4960 603 5013 te
631 4952 978 5016 exscindere,
1017 4953 1250 5023 perinde
1298 4962 1383 5009 est
1413 4968 1480 5008 ac
1522 4953 1567 5008 si
1598 4953 1886 5022 pr0prium
1936 4954 2064 5008 fun-

488 5046 589 5101 das
618 5044 946 5116 sanguinem
981 5062 994 5098 :
1028 5044 1125 5099 sed
1157 5054 1214 5099 et
1240 5045 1359 5099 hac
1388 5044 1598 5098 homini
1636 5045 1943 5113 imputatur
1964 5060 2065 5115 pro

2158 3954 2350 4021 λέγων’
2396 3951 2521 4006 Ἐὰν
2585 3951 2661 4020 μὴ
2708 3949 2940 4032 ποιήσῃς
2984 3946 3046 4000 τὸ
3092 3945 3304 4015 θέλημα
3353 3941 3557 3996 τδ’σὸν
3583 3937 3710 4032 ἐν-τῆ

2159 4045 2344 4117 ἡμέρᾳ
2372 4045 2438 4114 τῇ
2497 4042 2654 4110 ἁγίᾳ,
2683 4038 2781 4093 καὶ
2823 4023 2924 4092 οὑκ
2984 4038 3127 4110 ἄρῃς
3170 4035 3261 4088 τὸν
3317 4034 3461 4087 πόδα
3524 4046 3612 4083 σου
3639 4023 3711 4077 ἐπ’

2158 4136 2337 4208 ἔργον,
2356 4132 2486 4186 ὀὐδὲ
2512 4130 2752 4202 λαλήσῃς
2778 4129 2937 4196 λόγον
2965 4127 3023 4180 ὲν
3054 4126 3215 4196 ὀργῇ,
3252 4124 3351 4177 καὶ⁵
3391 4123 3491 4192 ἐστι
3539 4132 3712 4171 πεποι-

2160 4226 2269 4289 θὼς
2310 4225 2403 4279 ἐπὶ
2438 4222 2665 4295 Κύριον,
2699 4220 2793 4274 καὶ
2838 4218 3075 4289 ψωμιεῖς
3103 4215 3172 4269 τά
3197 4213 3388 4282 ἀγα.θά
3416 4212 3513 4282 τῆς
3544 4209 3657 4278 γῆς.
3692 4221 3707 4253 ι

2159 4318 2327 4388 Φησὶν
2377 4315 2435 4368 δὲ
2489 4316 2518 4367 ὁ
2560 4312 2723 4380 σοφὸς
2769 4309 3045 4378 Σολομῶν*
3074 4325 3093 4358 ι
3132 4305 3259 4367 Υίὺς
3320 4304 3589 4372 ὲγενόμην
3634 4295 3713 4349 καὶ

2159 4387 2327 4480 πατρὶ
2353 4407 2613 4475 ὑπήκοος,
2645 4403 2740 4456 καὶ
2776 4405 2834 4456 ὲν
2861 4398 3134 4471 προσώπῳ
3170 4396 3381 4467 μητρδς
3436 4387 3713 4461 ἀγαπῶμεν

2161 4518 2251 4563 νος
2277 4517 2290 4530 °
2316 4500 2515 4560 οἵτινες
2567 4496 2845 4550 ἐδίδασκον
2899 4508 2965 4562 με
3027 4491 3308 4558 λέγοντεςο
3388 4480 3714 4557 Ἐρεξδοιτοό

2161 4590 2318 4658 λόγος
2372 4588 2530 4659 ἡμῶν
2575 4588 2632 4638 ἐν
2661 4587 2729 4654 τῇ
2764 4581 2964 4651 καρδίᾳ
3005 4596 3124 4632 σου.
3164 4597 3183 4629 ι
3219 4577 3329 4629 Καὶ
3369 4576 3549 4633 ἄλλος·
3582 4592 3601 4622 ι

2162 4656 2427 4747 φυλάσσει
2487 4675 2728 4745 ἐντολὴν,
2753 4673 2910 4742 τηρεῖ
2965 4670 3067 4738 τὴν
3111 4664 3306 4719 ἑαυτοῦ
3360 4665 3548 4733 ψυχήν
3573 4679 3586 4690 ·
3620 4661 3644 4709 ὁ
3667 4656 3711 4747 δὲ

2163 4745 2521 4839 καταφρονῶν
2570 4764 2680 4818 τῶν
2726 4759 2917 4815 ἑαυτοῦ
2975 4758 3133 4820 ὁδῶν,
3161 4755 3544 4809 ἀποθανεῖται,
3572 4771 3589 4801 ι
3620 4745 3710 4799 Καὶ

2162 4838 2394 4914 πάλινί(
2432 4855 2718 4925 Μακάριος
2750 4853 2809 4915 ὃς
2838 4850 3220 4920 καταπατήσει
3259 4847 3445 4900 πάντα
3480 4846 3550 4898 δι’
3577 4838 3712 4896 εὐλά-

2163 4954 2335 5007 ϐειαν,
2383 4951 2443 5003 Ὀ
2474 4949 2582 5019 γὰρ
2624 4945 2913 5017 φυλάσσων
2942 4939 3185 5010 ἐντολὴν,
3228 4938 3289 4991 οὐ
3322 4936 3598 5005 γνώσεται
3636 4945 3715 4981 που

2164 5042 2325 5113 νηρά.
2356 5060 2374 5093 ι
2394 5039 2452 5093 Ὀ
2482 5040 2538 5091 δὲ
2565 5038 2772 5107 Πέτρος
2800 5030 3108 5086 ἐπιστέλλει
3136 5029 3329 5096 λέγων·
3355 5046 3375 5079 ι
3405 5024 3723 5113 Ὑποτάγητε

488 5138 733 5193 victima.
765 5136 998 5193 Funetio
1049 5136 1186 5201 haec,
1224 5136 1333 5191 hoc
1359 5151 1585 5201 munus,
1625 5136 1730 5190 viri
1779 5137 1940 5205 plane
1981 5146 2053 5192 est

2166 5107 2258 5188 οὑν
2295 5134 2446 5203 πάσῃ
2476 5126 2795 5198 ἀνθρωπίνῃ
2831 5123 3006 5178 κτίσει
3040 5120 3127 5174 διά
3164 5119 3254 5172 τὸν
3287 5116 3519 5187 Κύριον.
3553 5107 3714 5205 Καῖοε

490 5236 547 5283 et
580 5226 875 5297 prudentis
897 5235 954 5282 et
983 5198 1215 5297 perfecti
1243 5245 1256 5280 :
1291 5226 1348 5280 ld
1383 5225 1531 5295 quod
1559 5198 1864 5282 clarissime
1899 5228 2053 5284 docet

2168 5226 2377 5278 οἰκέται
2417 5198 2853 5286 ὑποτασσόμενοι
2914 5216 2971 5265 ἐν
3017 5210 3185 5263 παντὶ
3210 5209 3361 5276 τόπῳ
3407 5208 3523 5269 τοῖς
3552 5198 3721 5256 6561:6-

491 5333 594 5374 nos
653 5316 822 5374 Isaias
878 5318 1070 5374 dicens
1109 5336 1122 5372 :
1168 5336 1188 5369 ι
1226 5318 1283 5373 Si
1327 5334 1439 5373 non
1470 5317 1674 5373 feceris
1720 5318 2064 5374 voluntatem

493 5416 642 5463 tuam
686 5408 743 5463 in
781 5408 872 5465 die
916 5416 1125 5472 sancto,
1161 5415 1216 5462 et
1242 5424 1349 5461 non
1383 5407 1646 5462 extuleris
1671 5408 1868 5477 pedem
1910 5416 2063 5461 tuum

493 5502 561 5557 ad
606 5517 764 5573 opus,
803 5518 983 5574 neque
1036 5503 1255 5559 locutus
1278 5501 1450 5558 fueris
1488 5501 1716 5557 verbum
1744 5501 1799 5556 in
1825 5502 1926 5567 ira,
1957 5501 2067 5556 eris

565 5678 834 5750 ’ἕλει-ειη.
867 5695 948 5750 ιιι,
977 5680 1067 5740 2‘2.
1144 5680 1186 5714 "
1216 5680 1259 5736 ll
1321 5681 1516 5737 Thess.
1574 5696 1654 5748 ιιι,
1691 5680 1772 5735 Η.
1804 5688 1805 5691 ‘
1851 5680 1894 5713 °°
1915 5674 2053 5734 1‘it.t

2163 5676 2282 5745 ,ll.
2359 5676 2400 5707 “
2430 5671 2594 5730 Hebr.
2644 5686 2702 5739 ιι,
2747 5670 2798 5725 1.

499 5761 563 5814 u,
596 5748 649 5801 8.

2165 5333 2307 5379 ταις,
2336 5315 2396 5365 οὐ
2435 5312 2596 5382 μόνον
2640 5310 2750 5371 τοῖς
2802 5304 3048 5375 ἀγαθοῖς,
3088 5302 3184 5356 καὶ
3228 5302 3339 5362 τοῖς
3408 5293 3714 5382 ἐπιεικέσιγ,

2165 5407 2303 5460 ἀλλὰ
2334 5378 2568 5464 καὶ-τοῖς
2621 5398 2876 5459 σκολιοῖς.
2921 5415 2940 5448 ι
2986 5392 3263 5455 Ὡσαύτως
3304 5390 3404 5445 καὶ
3447 5392 3478 5443 ὁ
3527 5378 3715 5441 Παῦλός

2168 5514 2353 5571 φησιν·
2393 5516 2412 5548 ί
2458 5495 2538 5548 Τά
2575 5492 2739 5545 τέκνα
2779 5488 3088 5544 ὑπακούετε
3126 5489 3239 5549 τοῖς
3266 5482 3490 5554 γονεῦσι
3521 5498 3535 5512 ο
3566 5497 3584 5530 ι
3618 5470 3712 5529 καί·

2910 5666 3109 5744 "Luc.
3142 5682 3205 5735 ιι,
3240 5663 3324 5720 16.
3407 5664 3456 5699 ⁸³
3495 5657 3708 5727 Philipp.
