3986 6148
356 288 489 359 1557

1395 306 1725 368 HOMILIA
1765 308 1887 369 XL.
1929 332 1998 346 -
2037 310 2135 369 DE
2174 291 2605 370 CALUMNIA.

3481 314 3579 379 155

356 427 377 461 ι
413 408 476 462 0i
528 408 725 470 δοῦλοι.
779 405 1073 464 ὑπακούετε
1109 409 1234 475 τοῖς
1285 414 1427 468 κατὰ
1483 416 1663 486 σάρκα
1708 417 1918 488 κυρίοις

2042 416 2278 473 idueiam
2305 410 2526 470 habens
2550 411 2603 469 in
2616 407 2880 486 Domino,
2917 427 2973 476 et
3003 420 3209 477 cibahit
3238 428 3290 477 te
3315 420 3477 476 bonis
3506 432 3614 477 ter-

351 498 528 569 ύμῶν,
555 502 628 571 μὴ
657 497 1306 571 κατ’ὀφθαλμοδουλείας,
1334 505 1409 569 ὡς
1435 507 1916 579 ἀνθρωπάρεσκοι,

350 591 465 646 ἀλλ’
492 592 548 645 ὲν
568 591 672 662 φόϐ
693 612 717 657 μ
740 592 897 647 Θεοῦ,
917 612 935 645 ι
959 592 1068 647 Kal
1084 592 1344 667 ἀλλαχοῦ·
1371 616 1390 648 ι
1411 597 1509 651 Διὰ
1525 599 1684 651 τοῦτο
1702 598 1921 669 ἔγραψα

350 683 481 753 ὑμῖν
514 684 600 736 ἵνα
637 684 751 752 γνῶ
780 685 880 756 τὴν
912 685 1143 757 δοκιμὴν
1183 688 1359 758 ὑμῶν,
1396 691 1443 742 εί
1483 691 1564 750 είς
1596 692 1775 744 πάντα
1814 692 1921 744 ύπ-

351 777 508 845 ήκοοί
538 779 686 833 ἐστε.
709 795 729 829 ι
775 777 797 850 ι
827 779 955 833 Καί·
988 798 1007 831 ι
1034 779 1101 833 El!
1141 799 1226 845 τις
1255 782 1353 852 οὐχ
1413 782 1679 836 ὑπακούει
1743 781 1919 852 ὑμῶν,

348 870 439 922 τὸν
508 868 752 923 τοιοῦτον
839 870 927 925 διὰ
1025 873 1126 942 τῆς
1181 874 1475 943 ἐπιστολῆς
1546 875 1872 944 σημειοῦσθε
1903 915 1918 939 ,

350 963 444 1015 καὶ
500 963 574 1033 μὴ
626 965 1097 1034 συναναμίγνυσθε
1141 966 1308 1037 αύτῷ.
1349 967 1397 1039 ι]
1429 968 1538 1021 Kal
1569 965 1744 1030 αὖθις*
1786 985 1805 1015 ι
1858 968 1921 1022 'H

348 1052 456 1123 γὰρ
483 1052 638 1122 ὑμῶν
673 1054 887 1126 ὑπακοὴ
929 1056 1010 1119 είς
1058 1057 1269 1119 πάντας
1312 1057 1561 1127 ἀφίκετο.
1600 1076 1619 1107 ι
1659 1058 1767 1111 Kal
1794 1058 1923 1127 περὶ

347 1145 440 1198 τοῦ
470 1146 675 1216 Κυρίου
700 1161 711 1173 ·
756 1165 775 1199 ι
813 1148 1031 1220 Καίπερ
1057 1150 1133 1203 ὢν
1159 1151 1284 1215 Υἱὸς
1306 1149 1512 1221 ἔμαθεν
1536 1150 1629 1218 ἀφ’
1653 1144 1728 1205 ὧν
1752 1149 1923 1205 ἔπαθε

347 1236 446 1307 τὴν
503 1237 773 1309 ὑπακοὴν,
817 1242 915 1294 καὶ
964 1242 1276 1307 τελειωθεὶς
1329 1244 1549 1313 ἐγένετο
1609 1246 1746 1299 πᾶσι
1805 1249 1921 1309 τοῖς

349 1328 716 1403 ὑπακούουσιν
754 1331 907 1402 αὐτῷ
941 1334 1113 1398 αἴτιος
1145 1336 1423 1407 σωτηρίας
1464 1337 1705 1393 αίωνίου.
1751 1358 1770 1391 ι
1811 1340 1923 1392 Kal

349 1424 377 1473 ὁ
412 1420 632 1491 Κύριος·
671 1442 689 1475 ι
737 1424 1134 1495 Καταϐέόηκα,
1171 1430 1359 1497 φησὶν,
1411 1430 1475 1482 ἐκ
1516 1430 1610 1483 τοῦ
1666 1430 1921 1501 ούρανοῦ,

350 1512 446 1581 οὐχ
478 1513 564 1567 ἵνα
593 1514 732 1568 ποιῶ
751 1516 813 1568 τὸ
840 1515 1053 1588 θέλημα
1080 1520 1142 1572 τὸ
1162 1519 1316 1589 ἐμὸν,
1338 1521 1473 1575 ἀλλὰ
1497 1523 1558 1575 τὸ
1587 1521 1798 1593 θέλημα
1827 1521 1922 1577 τοῦ

350 1604 665 1675 πέμψαντός
701 1625 769 1678 με
815 1609 1051 1681 Πατρός.
1080 1609 1216 1682 [Kal
1250 1612 1436 1667 πάλιν
1474 1633 1493 1665 ι
1534 1613 1592 1668 '0
1637 1614 1924 1685 δεχόμενος

352 1696 517 1765 ὑμᾶς,
542 1696 643 1768 ἐμὲ
675 1699 911 1769 δέχεται.
953 1720 972 1753 ι
1000 1703 1110 1756 Kal
1135 1699 1312 1768 αὖθις·
1356 1724 1375 1757 ι
1418 1705 1478 1759 '0
1505 1704 1718 1759 ἀκούων
1757 1707 1920 1778 ὑμᾶς,

2025 506 2187 562 rae“.
2227 525 2246 559 ι
2282 505 2548 562 Salomon
2587 507 2717 563 item
2760 528 2773 564 :
2815 529 2834 562 ι
2870 510 3043 565 Filius
3092 509 3173 563 fui
3219 518 3274 564 et
3316 522 3418 580 ego
3470 511 3609 579 patri
3690 577 3695 581 ,

2024 603 2313 672 obediens,
2357 606 2415 656 et
2468 599 2708 656 dilectus
2747 602 2805 655 in
2822 590 3160 669 ‘conspectu
3195 601 3389 654 matris
3417 615 3551 655 mea:
3586 620 3599 655 :

2023 696 2120 765 qui
2153 696 2428 751 docebant
2461 709 2546 748 me
2577 694 2827 748 dicentes
2855 709 2868 745 :
2895 692 3271 746 Contirmetur
3299 706 3482 746 sermo
3512 707 3610 745 no-

2025 796 2142 843 ster
2177 789 2234 844 in
2268 788 2437 844 corde
2466 797 2559 842 tuo
2578 788 2641 840 ⁸⁵.
2686 805 2704 839 ο
2740 787 2899 840 Alius
2932 785 3199 854 insuper:
3241 804 3258 836 ι
3293 784 3396 850 Qui
3428 794 3611 839 custo-

2025 862 2106 933 dit
2138 880 2476 940 mandatum,
2499 885 2790 932 conservat
2812 876 3048 933 animam
3073 889 3228 929 suam
3249 892 3263 938 ;
3285 874 3383 944 qui
3418 883 3606 930 autem

2025 968 2254 1039 negligit
2297 969 2414 1022 vias
2458 982 2606 1031 suas,
2635 966 2906 1020 morietur
2941 965 3006 1018 ⁸⁸.
3045 983 3064 1016 ι
3103 965 3317 1019 Rursus
3352 982 3366 1017 :
3415 983 3433 1016 ‹
3474 965 3610 1019 Bea-

2028 1067 2116 1114 tus
2138 1060 2224 1113 vir
2244 1059 2337 1129 qui
2368 1059 2526 1112 timet
2553 1056 2735 1111 omnia
2760 1072 2859 1126 per
2886 1055 3440 1125 circumspectionem
3472 1071 3486 1120 ;
3514 1055 3609 1123 qui

2023 1154 2172 1207 enim
2231 1153 2475 1208 custodit
2529 1153 2874 1216 mandatum,
2916 1167 3029 1206 non
3073 1150 3277 1204 sentiet
3307 1150 3607 1219 quidquam

2025 1250 2155 1305 mali
2195 1251 2260 1302 ⁶’.
2301 1269 2320 1300 ι
2380 1249 2619 1304 Proinde
2650 1249 2846 1302 Petrus
2900 1263 3001 1318 per
3057 1246 3362 1315 Epistulam
3420 1244 3606 1301 dicit:

2033 1361 2053 1396 ι
2118 1341 2368 1414 Subjecti
2441 1341 2612 1412 igitur
2668 1349 2843 1396 estote
2916 1339 3062 1394 omni
3144 1328 3417 1393 humana!
3452 1352 3609 1392 crea-

2024 1444 2162 1491 turze
2217 1444 2443 1505 propter
2513 1435 2806 1489 Dominum
2869 1432 2935 1486 ⁸⁸.
3016 1450 3034 1483 ι
3084 1431 3153 1485 Ει
3211 1449 3223 1484 :
3298 1450 3315 1481 ι
3397 1428 3609 1483 Famuli

2027 1528 2263 1599 subjecti
2323 1527 2378 1580 in
2427 1527 2577 1581 omni
2635 1526 2779 1590 loco,
2807 1523 3050 1579 dominis
3089 1538 3201 1597 non
3235 1522 3412 1575 solum
3447 1519 3612 1575 bonis

2027 1627 2084 1675 et
2112 1618 2398 1683 modestis,
2431 1617 2528 1673 sed
2587 1618 2756 1672 etiam
2809 1616 3139 1688 dyscolis".
3178 1635 3195 1665 ι
3250 1612 3497 1667 Similem
3555 1612 3609 1665 in

2029 1709 2255 1764 modum
2281 1708 2484 1763 Paulus
2519 1724 2532 1761 :
2574 1726 2593 1759 ι
2626 1706 2772 1769 Filii,
2805 1702 3023 1759 obedite
3048 1699 3551 1773 parentibus".cEt
3595 1717 3610 1752 :

348 1788 483 1856 ἐμοῦ
508 1789 718 1845 ἀκούει.
749 1811 768 1845 ι
792 1791 814 1864 ]
840 1794 1051 1866 Αύτῷὴ
1075 1795 1203 1861 δόξα
1227 1799 1309 1859 είς
1330 1798 1457 1861 τοὺς
1477 1798 1703 1862 αἰῶνας.
1732 1799 1928 1872 Ἀμήν.

2042 1819 2058 1852 ι
2102 1800 2283 1866 Servi,
2326 1799 2547 1854 obedite
2605 1796 2923 1853 carnalibus
2970 1795 3211 1850 dominis
3249 1791 3470 1853 vestris,
3500 1803 3614 1843 non

348 1880 416 1943 ad
440 1882 659 1937 oculum
682 1885 1016 1951 servientes;
1043 1888 1200 1957 quasi
1231 1888 1515 1957 placentes
1545 1889 1886 1958 hominibus,
1912 1891 2119 1961 1091
2145 1891 2240 1946 sed
2272 1891 2327 1945 in
2358 1892 2556 1946 timore
2586 1890 2683 1944 Dei
2710 1891 2807 1943 ⁷⁸.»
2840 1888 2960 1943 ΑΙἰο
2986 1888 3115 1942 item
3147 1886 3268 1940 loco
3296 1903 3310 1939 :
3343 1903 3360 1935 ι
3386 1883 3616 1952 Propter

352 1973 456 2026 hoc
502 1973 702 2046 scripsi
742 1978 924 2044 vobis,
957 1988 1019 2033 ut
1048 1979 1369 2049 intelligatis
1426 1981 1815 2050 probationem
1884 1993 2147 2049 vestram,
2174 1983 2219 2038 si
2253 1984 2310 2037 in
2349 1983 2608 2038 omnibus
2663 1982 2987 2038 obedientcs
3014 1981 3149 2036 estis
3180 1980 3247 2032 τ’.
3288 1997 3307 2030 ι
3342 1976 3556 2031 Rursus
3594 1991 3608 2026 :

354 2083 372 2115 ι
409 2066 604 2121 Vestra
653 2071 801 2125 enim
842 2072 1159 2128 obedientia
1224 2074 1291 2128 ad
1336 2089 1530 2129 omnes
1582 2078 1836 2146 pervenit
1883 2078 1953 2132 ⁷³.
2017 2094 2036 2130 ι
2087 2078 2255 2147 Etde
2281 2078 2512 2133 Domino
2556 2096 2570 2132 :
2614 2095 2632 2129 ι
2681 2077 2750 2131 Et
2789 2077 3013 2148 quidem
3042 2091 3167 2131 cum
3208 2083 3354 2128 esset
3418 2072 3611 2133 Filius,

350 2159 548 2216 didicit
589 2178 658 2219 ex
711 2165 779 2221 iis
843 2183 967 2236 quae
999 2184 1194 2238 passus
1226 2177 1331 2234 est,
1364 2168 1764 2237 obedientiam,
1822 2180 1879 2226 ct
1929 2179 2348 2228 consummatus
2416 2171 2593 2227 factus
2644 2180 2729 2227 est
2791 2171 3052 2226 omnibus
3106 2164 3610 2236 obtemperantibus

351 2252 480 2319 sibi,
520 2271 687 2313 causa
733 2260 927 2314 salutis
957 2270 1178 2316 aeternae
1215 2262 1283 2315 ⁷⁸.
1328 2281 1347 2312 ι
1392 2263 1659 2318 Dominus
1709 2264 1951 2333 denique
1989 2265 2064 2320 ait
2096 2282 2109 2319 ε
2149 2285 2167 2317 ι
2213 2264 2482 2320 Dcscendi
2505 2264 2573 2320 de
2598 2262 2758 2327 cmlo,
2793 2280 2906 2318 non
2946 2271 3006 2319 ut
3045 2263 3239 2318 faciam
3273 2262 3613 2315 voluntatem

355 2365 553 2417 meam,
577 2351 674 2408 sed
701 2353 1038 2409 voluntatem
1056 2356 1196 2432 ejus,
1220 2355 1612 2426 quimisitme,
1638 2356 1815 2413 Patris
1847 2358 1891 2391 ⁷⁸
1936 2376 1948 2412 :
1978 2378 1997 2411 ›
2043 2358 2129 2413 cui
2166 2363 2223 2412 et
2266 2357 2438 2429 gloria
2486 2366 2543 2413 et
2578 2356 2871 2427 imperium
2909 2356 2964 2411 in
3020 2355 3219 2411 saecula
3266 2352 3610 2409 szeculorum.

360 2440 562 2497 Anien.

972 2562 1192 2615 ΛΟΓΟΣ
1219 2564 1307 2618 Μ’.

853 2673 990 2742 Περὶ
1006 2678 1439 2746 συκοφαντίας.

433 2784 617 2838 Δεινὸν
657 2785 717 2839 τὸ
756 2787 855 2857 τῆς
885 2791 1254 2860 συκοφαντίας
1286 2792 1480 2857 πάθος,
1527 2792 1728 2862 μᾶλλον
1759 2794 1816 2848 δὲ
1844 2794 1939 2847 καὶ

362 2876 690 2940 διαϐολικδν,
721 2878 861 2933 κατὰ
892 2880 954 2933 τὸ
995 2883 1125 2953 περὶ
1152 2882 1319 2936 αὐτοῦ
1350 2885 1408 2936 ὲν
1436 2886 1689 2954 Ψαλμοῖς
1712 2887 1938 2958 είρημέ-

365 2985 456 3022 νον
478 2984 493 3000 ·
528 2967 894 3026 Ταπεινώσει
930 2973 1347 3042 συκοφάντην.
1377 2976 1668 3031 Ἀσπονδοι
1705 2977 1816 3048 γὰρ
1848 2977 1938 3031 δν-

364 3075 457 3121 τες
504 3061 600 3113 καὶ
646 3060 957 3131 θεοστυγεϊς
999 3064 1048 3117 oi
1097 3066 1476 3135 συκοφάνται,
1525 3070 1808 3132 κοινωνοὶ,
1845 3069 1939 3122 καὶ

2608 2563 2890 2620 IlOMILlA
2932 2562 3051 2617 XL.

2625 2677 2705 2732 De
2746 2675 3039 2731 calumnia.

2112 2794 2371 2850 Pervicax
2404 2802 2461 2848 et
2488 2793 2748 2863 perplexa
2777 2800 2862 2847 est
2893 2790 3110 2845 ail‘ectio
3144 2788 3260 2843 haec
3287 2785 3616 2850 calumniae;

2038 2887 2225 2942 verius
2252 2885 2483 2941 dixerim
2513 2900 2635 2941 esse
2663 2884 3015 2946 diabolicam,
3051 2880 3357 2937 secundum
3391 2879 3444 2933 id
3467 2879 3615 2948 quod

2041 2977 2109 3032 de
2134 2993 2197 3032 ea
2227 2978 2281 3031 in
2314 2976 2543 3032 Psalmis
2565 2975 2774 3030 dictum
2804 2984 2890 3030 est
2923 2992 2935 3028 :
2971 2971 3285 3027 Humiliabit
3312 2969 3615 3023 calumnia~

2042 3071 2301 3122 torem".
2361 3068 2520 3123 Tales
2580 3067 2786 3121 nemini
2855 3065 3242 3127 conciliantur,
3294 3059 3447 3116 inﬁdi
3490 3075 3622 3116 cum

369 3149 723 3220 συμμέτοχοι,
754 3151 848 3205 καὶ
881 3153 1315 3224 συγκληρονόμοι
1336 3155 1577 3224 γίνονται
1602 3159 1715 3220 τοῖς
1732 3156 1934 3228 προδῶ·

2042 3161 2173 3223 sint,
2202 3169 2258 3214 et
2285 3175 2384 3228 per
2413 3159 2538 3223 hoc,
2569 3159 2677 3213 Deo
2701 3157 2861 3212 invisi
2887 3156 3143 3211 maxime.
3175 3155 3398 3208 illorum
3422 3168 3618 3207 accen-

363 3254 525 3291 κασιν
551 3239 644 3292 καὶ.
667 3239 1047 3310 σταυρώσασιν
1070 3240 1167 3311 τὴν
1198 3241 1456 3312 ἀλήθειαν
1475 3259 1488 3273 ⁸
1520 3242 1820 3307 τουτέστιν,
1851 3242 1943 3295 τὸν

369 3329 573 3401 Κύριον
618 3332 774 3400 ἡμῶν
823 3332 1033 3403 Ἰησοῦν
1073 3333 1330 3403 Χριστόν.
1371 3352 1390 3385 ι
1440 3332 1582 3402 Ἐγὼ
1629 3334 1740 3405 γάρ
1788 3324 1938 3403 ε’ίμι,

369 3422 553 3491 φησὶν,
587 3423 618 3492 ἡ
644 3422 874 3492 ἀλήθεια
898 3463 914 3488 ,
942 3422 1038 3478 καὶ
1069 3424 1101 3494 ἡ
1129 3424 1267 3493 ζωή.
1302 3441 1322 3476 ι
1363 3423 1813 3495 Παρακελεύεται
1849 3420 1944 3479 οῦν

368 3513 396 3564 ὁ
424 3511 586 3582 νόμος
612 3512 807 3580 λέγων,
838 3514 951 3567 Ούκ
983 3514 1213 3584 ἐμμένει
1250 3515 1461 3585 μάρτυς
1495 3510 1573 3577 εἷς
1598 3514 1741 3568 κατὰ
1762 3517 1945 3570 πᾶσαν

371 3603 584 3657 ἀδικίαν
605 3605 701 3658 καὶ
732 3606 1011 3677 ἁμαρτίαν
1042 3606 1108 3677 ἢν
1131 3608 1404 3678 ἥμαρτεν.
1435 3625 1453 3658 ι
1495 3608 1622 3661 Ἐπὶ
1654 3607 1944 3677 στόματος,

372 3694 538 3763 φησιν
562 3733 577 3757 ν
614 3694 709 3749 δύο
738 3694 772 3766 ἢ
801 3695 968 3765 τριῶν
1012 3695 1312 3767 μαρτύρων
1344 3697 1674 3768 σταθήσεται
1712 3700 1819 3751 πᾶν
1851 3699 1949 3769 ῥῆ-

377 3801 471 3855 μα.
512 3802 532 3836 ι
580 3784 638 3839 '0
683 3785 740 3840 δὲ
786 3787 959 3840 Σαοὺλ
1001 3788 1527 3858 παρακρουσόμενος
1574 3788 1674 3856 τὴν
1725 3789 1947 3861 ἐντολὴν

372 3877 598 3949 ταύτην,
619 3878 746 3941 τοὺς
765 3879 1112 3948 τριακοσίους
1138 3883 1303 3950 ἱερεῖς
1322 3880 1418 3935 τοῦ
1448 3883 1656 3953 Κυρίου
1690 3883 1951 3939 ἀπέκτει-

374 3985 464 4023 νεν
496 3967 585 4022 διὰ
628 3968 727 4035 τῆς
775 3970 1089 4041 μαρτυρίας
1121 3970 1240 4036 ἑνὸς
1287 3973 1626 4042 συκοφάντου
1652 3975 1812 4045 Δωὴκ
1845 3975 1942 4029 τοῦ

377 4060 571 4131 Σύρου.
611 4060 728 4115 Kal
761 4056 940 4124 αὖθις·
977 4079 998 4113 ι
1024 4062 1099 4115 Οὐ
1153 4064 1554 4134 συκοφαντήσει
1594 4066 1826 4131 ἕκαστος
1857 4067 1951 4121 τὸν

377 4150 604 4220 πλησίον
623 4150 812 4207 αὐτοῦ.
845 4169 864 4202 ι
892 4152 1044 4207 Καὶὸ
1063 4154 1496 4226 Παροιμιαστής·
1534 4174 1554 4208 ι
1601 4157 1661 4210 '0
1685 4174 1951 4226 συκοφαν-

376 4242 483 4296 τῶν
509 4243 737 4314 πένητα,
780 4243 1072 4315 παροξύνει
1096 4245 1188 4299 τὸν
1219 4248 1525 4317 ποιήσαντα
1553 4247 1739 4303 αὐτόν.
1788 4267 1806 4300 ι
1838 4250 1951 4303 Kal

378 4334 606 4404 ἐπάγειο
665 4330 720 4388 «⁸
755 4336 894 4402 Δόξα
943 4338 1101 4410 ἀνδρὶ
1156 4339 1597 4411 ἀποστρέφεσθαι
1658 4341 1948 4412 λοιδορίας.

378 4426 492 4490 Πᾶς
512 4428 569 4480 δὲ
595 4428 783 4498 ἄφρων
807 4428 1018 4493 τούτοις
1049 4432 1523 4503 συμπλακήσεται.
1554 4451 1573 4483 ι
1593 4432 1653 4486 '0
1680 4432 1739 4487 δὲ
1765 4435 1946 4488 Δαυΐδ·

385 4536 406 4568 ι
459 4519 616 4589 Ἐμοὶ
647 4519 746 4590 μὲν
775 4521 1027 4593 εἰρηνικὰ
1054 4522 1301 4586 ἐλάλουν,
1330 4524 1423 4577 καὶ
1453 4524 1541 4576 ἐπ’
1565 4523 1734 4595 ὀργὴν
1764 4525 1951 4588 δόλους

379 4612 757 4682 διελογίζοντο.
805 4632 825 4666 ι
881 4616 991 4668 Kal
1038 4615 1200 4678 αὐτὸς
1258 4615 1553 4685 ἐπεύχεται
1607 4614 1952 4685 λυτρωθῆναι

381 4704 490 4758 ἀπὸ
521 4704 889 4775 συκοφαντίας
914 4705 1220 4777 ἀνθρώπων
1241 4724 1257 4741 ν
1284 4707 1378 4761 καὶ
1420 4706 1822 4776 ἐπαγγέλλεται
1851 4722 1954 4775 φυ-
1993 4695 1997 4699 ’

382 4795 605 4849 λάσσειν
642 4796 743 4860 τὰς
770 4796 990 4859 ἐντολὰς
1023 4797 1212 4852 αὐτοῦ.
1246 4799 1357 4851 Kal
1386 4796 1544 4861 αὖθις
1567 4812 1580 4827 ·
1614 4816 1633 4850 ‹
1670 4796 1954 4850 Σκέπασόν

386 4901 456 4955 με
501 4885 608 4939 ἀπὸ
651 4885 1017 4954 συκοφαντίας
1038 4885 1371 4957 ἀνθρώπων,
1405 4887 1501 4941 καὶ⁸
1529 4888 1838 4957 συστροφῆς
1861 4904 1958 4939 πο-

384 4970 786 5045 νηρευομὲνων,
836 4975 893 5029 οἴ
934 4992 1079 5040 τινες
1122 4976 1398 5045 ἠκόνησαν
1439 4976 1514 5040 ὡς
1542 4977 1832 5049 ’ῥομφαίαν
1861 4976 1957 5039 τὰς

383 5065 635 5131 γλώσσας
677 5063 879 5120 αὐτῶν.
919 5085 938 5119 ι
973 5066 1084 5120 Kal
1127 5067 1343 5133 ἐπάγει·
1376 5084 1396 5118 ι
1433 5066 1717 5137 Μακάριος
1743 5066 1882 5138 ἀνὴρ
1915 5058 1960 5132 ᾧ

382 5158 447 5209 οὐ
481 5158 556 5227 μὴ
581 5156 865 5226 λογίσηται
894 5159 1099 5228 Κύριος
1122 5158 1403 5228 ἁμαρτίαν
1425 5197 1441 5223 ,
1473 5151 1593 5212 οὖδέ
1618 5160 1765 5211 ἐστιν
1795 5159 1854 5210 ἐν
1881 5157 1959 5228 τῷ

388 5246 615 5317 στόματι
662 5247 828 5303 αὑτοῦ
859 5248 1029 5313 δόλος.
1067 5269 1087 5303 ι
1137 5251 1249 5303 Kal
1280 5249 1472 5314 ἄλλος’
1519 5268 1538 5302 ι
1590 5249 1650 5303 '0
1684 5266 1959 5317 συκοφαν-

386 5337 495 5394 τῶν
523 5339 740 5410 πτωχὸν
765 5379 782 5406 ,
809 5341 981 5395 πολλὰ
1008 5344 1153 5395 ποιεῖ
1174 5343 1243 5395 τὰ
1287 5341 1481 5397 ἑαυτοῦ
1521 5342 1687 5397 κακά.
1732 5360 1752 5393 ι
1790 5341 1900 5395 Kal
1931 5343 1960 5396 ὁ

459 5492 507 5566 "j
528 5492 824 5566 isa._t_.vnt,
845 5490 933 5558 15,
968 5490 1057 5548 14.
1113 5493 1173 5566 ,⁸⁸
1201 5495 1533 5566 Ργιῖοκνᾼνῶ,
1555 5495 1844 5566 6.³ξΡι’ρν.
1873 5510 1940 5548 xr.

2042 5468 2110 5550 lii.
2187 5496 2231 5566 ‘7
2267 5494 2451 5549 Ecclc.
2477 5492 2686 5566 vultis.

1232 5565 1274 5595 '“
1306 5562 1529 5621 ibid.5.'
1587 5567 1631 5599 ⁷¹
1655 5564 1699 5618 11
1735 5563 1861 5619 Cor.
1894 5582 1951 5619 ιι.
1993 5565 2046 5619 9.
2124 5565 2171 5597 ⁷³
2205 5565 2365 5619 Rom.
2414 5580 2532 5624 xvu,
2567 5562 2652 5616 l9.

1823 5634 1868 5666 ⁷⁸
1918 5633 2071 5689 Dem.
2094 5635 2311 5702 313,15.

392 5562 573 5622 ".18.
648 5563 694 5595 ⁷⁸
729 5563 932 5632 Ephes.
979 5580 1052 5632 vi,
1105 5563 1157 5617 i.

390 5646 467 5694 vn.
495 5632 586 5689 ‘58.
661 5633 707 5665 ⁷⁸
739 5624 885 5688 Psal.
917 5624 1060 5699 uin,
1088 5634 1141 5689 4.
1254 5635 1299 5665 τ’
1339 5634 1496 5690 Joan.
1525 5650 1633 5697 xw,
1658 5635 1710 5688 6.

2044 3246 2200 3301 sendi
2227 3254 2358 3302 sunt
2389 3247 2689 3307 consortio,
2716 3244 3030 3316 participio,
3069 3260 3171 3299 nec
3192 3244 3397 3312 dispari
3439 3243 3618 3297 ἣξει-εδ

2046 3334 2234 3399 dilati,
2276 3335 2369 3404 qui
2408 3335 2697 3389 veritatem
2738 3334 2911 3402 ipsam
2948 3330 3313 3402 perﬁdissime
3351 3331 3616 3399 prodide-

2046 3433 2196 3486 runt,
2232 3423 2472 3493 denique
2497 3423 2647 3478 cruci
2677 3421 2967 3476 aﬂixerunt
2987 3461 3001 3486 ,
3046 3421 3151 3474 hoc
3176 3429 3279 3483 est,
3323 3419 3617 3473 Dominum

2045 3523 2295 3569 nostrum
2334 3513 2519 3568 Jcsum
2540 3512 2844 3568 Christum.
2876 3512 2995 3581 Ipse
3023 3511 3171 3567 enim
3219 3510 3359 3565 dixit
3393 3527 3407 3564 :
3446 3529 3465 3561 ι
3505 3510 3619 3580 Ego

2047 3620 2168 3660 sum
2208 3606 2414 3660 veritas
2438 3616 2494 3660 et
2526 3605 2637 3660 vita
2659 3607 2726 3658 ⁷⁷.
2763 3623 2780 3654 ι
2815 3604 2984 3659 Cavet
3009 3604 3157 3659 enim
3178 3604 3264 3658 lex
3290 3619 3359 3658 ne
3394 3618 3536 3657 unus
3563 3611 3621 3656 et

2047 3697 2199 3752 solus
2223 3696 2488 3752 consistat
2515 3698 2689 3763 testis,
2716 3697 2781 3751 ad
2809 3697 3213 3767 perhibendum
3240 3695 3627 3751 testimonium:

2048 3789 2316 3845 adversus
2348 3798 2639 3860 peccatum
2678 3803 2840 3844 omne
2890 3802 3000 3858 quo
3033 3787 3159 3857 quis
3183 3786 3452 3857 peccavit.
3499 3801 3519 3837 ι
3560 3786 3623 3840 ln

2048 3897 2170 3947 ore,
2212 3882 2314 3947 ait,
2356 3882 2591 3937 duorum
2640 3890 2736 3935 aut
2788 3881 2956 3935 trium
3003 3880 3226 3934 testium
3268 3878 3437 3933 stabit
3458 3892 3622 3932 omne

2048 3973 2284 4028 verbum
2313 3974 2381 4026 ⁷⁸.
2444 3990 2462 4025 ι
2503 3970 2612 4028 Sed
2647 3979 2703 4026 et
2755 3969 2908 4035 Saul,
2957 3976 3294 4040 prmceptum
3340 3969 3449 4023 hoc
3495 3983 3623 4022 cum

2014 4062 2221 4118 ,veluti
2255 4062 2474 4133 obiecto
2499 4061 2689 4117 cubito
2726 4077 2757 4115 a
2782 4076 2840 4116 se
2863 4059 3058 4115 luisset
3085 4060 3344 4115 amolitus
3367 4074 3432 4113 ac
3459 4073 3625 4124 repu-

2050 4152 2277 4217 diasset,
2308 4152 2377 4206 ad
2422 4151 2588 4207 unius
2628 4150 2978 4222 sycophanta:
3008 4150 3157 4219 Doeg
3206 4147 3332 4219 Syri
3372 4147 3623 4202 testimo-

2049 4246 2227 4310 nium,
2275 4252 2589 4301 tercentum
2637 4242 2956 4298 sacerdotes
3001 4239 3219 4295 Domini
3268 4239 3504 4309 peremit
3555 4240 3620 4290 τ’.

2053 4338 2266 4393 Rursus
2313 4336 2494 4391 edicto
2534 4342 2709 4399 cavet,
2755 4349 2828 4389 ne
2874 4334 3002 4404 quis
3049 4333 3300 4403 proximo
3339 4348 3439 4388 suo
3468 4331 3627 4387 faciat

2054 4428 2406 4484 calumniam.
2444 4426 2830 4483 Parmmiastes
2852 4425 2987 4480 item
3019 4443 3032 4479 :
3066 4443 3085 4477 ‹
3125 4424 3229 4491 Qui
3258 4425 3628 4480 calumniatur

2053 4534 2379 4591 pauperem,
2429 4517 2731 4575 exacerbat
2759 4532 2887 4571 cum
2917 4517 3014 4586 qui
3042 4515 3346 4571 fecitillum
3377 4505 3447 4568 ⁸ο.
3491 4533 3509 4566 ι
3541 4513 3629 4569 lu-

2052 4611 2206 4666 ducit
2238 4629 2252 4664 :
2296 4628 2315 4661 ¢
2344 4609 2650 4679 Gloria/est
2682 4609 2806 4663 viro
2826 4608 2922 4678 qui
2957 4607 3159 4662 avertit
3181 4623 3241 4662 se
3269 4621 3300 4661 a
3329 4607 3620 4669 conviciis,
3676 4610 3679 4613 ’

2052 4702 2149 4771 qui
2194 4709 2380 4757 autem
2428 4701 2752 4770 imprudens
2793 4708 2881 4754 est
2930 4699 3337 4754 immiscebitur
3374 4698 3462 4753 his
3499 4698 3566 4753 ".
3603 4718 3622 4750 ι
3689 4706 3711 4729 ’⁸

2052 4793 2225 4849 David
2254 4811 2268 4848 :
2311 4812 2330 4845 ε
2364 4792 2495 4848 Mihi
2527 4791 2751 4861 quidem
2778 4790 3006 4860 paciﬁce
3038 4791 3407 4860 loquebantur
3432 4831 3446 4856 ,
3488 4797 3545 4845 et
3573 4790 3631 4844 in

2055 4885 2344 4941 iracundia
2375 4884 2533 4939 dolos
2558 4882 2876 4954 cogitabant
2902 4884 2971 4938 δ’.
3011 4902 3031 4936 ›
3064 4883 3219 4939 Idem
3248 4884 3478 4953 supplex
3509 4890 3632 4937 orat

2057 4977 2222 5032 eximi
2242 4977 2359 5031 sive
2384 4975 2583 5030 redimi
2605 4990 2635 5029 a
2658 4975 2950 5031 calumniis
2974 4975 3285 5041 hominum,
3312 4982 3477 5042 atque
3502 4974 3632 5028 hinc

2058 5068 2332 5137 promisso
2377 5066 2756 5137 obstringitse
2786 5067 2854 5121 ad
2886 5068 3194 5122 custodiam
3248 5065 3633 5120 mandatorum

2058 5158 2179 5213 Dei.
2204 5159 2445 5213 Rursum
2479 5175 2493 5212 :
2527 5175 2546 5210 ι
2574 5159 2806 5229 Protege
2833 5174 2920 5214 me
2946 5175 2976 5212 a
3005 5165 3283 5213 conventu
3322 5155 3630 5225 malignane

2061 5250 2195 5305 tium
2227 5291 2242 5315 ,
2276 5268 2294 5300 ι
2332 5250 2428 5319 qui
2458 5250 2682 5320 quidem
2721 5268 2740 5301 ι
2775 5256 3117 5304 cxacuerunt
3160 5257 3223 5302 ut
3252 5246 3494 5317 gladium
3525 5246 3632 5300 lin-

2054 5357 2190 5412 guas
2216 5356 2345 5397 suas
2366 5343 2434 5396 ⁸³.
2470 5360 2488 5392 ι
2523 5340 2741 5397 lnducit
2765 5358 2778 5394 :
2814 5356 2834 5391 ι
2863 5339 3065 5395 Beatus
3089 5337 3173 5393 vir
3198 5338 3286 5393 cui
3307 5353 3417 5392 non
3451 5336 3631 5406 impu-

2763 5489 2853 5545 ⁸³1
2883 5491 3033 5545 Petr.
3079 5505 3138 5553 ιι,
3185 5491 3270 5545 l3.
3347 5489 3392 5521 ⁶⁹
3418 5489 3435 5542 1
3465 5490 3611 5545 Petr.

2756 5560 2802 5592 ""
2836 5561 3001 5615 Hebr.
3034 5577 3086 5626 v,
3117 5561 3149 5613 8
3176 5601 3190 5623 ,
3231 5562 3283 5614 9.
3395 5561 3439 5591 ’³⁵
3465 5560 3627 5616 Joan.

2457 5635 2500 5666 ’θ
2533 5635 2551 5688 ι
2585 5633 2718 5701 Reg.
2759 5631 3000 5697 “11,18.
3112 5631 3156 5662 ⁸ο
3189 5630 3343 5685 Prov.
3377 5647 3504 5699 κλει,
3540 5632 3625 5688 16.

394 5702 434 5733 ⁸¹
473 5701 636 5760 Prov.
679 5717 766 5767 xx,
790 5702 844 5758 '5.
920 5705 965 5739 ⁸³
998 5705 1138 5759 Psal.
1164 5718 1344 5770 xxxrv,
1372 5704 1462 5758 20.
1551 5704 1596 5737 ⁸³
1627 5705 1767 5761 Psal.
1801 5720 1944 5770 mn,
1973 5704 2028 5768 5,
2058 5705 2110 5758 4.
