3986 6148
470 293 606 358 1559

1701 304 2066 367 ANTIOCHI
2106 309 2451 372 MONACHI

3568 288 3681 369 1560

466 414 604 471 tabit
639 408 905 466 Dominus
934 420 1242 482 peccatum,
1280 382 1457 482 neque
1483 423 1567 468 est
1593 415 1648 468 in
1676 431 1774 470 ore
1797 418 1920 488 ejus
1951 418 2040 473 do.

2153 423 2564 495 Παροιμιαστής
2588 441 2778 496 φησιν·
2813 441 2833 475 c
2887 421 3158 493 Ἀνδρείας
3186 419 3247 473 ὲν
3280 416 3518 483 ἅσεὸεία,
3547 435 3680 472 συκο-

463 505 549 559 Ius
572 501 639 556 ⁸⁵.
685 523 704 555 ι
748 500 905 555 Alius
940 517 955 555 :
988 519 1007 553 ι
1036 500 1140 566 Qui
1174 502 1508 557 calumniam
1556 507 1759 561 astruit
1784 511 2038 579 pauperi,

454 601 723 663 giggravat
751 607 851 646 sua
885 591 1060 661 ipsius
1082 601 1326 662 peccata.
1367 613 1385 644 ι
1414 594 1804 653 Parosmiastes
1837 617 1851 653 :
1888 619 1906 651 ‹
1936 600 2041 668 Qui

464 684 531 739 ad
565 684 903 754 impietatem
929 683 1090 738 fortis
1118 693 1222 750 est,
1247 686 1617 743 calumniatur
1648 705 1921 761 pauperes
1936 694 2035 748 ⁸⁸.»

463 774 668 830 lterum
705 791 718 827 :
751 792 769 825 ι
817 773 930 828 Leo
963 774 1253 843 esuriens,
1284 785 1342 831 et
1378 779 1542 848 lupus
1570 780 1766 835 sitiens
1782 782 1849 846 ⁸⁸,
1893 801 1912 833 ι
1945 783 2042 853 (ιιιὶ

463 878 590 917 cum
623 862 678 917 fit
701 878 932 933 pauper,
961 866 1247 935 tyrannide
1276 872 1479 937 premit
1498 878 1715 940 gentem
1737 887 2045 942 paupercu-

463 955 664 1011 lorum.
699 954 911 1026 1092
961 956 1073 1012 Et:
1112 975 1131 1007 ι
1190 958 1305 1013 Rex
1353 960 1606 1031 indigens
1654 974 2040 1032 proventuum,

463 1063 695 1118 magnus
718 1056 802 1102 est
832 1046 1221 1104 calumniator.
1268 1068 1288 1101 ι
1326 1050 1432 1106 Et:
1473 1071 1492 1103 ι
1528 1052 1631 1119 Qui
1661 1053 1800 1109 fodit
1827 1055 2042 1111 foveam

464 1139 737 1209 proximo,
776 1140 985 1196 incidet
1012 1140 1065 1193 in
1091 1156 1215 1196 eam
1240 1141 1308 1198 ⁸⁷.
1349 1162 1368 1193 ι
1401 1143 1765 1200 Ecclesiastes
1802 1163 1816 1199 :
1844 1164 1863 1197 ι
1897 1146 2044 1202 Con—

462 1230 605 1285 verti
667 1245 770 1301 ego
821 1246 929 1297 me,
988 1239 1046 1286 et
1100 1230 1216 1286 vidi
1252 1233 1542 1290 universas
1572 1236 1877 1293 calumnias
1922 1254 2043 1308 qua:

464 1322 604 1377 fiunt
649 1323 753 1379 sub
790 1325 927 1389 sole,
976 1332 1032 1380 et
1056 1340 1186 1380 ecce
1212 1326 1469 1398 lacrymae
1490 1344 1681 1385 eorum
1718 1331 1813 1400 qui
1851 1334 2041 1402 oppri-

463 1422 693 1469 muntur
743 1417 1076 1483 calumniis,
1134 1426 1192 1473 et
1263 1434 1370 1474 non
1425 1428 1512 1474 est
1573 1422 1670 1491 qui
1727 1424 2044 1479 consoletur

430 1528 435 1531 ι
462 1522 561 1561 eos
582 1506 649 1560 ⁸⁸.
682 1527 701 1559 ι
730 1508 978 1563 Rursus:
1004 1529 1022 1560 ‹
1053 1508 1393 1581 Circumagit
1413 1526 1477 1566 ac
1500 1514 1794 1582 perturbat
1822 1516 2041 1585 sapien-

463 1607 594 1662 tem,
638 1607 694 1653 et
725 1598 912 1668 perdit
963 1601 1394 1670 generositatem
1435 1604 1556 1673 ejus
1602 1604 1670 1658 ⁸³.
1708 1623 1726 1656 ι
1772 1605 2043 1673 Dominus

460 1696 645 1743 autem
688 1708 706 1741 ι
745 1689 936 1745 Salvos
960 1690 1127 1746 faciet
1155 1691 1297 1748 ﬁlios
1323 1708 1653 1763 pauperum,
1688 1704 1746 1750 et
1777 1696 2041 1752 humilia-

460 1778 543 1834 bit
574 1780 1031 1836 calumniatorem
1070 1782 1137 1836 ⁹⁶.
1183 1800 1202 1834 ι
1248 1783 1683 1839 Praemuniamus
1732 1785 1900 1857 igitur
1937 1802 2040 1842 nos

461 1868 632 1939 ipsos,
673 1870 870 1926 fratres
900 1873 1032 1937 mei,
1061 1872 1325 1928 adversus
1362 1873 1714 1941 calumniam,
1745 1877 1895 1931 nulla
1927 1892 2039 1932 non

460 1963 546 2016 sui
570 1970 723 2032 parte
754 1963 1106 2032 pestilentem
1139 1979 1203 2019 ac
1232 1964 1594 2035 perniciosam
1614 2006 1628 2032 ,
1653 1981 1846 2022 eorum
1864 1968 2040 2024 atroci

462 2056 736 2125 supplicio
795 2057 1204 2127 exterriti,,qui
1255 2057 1634 2114 ambitiosiore
1685 2058 1870 2114 studio
1918 2075 2041 2115 eam

457 2147 846 2202 excoluerunt.
906 2148 1219 2205 Adversum
1276 2148 1418 2203 hanc
1472 2149 1736 2207 melicum
1784 2148 1922 2214 illud
1983 2159 2042 2205 et

458 2253 728 2308 perquam
755 2255 923 2295 suave
954 2241 1112 2295 Pauli
1148 2240 1380 2296 verbum
1414 2255 1542 2295 cum
1574 2240 1768 2297 eodem
1793 2242 2041 2298 cantille-

458 2344 630 2385 mus:
697 2348 718 2384 ι
778 2331 1232 2386 Persecutionem
1282 2331 1547 2402 patimur,
1596 2342 1652 2387 et
1680 2333 2039 2399 sustinemus,

404 2418 407 2421 ’
460 2422 933 2492 blasphemamur,
976 2432 1034 2479 et
1078 2424 1435 2480 obsecramus
1462 2464 1477 2490 ,
1528 2435 1791 2495 tanquam
1841 2440 2043 2495 purga-

457 2524 645 2570 menta
695 2515 887 2571 mundi
951 2515 1083 2571 facti
1134 2531 1350 2575 sumus.
1414 2514 1662 2570 omnium
1731 2514 2044 2585 peripsema

457 2623 632 2678 usque
650 2608 833 2664 adhuc
853 2610 931 2664 ἰι
959 2628 977 2661 ι
1002 2616 1063 2663 ιιι
1079 2624 1148 2663 ne
1166 2624 1292 2663 cum
1315 2608 1518 2664 Judaeis
1535 2607 1629 2678 qui
1651 2606 1935 2663 Christum
1962 2609 2047 2663 in-

457 2699 615 2755 fenso
645 2708 814 2771 atque
847 2701 1038 2757 hostili
1065 2700 1301 2756 oderant
1331 2701 1540 2766 animo,
1568 2700 1815 2769 compari
1844 2700 2048 2754 multe-

452 2807 583 2847 mur
632 2791 1010 2849 damnatione.
1067 2794 1161 2849 Isti
1199 2794 1267 2850 ad
1310 2794 1549 2849 Pilatum
1580 2809 1707 2848 cum
1736 2792 2046 2859 venissent,

2141 516 2336 583 φαντεϊ
2364 515 2635 586 πτωχούς.
2691 534 2709 567 ι
2749 515 2860 568 Kal
2892 512 3058 568 πάλιν
3078 528 3091 543 ·
3131 531 3150 563 ι
3181 511 3334 564 Λέων
3364 507 3578 572 πεινῶν,
3606 511 3681 564 καὶ

2140 604 2302 670 λύκος
2327 606 2519 675 διψῶν,
2555 626 2573 659 ι
2611 606 2670 671 ὃς
2700 609 2976 679 τυραννεῖ,
3005 602 3221 674 πτωχὸς
3245 602 3320 655 ὣν
3338 642 3354 668 ,
3388 600 3535 663 ἔθνος
3558 618 3681 655 πενι-

2144 698 2299 768 χρόν.
2332 699 2463 752 Καί·
2484 718 2503 751 ι
2527 698 2793 762 Βασιλεὺς
2814 697 2997 768 ἐνδεὴς
3029 695 3327 765 προσόδων,
3361 692 3529 763 μέγας
3553 708 3682 745 συκο-

2141 790 2370 861 φάντης.
2434 809 2452 842 ι
2490 790 2622 843 Καί⁹
2653 810 2672 842 ‹
2715 790 2775 843 '0
2815 789 3067 860 ὀρύσσων
3122 786 3312 855 βόθρον
3358 785 3438 854 τῷ
3483 783 3680 854 πλησίῳ,

2141 883 2462 952 ἐμπεσεῖται
2490 883 2571 945 είς
2589 881 2774 935 αὐτόν.
2800 899 2818 932 ι
2836 881 2945 934 Kal
2971 881 2999 933 ὁ
3039 877 3474 948 Ἐκκλησιαστής
3492 890 3505 903 ·
3530 893 3547 926 ι
3580 875 3683 929 Ἑπ-

2143 972 2383 1043 έστρεψα
2427 971 2577 1040 ὲγὼ,,
2599 972 2696 1025 καὶ
2734 972 2843 1025 ῐδον
2878 971 3058 1033 πάσας
3090 968 3190 1032 τὰς
3231 966 3585 1035 συκοφαντίας
3603 963 3682 1027 τὰς

2141 1064 2445 1133 γενομένας
2475 1064 2580 1117 ὑπὸ
2618 1064 2710 1116 τὸν
2736 1064 2888 1134 ἥλιον
2909 1080 2923 1093 ·
2968 1063 3066 1117 καὶ
3096 1062 3207 1115 ίδοὺ
3239 1060 3455 1129 δάκρυα
3479 1057 3581 1111 τῶν
3608 1073 3683 1109 σν-

2141 1156 2631 1225 κοφαντουμὲνωνο
2665 1157 2761 1210 καὶ
2813 1156 2919 1209 οὐκ
2966 1154 3118 1209 ἔστιν
3159 1152 3363 1214 αὐτοὺς
3406 1152 3435 1204 ὁ
3464 1165 3681 1220 παρακα-

2141 1246 2270 1301 λῶν.
2327 1265 2346 1298 ι
2379 1247 2491 1300 Kal
2526 1243 2684 1312 αὖθις
2710 1262 2725 1277 ⁸
2776 1266 2796 1299 ι
2842 1246 2906 1300 Ἦ
2941 1244 3278 1313 συκοφαντία
3315 1241 3591 1312 περιφέρει
3617 1256 3685 1292 αο-

2143 1334 2264 1404 φὸν,
2296 1336 2390 1389 καὶ
2412 1335 2669 1390 ἀπολλύει
2692 1336 2789 1407 τὴν
2822 1335 3050 1407 καρδίαν
3078 1333 3360 1400 εὐγενείας
3396 1331 3570 1384 αὐτοῦ.
3607 1328 3684 1383 »Ὅ

2141 1424 2198 1477 δὲ
2226 1427 2430 1496 Κύριος
2465 1444 2485 1476 ι
2523 1425 2687 1479 σώσει
2720 1426 2851 1489 τοὺς
2878 1426 3027 1488 υἱοὺς
3056 1424 3162 1478 τῶν
3198 1424 3471 1492 πενήτων,
3500 1423 3587 1473 καὶ
3607 1436 3683 1472 τα-

2143 1514 2399 1569 πεινώσει
2429 1517 2791 1587 συκοφάντην.
2818 1536 2836 1568 ι
2872 1512 3326 1585 Ἀσφαλισὼμεθα
3347 1508 3442 1565 οὖν
3469 1510 3683 1572 ἑαυτοὺς,

2142 1604 2363 1676 ἀδελφοὶ
2392 1646 2406 1671 ,
2454 1607 2562 1660 ἀπὸ
2610 1607 2711 1678 τῆς
2740 1606 3030 1674 παγκάκου
3063 1603 3456 1673 συκοφαντίας,
3483 1599 3685 1660 δεδιότες

2143 1695 2244 1767 τὴν
2273 1697 2478 1769 πικρὰν
2511 1697 2732 1752 κόλασιν
2766 1696 2876 1751 τῶν
2899 1696 3107 1766 ταύτην
3140 1694 3461 1765 μετιόντων.
3483 1691 3687 1745 Τοὺναν-

2140 1788 2255 1840 τίον
2283 1787 2361 1853 δὲ,
2401 1787 2468 1842 τὰ
2504 1788 2600 1842 τοῦ
2632 1787 2848 1843 Παύλου
2872 1828 2886 1853 ,
2922 1788 3020 1842 σὺν
3051 1785 3130 1857 τῷ
3159 1786 3363 1855 Παύλῳ
3397 1782 3685 1854 μελῳδήσωπ-

2141 1896 2264 1950 μεν·
2302 1898 2321 1932 ι
2357 1881 2776 1952 Λοιδορούμενοι
2807 1878 3157 1950 εὐλογοῦμεν,
3181 1878 3507 1947 διωκόμενοι
3529 1872 3687 1942 ἀνεχό-

2141 1969 2299 2040 μεθα,
2330 1969 2812 2042 βλασφημούμενοι
2847 1967 3294 2041 παρακαλοῦμεν.
3327 1963 3575 2034 Ὦσπερεὶ
3607 1977 3687 2015 κα-

2142 2060 2403 2132 θάρματα
2425 2061 2519 2115 τοῦ
2545 2063 2749 2132 κόσμου
2782 2061 3146 2132 ἐγενήθημεν,
3177 2058 3403 2113 πάντων
3429 2051 3703 2125 περίψημα⁴

2138 2150 2244 2214 ἓως
2273 2151 2419 2222 ἄρτι.
2459 2170 2477 2204 ι
2525 2152 2616 2221 Mi)
2664 2148 3200 2220 συγκατακριθῶμεν
3236 2149 3355 2210 τοῖς
3398 2144 3686 2215 δυσμενέσιν

2137 2241 2351 2312 ἐχθροῖς
2380 2241 2475 2295 τοῦ
2499 2241 2759 2313 Χριστοῦ,
2803 2240 3081 2303 Ἰουδαίοις
3102 2257 3117 2271 ο
3158 2238 3364 2300 οἵτινες
3403 2233 3690 2303 προσελθόν-

2136 2351 2230 2398 τες
2273 2333 2350 2405 τῷ
2392 2334 2612 2404 Πιλάτῳ
2634 2374 2650 2400 ,
2692 2332 2837 2388 κατὰ
2860 2332 2955 2386 τοῦ
2985 2331 3192 2403 Κυρίου
3217 2330 3431 2399 ἔλεγονο
3471 2345 3490 2378 ι
3518 2324 3689 2379 Τοῦτον

2139 2424 2387 2497 ηῦραμεν
2423 2425 2812 2496 διαστρέφοντα
2853 2424 2915 2476 τὸ
2955 2423 3125 2486 ἔθνος,
3155 2422 3250 2476 καὶ
3279 2421 3550 2481 κωλύοντα
3576 2415 3690 2470 Kal-

2142 2535 2268 2588 σαρι
2297 2515 2497 2570 διδόναι
2542 2516 2765 2587 φόρους,
2807 2515 3037 2584 λέγοντα
3078 2512 3271 2567 ἑαυτὸν
3309 2509 3536 2583 Χριστὸν
3561 2507 3689 2578 βασι·

2141 2607 2240 2662 λέα
2269 2602 2428 2662 εῖναι.
2475 2627 2492 2659 ι
2532 2607 2704 2670 Δύτδς
2737 2607 2794 2660 δὲ
2829 2607 3007 2660 πάντα
3041 2604 3117 2668 ὡς
3148 2604 3340 2674 ἀρνίον
3380 2604 3574 2658 ἄκακον
3603 2613 3690 2666 μα-

2145 2697 2437 2769 κροθύμως
2476 2697 2690 2770 ἔφερεν.
2738 2696 2900 2769 Αύτῷ
2946 2698 2980 2769 ἠ
3029 2695 3156 2762 δόξα
3198 2697 3280 2761 είς
3335 2695 3461 2758 τοὺς
3494 2690 3685 2752 αίῶνας.

2159 2791 2215 2844 Ἀ
2227 2791 2358 2859 μὴν.

456 2894 671 2940 exserta
713 2902 847 2942 voce
878 2890 1146 2944 adversus
1173 2887 1468 2943 Dominum
1503 2886 1763 2942 dicebant
1796 2903 1810 2940 :
1849 2905 1867 2937 ι
1913 2883 2071 2939 Ηιιιιο
2109 2882 2426 2939 invenimus
2462 2883 2877 2939 subvertentem
2928 2890 3170 2954 gentem,
3210 2864 3267 2937 et
3304 2877 3685 2963 prohibentem

461 2974 670 3029 tributa
711 2976 827 3032 dari
868 2977 1092 3037 Caesari.
1124 2978 1403 3034 dicentem
1451 2992 1511 3032 se
1538 2975 1823 3033 Christum
1891 2988 2079 3045 regem
2115 2987 2240 3029 esse
2261 2974 2308 3007 "
2346 2990 2360 3027 :
2396 2993 2417 3025 ι
2454 2973 2572 3045 ipse
2599 2982 2783 3029 autem
2829 2980 2889 3027 ut
2949 2989 3124 3045 agnus
3153 2974 3446 3037 innocens,
3465 2964 3687 3038 longani-

458 3068 535 3123 mi
572 3068 859 3123 tolerantia
888 3080 1087 3124 cuncta
1126 3070 1462 3139 perferebat.
1505 3069 1617 3141 Ipsi
1643 3069 1817 3142 gloria
1844 3069 1901 3123 in
1946 3064 2148 3123 saecula
2177 3064 2375 3122 Amen.

1021 3202 1304 3258 HOMlLlA
1325 3196 1475 3258 XLI.

1107 3315 1184 3370 De
1215 3316 1378 3391 furto.

2729 3201 2950 3255 ΛΟΓΟΣ
2978 3200 3121 3256 MA'.

2708 3315 2851 3383 Περὶ
2890 3313 3152 3383 κλοπῆς.

532 3431 753 3487 Daemon
792 3430 883 3486 hic
925 3429 1276 3500 improbandi
1326 3430 1461 3486 furti
1511 3432 1786 3501 reprobus
1837 3433 2036 3491 artifex

2215 3420 2385 3491 Οὗτος
2427 3428 2456 3481 ό
2484 3426 2813 3498 κακότεχνος
2853 3427 2954 3497 τῆς
2981 3426 3191 3497 κλοπῆς
3232 3426 3469 3499 δαίμων,
3503 3402 3686 3498 πρῶτον

459 3523 701 3592 primum
717 3519 941 3590 quidem
964 3535 994 3573 a
1014 3518 1222 3573 vilibus
1241 3527 1297 3574 et
1318 3519 1533 3591 exiguis
1547 3523 1715 3577 rebus
1733 3523 2042 3592 auspicium

460 3612 633 3668 sumit
674 3627 789 3666 suae
843 3611 999 3666 artis.
1054 3611 1222 3681 Alqui
1275 3612 1539 3681 temporis
1612 3629 1908 3684 progressu
1971 3614 2041 3668 ad

459 3719 658 3776 magna
684 3703 887 3759 sensim
916 3703 1262 3773 provehitur,
1290 3719 1355 3758 ac
1382 3703 1604 3758 tandem
1633 3706 1690 3760 in
1720 3704 2043 3761 difﬁcillima

461 3810 695 3866 quaque
722 3793 949 3849 desinit.
980 3792 1186 3847 Eorum
1208 3793 1356 3848 enim
1379 3808 1502 3863 quae
1535 3793 1675 3849 ﬁunt
1694 3795 2044 3865 unumquod-

462 3902 591 3956 que,
621 3902 652 3941 a
690 3885 919 3940 minimo
953 3900 1113 3940 suum
1153 3885 1304 3955 capit
1340 3885 1671 3945 exordium:
1714 3886 1805 3941 ubi
1855 3899 2042 3942 autem

461 3995 529 4033 ea
552 3994 641 4033 res
668 3986 885 4049 sumpta
921 3976 1186 4047 paulatim
1231 3976 1490 4031 alimonia
1518 3976 1846 4043 adoleverit,
1877 3992 2035 4048 gran-

465 4069 647 4125 descit
690 4070 803 4140 jam
862 4069 1185 4139 quotidiana
1239 4070 1576 4125 accessione.
1625 4069 1843 4124 Malitia:
1890 4070 2040 4124 enim

466 4156 628 4213 istius
658 4156 1113 4227 deploratissimae
1135 4172 1245 4219 ars,
1294 4166 1412 4212 rete
1436 4156 1712 4226 quoddam
1752 4165 1838 4211 est
1885 4157 2044 4213 miris

466 4249 684 4304 technis
717 4249 1017 4318 implexum
1051 4255 1109 4303 et
1135 4247 1445 4302 involutum
1480 4264 1493 4300 :
1523 4246 1617 4317 qui
1649 4246 1835 4317 aliquo
1865 4263 2043 4317 usque

467 4358 525 4398 se
573 4342 688 4413 jam
743 4342 872 4397 sivit
929 4341 1037 4397 hoc
1113 4339 1384 4410 implicari
1462 4339 1700 4408 laqueo,
1766 4338 2042 4409 siquidem

466 4443 761 4492 cunctetur
789 4443 846 4490 et
869 4434 1107 4505 negligat
1141 4432 1226 4488 his
1249 4431 1401 4487 tricis
1421 4431 1698 4501 explicare
1731 4446 1790 4486 se
1817 4439 1871 4485 et
1897 4431 2047 4486 evol-

465 4544 618 4594 vere,
649 4529 800 4583 omni
846 4543 973 4582 mox
1000 4543 1068 4582 ex
1110 4535 1264 4596 parte
1315 4523 1662 4594 astringitur.
1708 4524 1847 4578 Dum
1894 4523 2043 4579 enim

466 4623 728 4669 extenuat
773 4613 908 4669 furti
945 4613 1292 4685 gravitatem,
1341 4626 1529 4666 secum
1559 4610 1938 4667 admurmurat
1962 4619 2044 4667 ta-

468 4706 616 4760 citus
650 4723 662 4758 :
722 4720 893 4775 parva
932 4712 1064 4760 sunt
1102 4705 1239 4768 haec,
1294 4702 1431 4757 nihil
1464 4702 1583 4757 haec
1620 4711 1772 4768 sunt,
1820 4718 1930 4757 non
1961 4711 2048 4758 est

2149 3522 2249 3591 μὲν
2271 3520 2485 3592 μικρῶν
2509 3521 2619 3574 τῶν
2642 3518 2985 3590 πραγμάτων
3006 3519 3344 3590 ἀπάρχεται.
3372 3518 3483 3573 Kal
3512 3515 3685 3587 προῖὼν

2143 3610 2225 3673 είς
2260 3609 2474 3681 μεγάλα
2508 3611 2600 3664 καὶ
2636 3610 2815 3682 παχέα
2842 3608 3160 3680 καταλήγει.
3192 3611 3303 3663 Kal
3338 3610 3447 3681 γὰρ
3479 3610 3564 3663 καὶ
3587 3609 3687 3660 ἱκα-

2145 3720 2269 3756 στον
2281 3702 2389 3756 τῶν
2413 3702 2711 3773 γινομένων
2739 3703 2847 3756 ἀπὸ
2877 3702 3081 3773 μικροῦ
3107 3701 3440 3773 ἀπάρχεται,
3466 3698 3686 3756 καὶκατὰ

2147 3792 2314 3865 μέρος
2352 3795 2686 3865 τρεφόμενον
2737 3794 3005 3863 λαμόάνει
3050 3793 3150 3864 τὴν
3194 3793 3467 3865 αῦξησινυ
3519 3795 3590 3848 ὅτι
3625 3790 3686 3843 δί-

2144 3885 2305 3939 κτυόν
2332 3884 2480 3938 ἐστιν
2507 3883 2845 3938 πολύπλοκον
2868 3884 2967 3954 τῆς
2991 3885 3189 3949 κακίας
3211 3885 3453 3954 μέθοδος.
3491 3886 3544 3939 '0
3566 3898 3687 3952 μερι-

2144 3974 2257 4039 κῶς
2285 3968 2613 4045 ἐμπλακεὶς,
2644 3976 2740 4029 ἐὰν
2788 3975 3059 4048 ἀμελήσῃ,
3096 3976 3464 4047 περιεκτικᾶκ
3492 3973 3685 4042 σφίγγε·

2143 4083 2232 4120 ται
2254 4065 2604 4131 Ἐύτελίζων
2651 4066 2759 4136 γὰρ
2788 4066 2857 4121 τὰ
2886 4066 3061 4137 μικρὰ
3082 4108 3097 4132 ,
3131 4068 3319 4136 φησὶν,
3351 4066 3515 4123 Οὐδέν
3552 4064 3682 4126 είσιν,

2117 4159 2245 4212 ·ούκ
2286 4158 2433 4212 ἐστιν
2488 4159 2767 4229 ἁμαρτία·
2801 4158 2898 4213 καὶ
2933 4158 3119 4213 λοιπὸν
3164 4159 3454 4228 συνηθείας
3484 4161 3682 4225 ἐπικρα-

2144 4248 2365 4320 τούσης,
2391 4249 2468 4312 ὡς
2488 4248 2799 4320 γάγγραινα
2822 4249 2992 4319 νομὴν
3015 4247 3448 4319 εὐρίσκει.”Εθος
3469 4246 3585 4315 γὰρ,
3609 4258 3685 4312 φηο

2147 4344 2254 4409 σίν,
2281 4341 2512 4411 δευτέρα
2548 4341 2734 4411 φύσις.
2768 4341 2880 4394 Kal
2914 4339 3093 4410 πολλῷ
3116 4340 3272 4411 κόπῳ
3296 4341 3384 4403 τίς
3409 4333 3683 4401 ἐλευθεροῦ-

2145 4452 2236 4489 ται
2280 4433 2816 4504 κατακυριευόμενος
2851 4431 3179 4509 ὑπ’ραὺτοῦ,
3231 4434 3281 4486 εί
3329 4433 3404 4503 μὴ
3434 4428 3683 4487 ἀνενδόυως

2147 4528 2241 4581 καὶ
2269 4525 2501 4589 ἀναιδῶς
2532 4523 2809 4596 προσέλθῃ
2830 4523 2906 4594 τῷ
2925 4523 3167 4595 Δεσπότῃ
3187 4522 3412 4595 Χριστῷ
3440 4520 3524 4575 διὰ
3541 4531 3680 4588 προσ-

2099 4640 2118 4656 ο
2147 4618 2317 4690 ευχῆς
2364 4619 2459 4672 καὶ
2513 4617 2790 4689 νηστείας,
2827 4616 2920 4669 καὶ
2969 4615 3365 4686 ἐλεημοσύνης,
3399 4609 3602 4683 κράζων
3623 4603 3681 4673 τῷ

2148 4708 2345 4779 Ἰησοῦ,
2363 4709 2456 4763 καὶ
2475 4708 2667 4776 λέγων·
2697 4705 3094 4777 Ἐλευθέρωτόν
3124 4722 3215 4776 με,
3242 4706 3505 4763 Δέσποτα,
3532 4696 3680 4763 ὼςτδν

468 4805 759 4869 peccatum
798 4816 812 4850 :
842 4813 905 4852 ac
945 4797 1024 4852 ita.
1053 4797 1316 4866 deinceps
1350 4797 1724 4852 invalescente
1748 4806 2042 4850 consuetu-

2150 4778 2604 4869 συσταυρωθὲντα
2630 4813 2711 4850 σοι
2739 4795 2965 4868 λῃστὴν,
3001 4795 3098 4849 καὶ
3118 4794 3303 4859 Λευὶν,
3331 4794 3427 4848 καὶ
3450 4788 3680 4859 Ζακχαῖον

471 4890 625 4953 dine,
670 4902 972 4959 gangraena:
1018 4887 1074 4940 in
1120 4901 1350 4951 morem,
1399 4886 1454 4940 in
1497 4887 1656 4941 ulcus
1701 4885 2047 4940 fedissimum

470 4992 802 5049 proserpere
850 4976 1152 5031 invenitur.
1204 4976 1562 5032 Consuetudo
1607 4976 1775 5042 enim,
1811 4976 1888 5030 ait
1934 4976 2047 5043 ille,

471 5071 644 5125 altera
686 5079 773 5125 est
817 5076 1034 5124 natura.
1087 5069 1291 5138 Ecquis
1321 5068 1544 5124 tandem
1579 5069 1647 5123 ab
1692 5069 1797 5124 hac
1827 5068 2048 5124 furandi

473 5162 898 5227 consuetudine,
942 5160 1388 5231 quantiscunque
1459 5160 1743 5216 laboribus
1786 5162 2049 5217 eximitur

473 5265 531 5310 et
554 5255 951 5326 emancipatur,
992 5253 1081 5309 vel
1107 5254 1278 5309 semel
1307 5254 1376 5309 a-b
1400 5268 1465 5308 ea
1498 5254 1809 5310 edomitus?
1839 5256 1896 5310 ni
1931 5255 2043 5310 for-

477 5360 574 5400 san
603 5346 649 5400 is
674 5361 784 5400 non
812 5344 1187 5415 perfunctorie
1225 5359 1288 5400 ac
1319 5345 1474 5399 nullo
1500 5355 1812 5402 remorante
1834 5347 2047 5418 pudore

476 5434 682 5490 Christi
706 5434 925 5490 Domini
948 5435 1179 5505 supplex
1208 5436 1457 5505 procidat
1490 5436 1725 5506 pedibus
1745 5478 1758 5502 ,
1792 5453 1892 5507 per
1920 5453 2047 5494 ora-

553 5618 600 5687 “f
638 5618 778 5672 Psal.
810 5632 953 5687 xxvi,
979 5615 1033 5669 2.
1096 5686 1103 5687 γ
1150 5618 1194 5649 ⁸⁸
1228 5619 1398 5673 Eccli.
1433 5636 1547 5687 XIII,
1571 5622 1656 5675 50.

1771 5622 1816 5653 ⁸⁸
1844 5623 2001 5677 Prov.
2039 5635 2221 5681 xxvm,
2254 5620 2338 5674 l5.

2147 4892 2274 4954 τοὺς
2303 4888 2574 4956 τελώνας;
2613 4889 2735 4961 Χρὴ
2770 4888 2828 4941 δὲ
2857 4887 2952 4941 καί
2979 4887 3192 4958 δάκρυα
3226 4883 3587 4957 προσκομίσαι
3607 4874 3681 4929 αὐ-

2147 4982 2248 5051 τῷ,
2295 4983 2376 5035 ὅτι
2412 4979 2481 5035 τὰ
2507 4981 2719 5051 δάκρυα
2762 4978 2929 5033 δεκτὰ
2959 4978 3110 5050 αὐτῷ
3128 4980 3286 5033 εἰσιν.
3311 4976 3423 5032 Kal
3451 4963 3679 5044 βλέπωνό

2147 5074 2278 5137 Θεὸς
2337 5072 2438 5141 τὴν
2478 5073 2769 5142 μετάνοιαν
2818 5069 3003 5136 αὐτοῦ,
3049 5070 3281 5141 παρέχει
3323 5066 3474 5136 αὐτῷ
3513 5057 3680 5130 ἀγαθδὸ

2148 5164 2407 5235 λογισμὸν
2429 5163 2523 5217 τοῦ
2557 5163 2632 5235 μὴ
2656 5162 2941 5233 ὀρέγεσθαι
2971 5162 3039 5217 τὰ
3060 5162 3153 5216 τοῦ
3178 5161 3424 5229 πλησίον.
3465 5159 3520 5210 '0
3542 5151 3679 5207 θέλων

2150 5252 2265 5323 οῦν,
2293 5256 2367 5319 ὡς
2397 5255 2610 5326 είρηται
2632 5295 2648 5321 ,
2678 5255 2778 5324 τῆς
2805 5254 3011 5324 ἀνόμου
3044 5253 3247 5324 ταύτης
3276 5249 3530 5323 ἐργασίας
3553 5243 3677 5296 ἐλευ-

2156 5348 2342 5419 θερίας
2362 5334 2570 5416 τυχεῖν,
2591 5346 2870 5417 εύμαρῶς,
2897 5345 2967 5398 δι’
2990 5343 3391 5415 ἀκτημοσύνης,
3419 5339 3507 5393 καὶ
3531 5334 3677 5396 ὀλιγο-

2159 5439 2356 5506 σιτίας,
2409 5438 2505 5492 καὶ
2552 5438 2902 5510 προσευχῆς,
2949 5437 3045 5492 xal
3099 5436 3200 5506 τῆς
3252 5433 3360 5487 τῶν
3414 5425 3676 5502 μελλόντων

2450 5618 2495 5649 ⁸⁷
2543 5619 2705 5674 Prov.
2776 5631 2924 5680 xxvn,
2984 5613 3083 5669 9.7:
3163 5612 3208 5645 ⁸⁸
3241 5607 3420 5668 Eccle.
3472 5619 3539 5667 tv,
3570 5592 3673 5663 1,3-

487 5676 529 5703 "
560 5685 739 5742 Eccle.
769 5702 862 5754 vn,
886 5676 948 5743 δ’.
1016 5687 1060 5720 ὀ
1089 5686 1228 5743 Psal.
1255 5706 1392 5759 Lm,
1431 5692 1484 5747 4.
1534 5676 1654 5748 ⁷⁹¹1
1683 5692 1807 5747 Cor.
1848 5676 1920 5759 iv,
1956 5690 2037 5759 12,

2142 5726 2155 5742 .
2212 5676 2260 5723 ’⁸³
2300 5690 2434 5746 Luc.
2470 5705 2617 5760 χχιιι,
2655 5690 2711 5744 2.
