3986 6148
306 303 309 306 ”
340 294 469 361 ίίιῦί

1445 314 1772 377 HOMILIA
1811 320 1965 382 XLI.
2000 347 2069 359 --
2108 325 2205 386 DE
2243 311 2528 386 FURTO.

3463 335 3602 403 1562

341 409 702 479 προσδοκίας,
763 411 948 484 ῥᾳδίως
1004 405 1455 475 ἀπαλλάσσεται.
1517 421 1576 476 '0
1624 426 1912 493 φυλάττων

2016 434 2246 502 tionem,
2295 431 2598 507 jejunium,
2631 444 2688 491 et
2738 437 3165 511 eleemosynam,
3194 431 3424 500 exserta
3465 464 3594 504 voce

339 500 448 571 γὰρ
480 499 568 589 τὸν
593 502 756 573 νόμον
777 543 791 567 ,
829 505 1161 574 φυλάττεται
1191 508 1299 562 ὑπὸ
1329 515 1615 582 νομοδότου
1650 520 1910 589 Χριστοῦ.

336 591 428 660 Μὴ
458 588 549 644 οὖν
575 593 961 664 ἀμελήσωμεν,
983 600 1281 670 ἀγαπητοὶ,
1308 604 1404 657 τοῦ
1437 608 1717 678 συντόμως
1746 613 1915 666 ἀπαλ-

339 681 569 752 λαγῆναι
598 685 695 753 τῆς
730 686 985 758 τοιαύτης
1016 689 1300 763 αἰσχύνης·
1338 693 1485 748 ἔστιν
1512 698 1621 768 γὰρ
1649 700 1710 752 τὸ
1741 702 1912 766 πάθος

337 771 492 825 τοῦτο
511 773 955 831 δυσαπάλλακτον
983 794 996 808 ·
1029 781 1217 852 ἐπειδὴ
1241 783 1540 854 θυμηδέστε
1551 805 1640 856 ρον
1664 792 1912 858 φαίνεται

334 863 412 933 τῷ
439 863 645 953 κλέπτῃ
673 867 963 939 ἐπιθυμεῖν
989 872 1096 924 τῶν
1128 874 1444 944 ἀλλοτρίων.
1481 880 1590 932 Kal
1620 882 1792 935 δοκῶν
1826 883 1915 955 θη-

339 948 518 1021 ρεύειν
549 956 620 1009 τὰ
661 958 734 1028 μὴ
763 960 951 1024 αὑτοῦ,
981 963 1278 1018 ἀπόλλυσιν
1306 965 1376 1020 τά
1408 969 1594 1023 αὑτοῦ.
1633 948 1911 1042 Συνῆπται

335 1045 392 1098 δὲ
427 1048 521 1100 καὶ
548 1051 616 1118 τῇ
653 1050 826 1122 κλοπῇ
857 1052 918 1105 τὸ
945 1053 1141 1120 ψεῦδος
1179 1058 1274 1111 καὶ
1304 1060 1336 1129 ἡ
1377 1065 1734 1130 συκοφαντία.
1775 1068 1913 1135 Φησὶ

335 1139 444 1210 γὰρ
476 1141 503 1192 6
541 1141 704 1212 νόμος
727 1159 741 1172 ·
780 1163 798 1195 ‹
842 1146 916 1198 Οὐ
953 1147 1194 1217 κλέψεις,
1224 1151 1285 1203 ού
1313 1151 1558 1220 ψεύσεις,
1589 1156 1711 1210 ούδέ
1753 1175 1915 1212 συκο-

337 1233 630 1300 φαντήσεις
661 1238 752 1286 τὸν
779 1235 1006 1305 πλησίον
1037 1256 1150 1293 σου.
1193 1259 1212 1292 ι
1251 1241 1311 1295 '0
1340 1243 1397 1295 66
1433 1244 1611 1317 Ἀχαρ
1640 1249 1692 1315 ιι,
1729 1267 1911 1320 παρα-

336 1322 503 1392 ϐάτης
529 1324 695 1395 νόμου
733 1329 827 1380 καί
864 1330 1086 1401 ἐντολῆς
1114 1334 1425 1404 γενόμενος,
1452 1338 1679 1410 ἔκλεψεν
1724 1345 1787 1396 ἐκ
1813 1345 1910 1398 τοῦ

335 1412 696 1508 ἀναθέματος,
714 1419 934 1491 ψελλὴν,
951 1425 1044 1476 καὶ
1060 1425 1316 1491 γλῶσσαν
1339 1432 1566 1502 χρυσῆν,
1589 1436 1681 1488 καί
1700 1435 1914 1508 δίδραγ-
1943 1478 1955 1488 .

337 1521 412 1594 μα
449 1505 736 1563 διακόσια⁶
785 1515 878 1566 καὶ
923 1514 1010 1568 διὰ
1053 1515 1150 1588 τὴν
1182 1519 1347 1572 αὐτοῦ
1399 1523 1674 1594 ἁμαρτίαν
1717 1528 1745 1580 6
1784 1505 1913 1592 λοιδς

333 1593 522 1662 ὤλετο,
563 1601 612 1652 εἰ
649 1601 724 1674 μὴ
755 1605 783 1656 6
835 1605 1092 1677 θεράπων
1133 1610 1341 1680 Ἰησοῦς
1369 1593 1600 1684 ἐϐόησεν
1634 1619 1770 1689 πρὸς
1796 1622 1912 1673 Κύ-

337 1704 470 1756 ριον,
503 1691 595 1744 καὶ
625 1692 788 1758 αὐτὸς
831 1696 1177 1768 ἐφανέρωσεν
1207 1703 1356 1774 αὐτῷ
1400 1706 1586 1762 αὐτόν.
1624 1709 1734 1762 Kal
1757 1708 1911 1764 εἰπεν

2013 527 2208 582 dicens
2241 546 2254 582 :
2291 528 2448 591 Jesu,
2484 536 2563 592 tu,
2598 529 2671 582 mi
2721 531 2974 598 Domine,
3012 533 3208 599 libera,
3241 551 3449 605 quaeso,
3482 555 3594 603 me,

2014 618 2222 671 utolim
2250 618 2498 674 liberasti
2520 618 2794 674 latronem
2823 636 2930 676 una
2956 630 3138 676 tecum
3161 626 3314 679 cruci
3343 627 3588 694 allixum,

2013 709 2146 764 Levi
2205 711 2431 780 insuper
2473 721 2529 766 et
2581 711 2904 767 Zacchaeum
2949 715 3308 783 publicanos?
3354 718 3592 774 Necesse

2013 803 2247 872 proinde
2306 803 2398 871 sit,
2448 805 2596 859 hunc
2637 805 2800 859 talem
2843 805 2910 859 ad
2971 807 3265 861 Dominum
3323 809 3595 880 lacrymas

2012 897 2346 966 praemittere
2400 908 2456 952 et
2504 897 2705 952 offerre
2749 915 2761 950 :
2815 898 3020 952 etenim
3072 900 3325 971 Iacrymaa
3362 902 3438 956 illi
3470 919 3596 972 per-

2013 1000 2175 1054 quam
2212 994 2451 1054 acceptaa
2489 993 2637 1040 sunt.
2666 986 2836 1040 Simul
2873 988 3022 1040 enim
3057 988 3203 1043 Deus
3227 1000 3288 1044 ut
3320 991 3479 1046 istius
3507 991 3593 1046 vi-

2014 1077 2105 1131 det
2145 1076 2547 1145 ptenitentiam,
2596 1077 2795 1130 bonam
2848 1092 2975 1131 mox
3009 1080 3216 1147 aspirat
3257 1080 3412 1134 cordi
3447 1082 3595 1153 cogi-

2016 1169 2315 1231 tationem,
2349 1173 2410 1220 ut
2449 1181 2518 1220 ne
2547 1168 2602 1220 in
2644 1175 2926 1236 posterum
2961 1168 3261 1237 quidquam
3293 1171 3432 1225 male
3457 1187 3592 1226 con-

2013 1255 2263 1323 cupiscat
2308 1267 2502 1310 eorum
2559 1271 2681 1324 qua:
2743 1256 2799 1309 in
2862 1257 3081 1324 peculio
3134 1267 3262 1313 sunt
3327 1261 3590 1329 proximi.

2019 1346 2232 1416 1093
2279 1345 2542 1416 Quisquis
2589 1348 2774 1417 igitur,
2822 1347 2891 1401 ab
2931 1348 3035 1402 hac
3071 1349 3260 1420 exlege
3298 1359 3354 1406 et
3399 1352 3592 1422 iniqua

2013 1433 2334 1507 operatione
2386 1454 2498 1492 non
2556 1454 2756 1510 magno
2813 1441 3108 1497 admodum
3163 1441 3384 1513 negOtio
3436 1445 3590 1514 cupit

2013 1533 2354 1602 emancipari
2399 1542 2457 1588 et
2501 1534 2758 1589 libertate
2795 1536 3028 1605 perfrui,
3071 1553 3203 1592 sane
3244 1540 3292 1593 is
3321 1554 3420 1608 per
3447 1541 3592 1595 elec-

2013 1636 2298 1692 mosynam
2334 1630 2391 1676 et
2429 1621 2796 1692 frugalitatem
2826 1624 2939 1678 sive
2966 1626 3363 1693 parcimoniam
3385 1627 3586 1692 victus,

2014 1728 2114 1782 per
2157 1713 2463 1767 orationem
2509 1721 2565 1766 et
2603 1713 2917 1768 futurorum
2947 1730 3100 1784 spem
3139 1716 3397 1771 neutrubi
3423 1719 3594 1773 vacil-

349 1778 558 1874 Ἰησοῦς
587 1798 601 1814 ’
641 1801 660 1834 ⁸
710 1784 776 1838 Τί
822 1787 905 1840 δτι
951 1788 1160 1856 ὤλεσας
1198 1795 1384 1864 ήμᾶςς
1429 1795 1808 1869 ἐξολοθρεύσαι
1852 1818 1912 1855 σε

2016 1806 2238 1871 Iantem,
2297 1804 2456 1860 facile
2483 1805 2597 1859 voti
2650 1804 2743 1859 fiet
2767 1820 3010 1874 compos.
3044 1804 3149 1871 Qui
3197 1815 3380 1861 autem
3409 1816 3593 1864 servat

283 1869 562 1964 .-K69toc.
611 1893 630 1927 ι
679 1879 790 1932 Kal
835 1881 1110 1937 ἀπέλαϐεν
1142 1886 1427 1958 ἰσόρροπον
1474 1890 1568 1944 τοῦ
1598 1892 1913 1964 κλέμματος

337 1961 438 2030 τῆς
482 1970 850 2040 παρανομίας.
907 1973 1318 2045 Ἐλιθοϐόλησεν
1365 1981 1474 2052 γὰρ
1523 1961 1837 2050 αὑτὸνπᾶς
1884 1990 1913 2041 6

338 2053 465 2119 λαδς
522 2057 619 2139 σὺν
677 2064 848 2115 πᾶσιν
900 2068 1011 2129 τοῖς
1051 2069 1236 2134 αὑτοῦ,
1273 2071 1368 2124 καὶ
1417 2073 1705 2128 ἀπέθανεν.
1737 2078 1847 2130 Kal
1885 2081 1914 2132 6

340 2147 622 2220 προφήτης
648 2152 925 2224 Ζαχαρίας
953 2158 1209 2227 περὶτῶν
1239 2161 1496 2215 τοιούτων
1530 2164 1714 2232 φησίν·
1754 2184 1773 2217 ‹
1803 2167 1914 2220 Kal

339 2241 708 2300 εἰσελεύσεται
750 2249 782 2318 ή
843 2251 953 2320 ἀρά
985 2253 1066 2315 εἰς
1097 2252 1191 2306 τὸν
1218 2251 1367 2308 οἷκον
1392 2256 1486 2309 τοῦ
1519 2258 1752 2312 κλέπτου
1773 2299 1789 2326 ,
1821 2259 1914 2314 καὶ

339 2333 418 2394 εἰς
440 2332 529 2386 τὸν
551 2332 699 2390 οἰκον
732 2338 823 2392 τοῦ
848 2341 1164 2410 ὀμνύοντος,
1207 2347 1302 2400 καὶ
1332 2348 1628 2402 καταλύσει
1662 2351 1722 2403 ὲν
1763 2351 1914 2422 μέσῳ

340 2423 525 2478 αὐτοῦ.
553 2445 572 2478 ι
609 2427 764 2499 Ἔχει
786 2429 842 2484 δὲ
869 2433 964 2485 καὶ
991 2436 1019 2487 6
1049 2435 1312 2508 κλέπτης,
1347 2439 1442 2491 καὶ
1473 2440 1566 2492 τὸν
1593 2441 1754 2512 ὅρκον
1785 2459 1914 2496 συν-

341 2516 692 2585 επισχύοντα,
723 2519 862 2575 ὥστε
889 2525 998 2576 πᾶν
1029 2525 1263 2597 κλέμμα
1293 2528 1562 2598 ἀνάθεμα.
1594 2531 1651 2584 Ὀ
1680 2531 1736 2584 δὲ
1766 2533 1914 2603 Παρ-

339 2611 631 2679 οιμιαστής
653 2627 667 2643 ·
704 2629 724 2664 ι
776 2613 962 2679 Ὁδοὺς
991 2617 1207 2672 ἀσεϐῶν
1239 2621 1313 2692 μὴ
1369 2622 1626 2696 ἐπέλθῃς,
1669 2624 1915 2679 ἔκκλινον

341 2697 435 2749 ἀπ’
465 2700 654 2771 αὐτῆς,
687 2704 782 2757 καὶ
807 2707 1169 2778 παράλλαξον.
1217 2730 1235 2763 ι
1292 2713 1541 2767 Ἀσέϐεια
1587 2715 1697 2786 γάρ
1744 2718 1911 2783 ἐστιν,

341 2789 410 2843 τὰ
459 2792 568 2846 τῶν
618 2795 796 2850 ἄλλων
837 2799 1244 2856 οἰκειώσασθαι.
1286 2805 1397 2857 Kal
1432 2805 1661 2874 ἐπάγει’
1696 2809 1759 2861 Εἰ
1806 2811 1914 2879 γὰρ

341 2881 669 2954 ἐπορεύοντο
733 2888 955 2956 τρίϐους
1005 2892 1238 2960 ἀγαθάς,
1294 2895 1528 2966 ε’ύροσαν
1577 2899 1644 2952 ἂν
1691 2899 1916 2972 τρίϐους

341 2976 708 3066 δικαιοσύνης.
740 2983 851 3035 Καὶ
887 2984 915 3036 6
967 2985 1179 3050 Παῦλος
1214 2990 1498 3058 παραινῶν
1521 3009 1686 3062 φησιν
1717 3009 1729 3023 ·
1763 3012 1780 3046 ι
1821 2995 1913 3066 Μὴ

2015 1899 2210 1968 legem,
2264 1898 2454 1968 utique
2502 1897 2571 1950 ab
2629 1912 2695 1950 eo
2737 1897 3045 1966 protegitur
3087 1905 3145 1951 et
3188 1905 3443 1952 servatur
3491 1897 3590 1967 qui

2015 1992 2195 2047 sanxit
2239 1991 2437 2061 legem,
2482 1989 2721 2044 Christo.
2760 1989 2838 2043 Ne
2872 1989 3062 2059 igitur,
3102 1989 3416 2044 charissilni
3456 2005 3594 2044 cun-

2015 2093 2229 2139 ctemur
2260 2083 2328 2137 ab
2359 2083 2465 2136 hoc
2489 2097 2587 2152 per
2616 2095 2673 2135 se
2702 2079 2962 2150 pudendo
2985 2090 3040 2135 et
3081 2080 3447 2150 ignominioso
3491 2081 3590 2137 de-

2014 2176 2235 2238 decore,
2264 2189 2429 2243 quam
2458 2172 2712 2226 ocissime
2736 2171 3094 2239 emancipari.
3139 2171 3265 2224 Htec
3294 2170 3444 2224 enim
3474 2171 3594 2224 ani-

2015 2265 2090 2319 mi
2113 2264 2384 2335 aegritudo
2409 2263 2655 2317 insidens
2678 2263 2862 2316 animo
2893 2262 3086 2326 semel,
3112 2263 3181 2315 ab
3209 2276 3276 2316 eo
3304 2262 3591 2332 aegerrime

2015 2375 2073 2415 se
2099 2359 2234 2413 sinit
2263 2358 2447 2420 avelli,
2489 2371 2614 2411 cum
2653 2355 2742 2409 fur
2771 2355 2980 2419 credat,
3014 2353 3373 2423 cupiditatem
3412 2353 3592 2412 aliena

2016 2450 2316 2520 suppilare,
2339 2465 2456 2504 rem
2493 2463 2615 2502 esse
2649 2462 2982 2518 magnopere
3007 2445 3468 2515 expetendam'ac
3491 2443 3592 2497 de-

2014 2541 2324 2597 lectabilem
2361 2557 2375 2594 :
2413 2539 2541 2593 inde
2566 2538 2625 2592 fit
2647 2548 2724 2602 ut,
2753 2552 2877 2592 cum
2908 2537 3130 2592 videtur
3158 2551 3270 2589 non
3297 2550 3396 2590 sua
3419 2549 3592 2589 vena-

2017 2643 2194 2688 torum
2239 2647 2390 2686 more
2427 2629 2754 2694 consectari,
2777 2644 2900 2697 qua
2943 2627 3026 2682 sui
3064 2635 3196 2680 sunt
3227 2626 3370 2696 juris
3399 2624 3593 2694 perdat

2015 2726 2201 2779 miser.
2233 2722 2402 2777 Furto
2433 2720 2782 2776 mendacium
2809 2727 2972 2789 atque
3003 2717 3277 2773 calumnia
3307 2717 3426 2787 pari
3459 2717 3592 2787 jugo

2016 2816 2470 2871 confmderantur
2509 2832 2521 2867 :
2576 2813 2851 2881 siquidem
2891 2812 2978 2866 lex
3008 2811 3086 2864 ait
3118 2827 3132 2864 :
3165 2829 3182 2861 ι
3222 2810 3343 2864 Νοη
3381 2809 3592 2864 furtum

2016 2906 2206 2966 facies,
2225 2920 2336 2959 non
2361 2902 2667 2968 mentieris,
2693 2917 2803 2955 non
2829 2901 3260 2976 caluimniaberis
3278 2900 3590 2968 proximum

2020 3003 2174 3048 tuum
2204 2995 2271 3047 ”.
2318 3012 2334 3044 ι
2369 2992 2551 3047 Achar
2590 2991 2680 3045 ille
2715 2991 2941 3044 sancitee
2980 2989 3116 3060 legis
3145 2989 3304 3043 istius
3342 3003 3405 3042 ac
3436 3002 3593 3040 man-

339 3065 510 3120 δίδοτε
545 3068 708 3124 τόπον
743 3071 820 3142 τῷ
848 3073 1112 3143 διαϐόλῳο
1149 3077 1177 3129 6
1226 3078 1498 3143 κλέπτων,
1549 3083 1746 3151 μηκέτι
1786 3065 1911 3136 κλεέ

2021 3086 2134 3140 dati
2192 3083 2580 3154 praevaricator
2625 3081 2821 3146 factus,
2871 3079 3085 3134 furatus
3119 3087 3204 3133 est
3253 3095 3320 3132 ex
3359 3079 3592 3133 anathe-

343 3158 539 3224 πτέτω,
585 3161 784 3229 μᾶλλον
813 3163 869 3216 δέ
895 3166 1161 3232 κοπιάτω,
1203 3168 1572 3238 ἐργαζόμενος
1604 3175 1724 3235 ταῖς
1757 3173 1915 3236 ἰδίαις

344 3253 527 3321 χερσὶν
565 3253 624 3306 τὸ
653 3255 894 3323 ἀγαθὸν,
955 3257 1039 3312 ἵνα
1076 3257 1174 3329 ἔχῃ
1227 3261 1569 3330 μεταδιδόναι
1609 3261 1686 3333 τῷ
1725 3265 1916 3334 χρείαν

339 3341 536 3415 ἔχοντι.
589 3363 608 3396 ι
651 3347 758 3399 Kal
807 3347 983 3412 αὖθις·
1036 3366 1055 3400 ι
1119 3350 1300 3418 Ἔγνω
1351 3351 1553 3423 Κύριος
1591 3354 1717 3418 τοὺς
1759 3354 1917 3418 ὄντας

341 3435 529 3490 αὐτοῦ.
562 3455 580 3488 ι
607 3437 734 3490 Καί·
765 3459 781 3489 ι
807 3439 1125 3511 Ἀποστήτω
1159 3443 1267 3494 ἀπὺ
1293 3442 1504 3508 ἀδικίας
1530 3446 1640 3508 πᾶς
1670 3448 1697 3498 ὁ
1720 3446 1918 3516 ὀνομά-

342 3522 451 3588 ζων
475 3527 536 3579 τὺ
566 3527 738 3598 ὄνομα
772 3531 1002 3600 Κυρίου.
1047 3551 1065 3583 ι
1118 3532 1228 3584 Kal
1255 3533 1545 3604 ἐπιφέρει·
1591 3554 1611 3587 ι
1671 3536 1798 3589 Ἐὰν
1824 3537 1917 3590 οὖν

343 3615 625 3687 ἐκκαθάρῃ
670 3635 754 3681 τις
782 3621 976 3674 ἑαυτὸν
1005 3622 1114 3675 ἀπὸ
1151 3621 1393 3687 τούτων,
1431 3624 1586 3677 ἔσται
1615 3626 1806 3691 σκεῦος
1839 3629 1919 3690 εἰς

342 3705 506 3777 τιμὴν
535 3709 892 3778 ἡγιασμένον.
931 3730 950 3764 ι
985 3713 1094 3766 Kal
1119 3714 1423 3767 ἐπιστέλλει
1448 3713 1525 3785 τῷ
1548 3716 1712 3783 Τίτῳ·
1743 3735 1760 3767 ι
1789 3717 1920 3769 Δού-

344 3795 471 3860 λους
498 3797 791 3864 δεσπόταις
825 3800 974 3864 ἰδίοις
1005 3802 1411 3858 ὑποτάσσεσθαι
1437 3806 1494 3858 ἐν
1517 3805 1705 3870 πᾶσιν,
1725 3807 1920 3878 εὐαρέ-

343 3887 697 3956 στουςμεῖναι,
745 3911 764 3944 ι
813 3894 886 3965 μὴ
928 3895 1331 3963 ἀντιλέγοντας,
1366 3896 1440 3968 μὴ
1470 3899 1915 3968 νοσφιζομένους,

344 3983 479 4037 ἀλλὰ
518 3985 699 4037 πᾶσαν
747 3984 930 4039 πίστιν
981 3987 1423 4057 ἐνδεικνυμένους
1452 3988 1684 4060 ἀγαθήν.
1715 3992 1778 4044 Εἰ
1809 3993 1918 4063 γὰρ

345 4077 410 4130 ἐκ
443 4076 552 4129 τῶν
596 4077 814 4131 οἰκείων
853 4079 1242 4149 νοσφισάμενοι
1264 4119 1279 4144 ,
1315 4081 1557 4135 τοιοῦτον
1590 4079 1747 4146 τέλος
1773 4084 1917 4156 ἀπη-

345 4169 630 4236 νέγκαντο,
685 4167 936 4232 ’Δνανίας
967 4169 1062 4222 καὶ
1093 4171 1382 4242 Σάπφειρα
1413 4172 1484 4243 (οἰ
1509 4175 1566 4226 ὲν
1595 4175 1718 4236 ταῖς
1767 4175 1919 4245 Πρά-

348 4259 517 4327 ξεσιν,
550 4278 622 4329 φη
633 4260 738 4331 μὶ),
768 4261 919 4330 πόσῳ
955 4261 1154 4329 μᾶλλον
1181 4264 1229 4315 οἰ
1252 4264 1317 4316 ἐκ
1340 4263 1452 4317 τῶν
1479 4264 1772 4335 ἀλλοτρίων
1798 4283 1812 4333 ;
1848 4265 1920 4318 Τὸ

349 4352 454 4420 γὰρ
509 4352 734 4421 κλέμμα
788 4352 1058 4422 σύμϐολόν
1105 4354 1253 4406 ἐστιν
1302 4355 1398 4407 τοῦ
1453 4356 1784 4423 ἀφίστασθαι
1821 4359 1920 4427 τῆς

2019 3182 2162 3230 male
2199 3173 2438 3227 militare
2485 3171 2708 3240 pallium
2747 3163 2804 3223 et
2849 3170 3090 3238 linguam
3131 3183 3356 3222 auream
3387 3176 3445 3222 et.
3491 3167 3594 3221 du-

2018 3274 2207 3322 centas
2247 3263 2601 3318 didrachmas
2633 3280 2646 3315 :
2685 3271 2850 3330 atque
2882 3260 2954 3313 ob
2991 3260 3097 3313 hoc
3137 3267 3426 3328 peccatum
3461 3273 3594 3327 per-

1985 3360 2159 3413 ierat
2211 3357 2472 3427 p0pulus,
2541 3355 2648 3409 nisi
2715 3353 2882 3408 Josue
2933 3351 3176 3405 famulus
3231 3350 3448 3403 Domini
3523 3348 3591 3404 ad

2017 3451 2190 3505 Deum
2242 3449 2469 3518 supplex
2510 3447 2890 3500 exclamasset.
2923 3443 2992 3496 At
3039 3442 3130 3496 hic
3181 3441 3390 3495 furtum
3430 3456 3592 3495 suum

2019 3537 2264 3608 prodidit
2315 3537 2500 3598 Josue,
2537 3535 2632 3604 qui
2676 3543 2732 3587 et
2779 3531 2960 3585 dixit:
3001 3549 3020 3581 ι
3058 3529 3128 3585 Ut
3168 3529 3303 3599 quid
3353 3528 3591 3582 turbasti

2020 3630 2152 3683 nos?
2203 3627 2461 3682 exturbet
2511 3634 2564 3679 te
2624 3620 2971 3678 Dominus”.
3017 3639 3034 3670 ι
3082 3621 3322 3688 Ecquem
3385 3619 3594 3688 recepit

2019 3719 2261 3781 fructum
2289 3718 2368 3777 de
2408 3716 2555 3769 furto
2605 3710 3117 3783 praevaricationis?
3163 3709 3298 3764 Cum
3333 3710 3592 3764 universo

2021 3811 2292 3882 siquidem
2321 3809 2536 3880 peculio
2571 3807 2686 3875 ipse
2724 3803 3027 3867 intercidit,
3057 3817 3120 3856 ac
3147 3809 3398 3855 mortuus
3421 3808 3528 3864 est,
3560 3816 3591 3855 a

2021 3904 2225 3974 populo
2274 3899 2555 3970 appetitus
2629 3896 2927 3966 lapidibus.
2959 3893 3252 3948 Zacharias
3296 3893 3588 3962 propheta,

2019 3996 2087 4051 de
2113 3992 2382 4065 ejusmodi
2407 4009 2420 4044 :
2455 4009 2472 4041 (
2502 3991 2570 4044 Et
2593 3987 2934 4058 ingredietur
2955 3983 3266 4039 maledictio
3289 3985 3344 4036 in
3368 3984 3592 4038 domum

2020 4088 2177 4150 furis,
2205 4095 2261 4139 et
2298 4085 2353 4138 in
2390 4084 2612 4137 domum
2637 4079 2895 4150 jurantis,
2935 4085 2991 4132 et
3019 4075 3234 4131 eversio
3265 4075 3357 4130 ﬁet
3387 4076 3445 4128 in
3474 4091 3594 4131 mc-

2021 4180 2114 4234 dio
2135 4179 2328 4232 domus
2361 4177 2576 4230 illorum
2590 4175 2656 4227 ’5.
2697 4193 2715 4226 ›
2743 4171 2918 4230 Habet
2942 4170 3088 4226 enim
3114 4168 3202 4223 fur
3217 4170 3590 4239 juramentum

2021 4285 2132 4340 quo
2177 4285 2235 4324 se
2265 4268 2422 4323 fulcit
2452 4281 2516 4321 ac
2559 4265 2757 4319 ﬁrmat.
2794 4263 2979 4333 Itaque
3008 4261 3220 4316 furtum
3261 4276 3424 4316 omne
3469 4277 3596 4316 ana-

2022 4364 2203 4418 thema
2233 4363 2344 4416 εει..
2389 4357 2772 4414 Paruamiastes
2813 4373 2826 4408 :
2867 4373 2885 4406 ι
2917 4354 2996 4408 Ad
3027 4353 3143 4407 vias
3179 4353 3478 4421 impiorum
3522 4369 3591 4406 ne

349 4442 608 4514 ἀληθείας
631 4459 645 4473 ·
685 4439 887 4514 μᾶλλον
910 4445 966 4498 δὲ
990 4445 1081 4498 καὶ
1111 4445 1212 4515 τῆς
1245 4446 1569 4518 δεσποτικῆς
1601 4449 1913 4518 προδοσίας.

2024 4452 2343 4516 accesseris,
2374 4449 2469 4504 sed
2516 4445 2732 4503 declina
2765 4445 2833 4500 ab
2860 4444 2941 4500 eis
2961 4453 3021 4497 et
3050 4443 3271 4497 discede
3296 4442 3360 4495 ".
3399 4462 3418 4494 ι
3449 4442 3590 4497 Sane

349 4536 662 4605 Γέγραπτα,
717 4537 828 4606 γὰρ
880 4537 939 4589 ἐν
979 4537 1058 4608 τῷ
1094 4537 1238 4590 κατὰ
1278 4537 1533 4609 Ἰωάννην
1575 4540 1917 4612 Εὐαγγελίῳο

357 4645 374 4676 ι
415 4625 580 4692 Λέγει
607 4620 700 4678 οὖν
743 4621 824 4688 εἷς
847 4627 913 4679 ἐκ
956 4627 1063 4680 τῶν
1093 4627 1386 4697 μαθητῶν,
1439 4628 1638 4692 Ἰούδας
1685 4632 1866 4702 Σίμων
1895 4635 1922 4685 ὁ

364 4712 736 4783 Ἰσκαριώτης·
791 4715 891 4768 Διὰ
946 4715 999 4768 τί
1049 4717 1208 4770 τοῦτο
1247 4717 1308 4770 τὸ
1359 4716 1530 4788 μύρον
1561 4720 1661 4772 οὐκ
1707 4719 1920 4791 ἐπράθη

352 4806 680 4873 τριακοσίων
721 4805 995 4876 δηναρίων
1022 4847 1036 4870 ,
1075 4807 1167 4862 καὶ
1213 4808 1367 4879 ἐδόθη
1428 4814 1700 4881 πτωχοϊς;
1753 4807 1922 4865 Εἶπεν

351 4898 407 4952 δὲ
444 4897 639 4961 τοῦτο,
683 4898 780 4968 οὐχ
810 4899 890 4951 ὅτι
920 4900 1048 4970 περί
1081 4900 1190 4953 τῶν
1237 4901 1466 4972 πτωχῶν
1508 4901 1698 4973 ἔμελεν
1747 4904 1921 4974 αύτῷ,

352 4986 467 5041 ἀλλ’
495 4989 578 5041 ὅτι
620 4987 860 5056 κλέπτης
889 4985 977 5060 ἦν,
1005 4991 1101 5044 xal
1131 4991 1190 5045 τὸ
1215 4991 1600 5064 γλωσσόκομον
1631 4995 1796 5065 ἔχων,
1831 4997 1924 5050 καὶ

353 5078 422 5132 τὰ
448 5078 750 5150 βαλλόμενα
777 5079 1098 5146 ἐϐάσταζεν.
1138 5101 1156 5134 ι
1208 5084 1271 5136 'O
1299 5082 1355 5135 66
1385 5084 1587 5152 Κύριος
1647 5087 1922 5155 μακροθύ-

360 5189 472 5243 μως
515 5171 693 5227 πάντα
731 5173 947 5245 ἔφερεν.
978 5177 1135 5247 Αὐτῷ
1176 5178 1233 5248 ἡ,
1257 5177 1383 5242 δόξα
1412 5179 1489 5241 εἰς
1525 5180 1650 5242 τοὺς
1697 5181 1919 5245 αἰῶνας.

369 5261 561 5333 Ἀμήν,
641 5306 648 5313 .

460 5413 702 5490 οδ-Εχοιί.
728 5413 925 5490 xx,l5,
945 5411 1098 5490 l6.”
1127 5419 1291 5490 εἰοευο
1316 5439 1401 5490 vn,
1439 5423 1527 5478 25.

362 5483 407 5513 “'
430 5484 470 5538 11
505 5484 643 5568 Tim.
684 5500 718 5537 ll
752 5525 765 5548 ,
796 5487 879 5541 l9.
957 5489 1002 5519 ”
1037 5489 1172 5542 ibid.

1629 5424 1674 5456 ⁸⁸
1713 5424 1940 5480 Zachar.
1975 5442 2027 5490 v,
2075 5425 2130 5480 5.

2021 4542 2320 4612 impietatis
2347 4547 2431 4594 est
2461 4539 2566 4593 sibi
2610 4537 2891 4590 vindicare
2928 4551 3050 4604 quae
3087 4534 3252 4587 alieni
3281 4534 3588 4602 suntjuris.

2021 4634 2076 4689 Si
2107 4634 2256 4688 enim
2299 4631 2390 4686 isti
2434 4637 2579 4683 recta
2615 4627 2846 4697 ingressi
2885 4626 3138 4686 fuissent,
3189 4622 3449 4676 nimirum
3503 4623 3591 4676 in—

2019 4722 2300 4777 venissent
2355 4718 2579 4774 semitas
2638 4715 2882 4786 iustitiae.
2935 4714 3064 4768 Jure
3115 4712 3280 4781 igitur
3331 4711 3590 4765 admonet

2021 4814 2266 4868 Paulus:
2305 4830 2323 4862 ι
2377 4810 2455 4864 Ne
2494 4807 2756 4864 dederitis
2787 4808 2964 4860 locum
2996 4799 3214 4858 diabolo
3247 4823 3260 4856 ι
3296 4802 3390 4872 qui
3435 4801 3588 4856 fura-

2024 4903 2206 4967 batur,
2237 4903 2347 4972 jam
2379 4915 2447 4953 ne
2479 4898 2718 4962 furetur;
2759 4894 2930 4965 magis
2957 4903 3137 4948 autem
3189 4893 3424 4955 laboret,
3457 4907 3590 4961 ope-

2023 5011 2152 5050 rans
2183 4995 2298 5049 suis
2328 4993 2581 5048 manibus
2605 4991 2749 5061 quod
2772 4990 2975 5044 bonum
3004 4996 3107 5051 cst,
3140 4996 3199 5040 ut
3221 4987 3418 5040 habeat
3451 4985 3596 5038 unde

2025 5088 2230 5142 tribuat
2282 5086 2668 5141 necessitatem
2709 5083 3020 5138 habenti”.
3071 5099 3089 5132 ι
3134 5081 3386 5150 Rursus:
3433 5078 3592 5131 Novit

2022 5179 2290 5233 Dominus
2330 5178 2425 5247 qui
2471 5187 2599 5232 sunt
2637 5177 2842 5247 ejus".
2888 5175 2953 5228 Et
2988 5190 3001 5226 :
3042 5159 3368 5225 «'Abscedat
3396 5169 3464 5222 ab
3495 5168 3606 5221 ini-

2022 5271 2234 5341 quitate
2255 5271 2435 5326 omnis
2462 5271 2557 5340 qui
2593 5269 2840 5324 nominat
2869 5279 3070 5319 nomen
3116 5261 3418 5316 Domini”.
3455 5280 3473 5311 ι
3528 5261 3595 5314 Ει

2228 5427 2274 5458 ’⁸
2300 5426 2462 5482 Prov.
2518 5441 2591 5490 Iv,
2635 5423 2722 5488 14,
2767 5421 2854 5476 l5.
2971 5420 3016 5454 ⁸⁷
3043 5417 3245 5487 Ephcs.
3273 5432 3342 5482 tv,
3377 5415 3466 5481 27,
3499 5414 3592 5468 ΞΒ.

1640 5600 1872 5656 VARUE
1915 5600 2316 5659 LECTIONES.

436 5686 462 5729 δ
498 5687 696 5759 Ἀχαρ,
730 5688 838 5756 dic,
870 5691 1089 5745 Aeliam.
