3986 6148
464 274 610 338 1583
956 328 959 333 ,
1705 274 2071 337 ANTIOCHI
2110 276 2457 337 MONACHI

468 386 638 440 infert
673 402 686 439 :
718 403 736 436 ι
767 381 824 440 Si
856 381 983 454 quis
1010 380 1177 454 igitur
1203 395 1262 437 se
1299 380 1685 439 emundaverit
1743 383 1813 439 ab
1839 383 1946 447 his,
1977 383 2084 439 erit
2120 399 2217 441 vas
2261 386 2316 440 in
2364 386 2637 440 honorem
2698 385 3101 442 sanctiﬁcatum
3127 386 3167 441 ί.
3223 405 3244 441 ι
3285 388 3399 444 Per
3435 387 3713 459 EpiStolam

465 475 622 547 jubet
651 487 710 532 et
742 476 869 533 Tito
916 494 931 530 :
970 494 989 527 ι
1021 474 1179 531 Servi
1215 482 1275 529 ut
1299 473 1410 530 sint
1436 474 1680 530 dominis
1717 476 1834 531 suis
1862 477 2095 548 subjecti
2126 481 2171 544 ',
2202 497 2222 530 ι
2257 488 2428 549 utque
2455 477 2511 531 in
2578 480 2839 535 omnibus
2905 480 3020 535 sint
3052 481 3215 552 grati,
3278 497 3395 536 non
3456 482 3582 536 item
3605 499 3715 537 con-

464 570 826 631 tradicentes.
854 584 970 624 non
990 569 1261 633 furantes,
1301 558 1484 623 sed'ut
1508 583 1727 624 omnem
1751 567 1915 623 (idem
1946 567 2326 623 demonstrent
2356 571 2577 627 bonam.
2609 573 2667 628 Si
2695 574 2844 628 enim
2909 575 3004 646 qui
3065 590 3135 631 ex
3199 577 3431 647 prmdiis
3501 578 3714 648 propriis

468 662 853 732 suppilarunt,
898 660 1062 716 talem
1110 665 1465 728 reportarunt
1506 674 1577 714 ex
1625 658 1775 713 furto
1830 657 2041 712 exitum
2078 658 2367 728 (Ananiam
2398 661 2526 716 dico
2591 670 2648 715 et
2710 661 3000 732 Saphiram
3023 664 3064 729 ⁸;
3113 672 3175 718 ιιι
3214 666 3270 718 ἱη
3301 667 3711 735 apostolicorum

470 753 707 810 Actuum
753 754 984 809 historia
1036 753 1316 822 proditum
1363 753 1494 822 est),
1544 762 1752 822 quanto
1801 751 2046 806 atrocius
2081 750 2207 805 illos
2237 761 2423 807 manet
2480 754 2834 823 supplicium,
2871 755 2968 825 qui
3007 770 3075 810 ex
3132 755 3314 811 alieno
3343 756 3635 824 compilant
3667 765 3713 812 et

470 844 741 899 arrodunt
773 843 1037 914 peculio?
1073 842 1357 913 Ejusmodi
1421 843 1570 897 enim
1624 840 1829 895 furtiva
1860 840 2179 909 compilatio
2217 843 2432 910 pararia
2468 853 2554 898 est
2601 843 2818 898 consilii
2853 859 2965 913 quo
3020 844 3090 899 ab
3123 845 3242 914 ipsa
3303 845 3535 901 deficias
3590 849 3714 902 veri-

468 947 607 999 tate.
655 940 828 1009 magis
871 946 1055 994 autem
1096 948 1295 994 auctor
1346 938 1647 993 Dominica:
1687 936 2038 1008 proditionis.
2084 936 2361 1007 Scriptum
2389 940 2595 1010 quippe
2627 949 2712 995 est
2771 941 2825 995 in
2884 940 3111 997 Joannis
3139 941 3444 1012 Evangelio
3479 961 3493 997 :
3531 943 3715 1016 ιοθᾷ

480 1052 499 1086 ι
537 1032 682 1088 Dicit
713 1033 880 1103 igitur
907 1049 1050 1088 unus
1067 1048 1134 1087 ex
1156 1032 1445 1103 discipulis
1504 1033 1678 1102 ipsius
1737 1032 1910 1088 Judas
1939 1030 2183 1085 Simonis
2216 1031 2306 1087 ille
2345 1033 2637 1090 lscariotes
2667 1051 2681 1088 :
2707 1055 2725 1086 ι
2767 1035 2969 1105 thuid
3008 1044 3353 1107 unguentum
3426 1037 3572 1092 istud
3622 1053 3712 1092 non

477 1125 650 1181 veniit
684 1125 944 1179 trecentis
965 1125 1226 1189 denariis,
1250 1133 1308 1179 et
1326 1125 1514 1179 datum
1553 1131 1638 1178 est
1657 1122 2046 1194 pauperibus?
2084 1121 2233 1177 Dixit
2253 1135 2436 1179 autem
2465 1123 2594 1190 hoc,
2629 1140 2742 1180 non
2809 1127 2938 1196 quia
2977 1127 3047 1182 de
3103 1128 3452 1198 pauperibus
3494 1145 3617 1183 cura
3648 1131 3710 1184 illi

474 1225 614 1282 erat,
664 1218 761 1273 sed
796 1218 924 1287 quia
963 1217 1052 1271 fur
1090 1226 1209 1272 erat
1247 1225 1303 1273 et
1375 1217 1589 1273 loculos
1656 1215 1916 1279 habebat,
1958 1222 2015 1269 et
2053 1228 2117 1269 ea
2155 1231 2277 1284 quae
2305 1218 2703 1283 mittebantur,
2734 1219 3060 1304 exportabat
3090 1220 3133 1274 *.
3184 1239 3202 1272 ι
3236 1221 3513 1278 Dominus
3553 1232 3712 1277 autem

479 1309 618 1364 nihil
664 1322 773 1364 non
816 1307 1131 1379 perferebat
1164 1308 1572 1379 longanimiter.
1597 1306 1715 1378 .lpsi
1770 1304 1943 1377 gloria
1995 1304 2052 1358 in
2092 1308 2291 1361 saacula
2325 1309 2673 1363 saeculorum.
2703 1310 2897 1363 Amen.

1029 1417 1315 1476 HOMlLlA
1344 1418 1508 1475 XLII.
2086 1422 2133 1477 Α

1063 1531 1142 1586 De
1175 1533 1467 1588 mendacio.

2754 1424 2974 1476 ΛΟΓΟΣ
3009 1425 3146 1478 MB'.

2711 1536 2852 1604 Περὶ
2884 1536 3177 1604 ψεύδους.

554 1643 902 1702 Mendacium
937 1661 1165 1716 prorsus
1202 1644 1561 1702 interdictum
1593 1644 1923 1703 Christianis
1952 1652 2058 1699 est.

483 1737 557 1795 Ut
582 1739 731 1792 enim
756 1753 883 1792 vera
919 1738 1014 1807 qui
1060 1738 1326 1806 loquitur,
1364 1738 1521 1793 verbi
1546 1738 1797 1793 veritatis
1820 1753 1880 1793 se
1920 1736 2060 1791 nihil

479 1828 721 1882 obscure
754 1827 1000 1881 declarat
1022 1843 1144 1884 esse
1166 1844 1421 1897 servum;
1446 1831 1522 1885 ita
1549 1830 1644 1900 qui
1669 1846 1765 1885 ore
1788 1829 1924 1884 nihil
1953 1829 2059 1883 du-

483 1919 628 1973 bitat
670 1919 958 1974 mendacia
985 1920 1331 1990 depromere,
1380 1924 1688 1992 mancipem
1721 1938 1780 1978 se
1811 1937 1933 1977 esse
1959 1920 2062 1976 de-

483 2020 757 2066 monstrat
781 2013 936 2067 verbi
975 2015 1290 2081 mendacis;
1322 2017 1496 2087 magis
1526 2030 1660 2071 vero
1705 2017 1879 2086 patris
1906 2031 2061 2071 men-

488 2103 639 2159 dacis
676 2121 695 2165 :
747 2124 765 2156 ι
802 2105 849 2161 Α
875 2122 984 2176 quo
1035 2109 1182 2162 enim
1209 2111 1335 2179 quis
1366 2110 1546 2166 victus
1599 2118 1703 2175 est,
1734 2111 1867 2166 huic
1896 2120 1954 2165 et
2004 2110 2061 2165 in

2172 2105 2384 2159 πλείονα
2416 2106 2527 2159 τῶν
2554 2105 2732 2160 ἄλλων
2763 2105 2952 2159 παθῶν
2982 2106 3359 2175 αἰσθανόμεθα
3385 2106 3467 2160 ὅτι
3497 2107 3710 2176 ἁμαρτία

484 2197 808 2252 servitutem
846 2200 1115 2271 redigitur
1142 2204 1184 2265 ⁵,
1226 2222 1245 2254 ›
1275 2204 1353 2256 ait
1376 2203 1593 2258 Petrus.
1636 2201 1776 2257 Sunt
1797 2202 1945 2257 enim
1971 2202 2059 2256 in-

2172 2198 2332 2263 ὲστὶν,
2360 2198 2420 2251 τὸ
2453 2198 2509 2252 δὲ
2552 2196 2746 2267 ψεῦδος
2777 2199 2843 2251 ὲκ
2874 2197 2968 2252 τοῦ
2997 2198 3167 2252 αὐτοῦ
3208 2199 3565 2270 ἐνδελεχίζειν
3607 2197 3709 2250 οὐδὲ

490 2295 575 2341 ter
603 2289 800 2343 animae
831 2290 1058 2346 vitiosas
1091 2291 1413 2348 aﬂ'ectiones
1440 2295 1718 2364 pleraeque
1748 2296 1890 2361 aliae,
1923 2310 2062 2365 quas

2172 2290 2325 2358 ίσμεν
2351 2305 2364 2320 ⁸
2403 2289 2485 2343 ότι
2533 2287 2770 2357 χαλεπὸν
2819 2290 2915 2343 καὶ
2950 2289 3193 2361 ὀλέθριόν
3235 2292 3411 2345 ἐστιν.
3456 2293 3598 2345 Πάνυ
3623 2290 3711 2360 γὰρ

488 2379 576 2433 vel
607 2378 727 2448 ipso
759 2390 971 2436 naturae
1006 2398 1172 2438 sensu
1214 2383 1681 2454 deprehendimus
1717 2402 1839 2442 esse
1862 2402 2061 2455 pecca-

2172 2379 2318 2451 παρά
2349 2383 2416 2451 τῇ
2452 2380 2573 2449 θείᾳ
2606 2380 2802 2450 Γραφῆ
2834 2382 3232 2452 ἀπηγόρευται,
3258 2384 3360 2436 καὶ
3400 2383 3543 2437 ἔστιν
3573 2385 3710 2453 χαλε-

488 2478 584 2536 ta;
627 2470 979 2526 mendacium
1023 2480 1206 2529 autem
1234 2515 1248 2539 ,
1296 2475 1386 2530 ubi
1439 2476 1759 2531 assiduitate
1804 2478 2064 2533 occalluit

2172 2470 2413 2540 πῶτερον
2440 2471 2657 2527 πάντων
2683 2470 2794 2526 τῶν
2825 2472 3037 2526 παθῶν.
3073 2472 3287 2541 ’Ὠσπερ
3313 2474 3430 2546 γὰρ
3474 2474 3532 2527 τὸ
3564 2473 3710 2543 στόμα

486 2569 655 2629 atque
700 2561 949 2617 induruit
979 2578 1096 2629 ,_ne
1128 2580 1271 2619 unus
1311 2564 1533 2634 quidem
1580 2566 1858 2639 intelligit,
1897 2584 2061 2639 quam

2172 2562 2259 2618 τοῦ
2302 2562 2575 2634 ἀψεύστου
2603 2564 2890 2632 ἁγιάζεται
2932 2566 2999 2619 ἐκ
3048 2565 3146 2634 τῆς
3179 2565 3440 2635 ἀληθείας
3482 2568 3499 2636 (
3531 2584 3549 2618 ‹
3594 2563 3711 2633 Ἐγὼ

491 2651 563 2707 sit
608 2652 722 2708 haec
782 2652 952 2708 animi
1002 2654 1270 2725 aegritudo
1316 2657 1578 2723 molesta,
1631 2659 1743 2715 imo
1799 2661 2059 2718 exitialis.

2172 2657 2275 2728 γάρ
2314 2659 2429 2727 είμι
2464 2659 2499 2727 ἡ
2534 2657 2785 2726 ἀλήθεια,
2824 2659 2990 2726 φησὶν
3012 2660 3040 2711 ό
3069 2656 3276 2728 Κύριος
3306 2676 3328 2709 ι
3360 2658 3416 2730 )·
3444 2656 3605 2720 οὕτως
3634 2673 3712 2726 μο⁴

492 2741 724 2799 Prorsus
764 2746 1048 2803 sanctione
1084 2748 1285 2804 divina:
1325 2750 1623 2820 Scriptura:
1674 2754 2063 2809 interdicimur

2172 2750 2383 2802 λύνεται
2421 2750 2450 2802 ό
2484 2748 2815 2819 ψευδόμενος
2844 2749 2909 2801 ὲκ
2948 2748 3044 2802 τοῦ
3071 2749 3280 2818 πατρὸς
3308 2749 3477 2802 αὐτοῦ
3504 2748 3593 2802 τοῦ
3615 2748 3709 2800 δια-

489 2833 802 2889 mendacio.
845 2835 941 2892 Est
969 2838 1117 2892 enim
1163 2841 1375 2895 caeteris
1403 2844 1913 2910 perturbationibus
1942 2847 2063 2900 ani-

2172 2841 2342 2894 δόλου.
2386 2840 2459 2893 Τὸ
2486 2840 2594 2912 γὰρ
2619 2838 2814 2909 ψεῦδος
2841 2840 2907 2893 ὲκ
2931 2839 3028 2892 τοῦ
3061 2838 3299 2909 πονηροῦ
3347 2836 3484 2892 εἶναι
3509 2835 3709 2905 σαφῶςό

491 2940 596 2979 mae
618 2940 726 2980 non
747 2928 906 2996 paulo
932 2930 1055 2998 plus
1078 2930 1316 2986 aﬂerens
1333 2934 1598 2989 molestia:
1620 2944 1784 3005 atque
1810 2938 2060 3005 periculi.

2172 2934 2368 3003 Κύριος
2395 2932 2658 2986 διδάσκει.
2687 2932 2751 3015 V'O
2773 2928 2865 2985 οὖν
2890 2931 3118 3000 ἀγαπῶν
3148 2933 3243 3002 τὴν
3274 2930 3551 3003 ἀλήθειαν,
3578 2929 3709 2998 δῆλον

503 3036 520 3068 ι
570 3016 683 3088 Ego
711 3018 860 3072 enim
891 3035 1033 3085 sum,
1066 3022 1143 3076 ait
1165 3023 1452 3087 Dominus.
1489 3027 1694 3081 veritas
1715 3037 1771 3081 et
1803 3029 1911 3083 vita
1934 3032 1954 3062 ⁸
1983 3049 1996 3084 :
2040 3049 2059 3082 ι

2172 3025 2246 3078 ὅτι
2277 3024 2368 3076 τὸν
2402 3022 2605 3091 Κύριον
2639 3022 2863 3092 ἀγαπᾷ·
2894 3022 2990 3075 καὶ
3024 3023 3052 3074 ό
3088 3022 3297 3092 χαίρων
3329 3021 3411 3087 τῷ
3447 3019 3633 3090 ψεύδει,
3658 3017 3709 3068 τδ

494 3108 633 3163 adeo
667 3124 727 3163 se
749 3108 1002 3179 inquinat
1030 3127 1094 3167 ac
1111 3113 1623 3187 defmdatquisquis
1648 3121 1822 3189 patris
1862 3122 2065 3178 diaboli

2172 3116 2379 3184 θέλημα
2404 3112 2497 3167 τοῦ
2519 3112 2815 3182 δυσμενοῦς
2837 3114 3046 3183 ἀγαπᾷ.
3074 3113 3295 3182 Πρῶτος
3318 3115 3350 3165 ὁ
3379 3111 3536 3183 νόμος
3564 3124 3710 3176 παρα-

2232 1647 2305 1699 Τὺ
2326 1645 2520 1716 ψεῦδος
2540 1647 2709 1718 ἄρδην
2732 1648 3107 1720 ἀπηγόρευται
3122 1651 3501 1721 Χριστιανοϊς.
3529 1652 3712 1722 Ὠσπερ

2160 1737 2271 1808 γὰρ
2295 1737 2325 1790 ό
2364 1738 2746 1808 ἀληθινολάλος
2791 1739 2980 1803 δοῦλός
3033 1742 3183 1794 ἐστιν
3227 1740 3324 1794 τοῦ
3366 1741 3612 1811 ἀληθινοῦ
3638 1743 3707 1796 λό·

2160 1846 2259 1899 γου
2282 1846 2294 1859 ·
2328 1829 2499 1893 οὕτως
2517 1830 2610 1882 καὶ
2632 1829 2997 1900 όψευδολόγος
3019 1830 3114 1883 τοῦ
3141 1830 3375 1900 ψευδοῦς
3396 1831 3572 1900 λόγου,
3598 1834 3713 1902 μᾶλ-

2162 1920 2251 1974 λον
2280 1921 2339 1989 δὲ
2365 1919 2459 1974 τοῦ
2480 1921 2687 1992 πατρὸς
2716 1919 2807 1975 τοῦ
2824 1921 3073 1991 ψεύδους⁸
3111 1940 3131 1974 ι
3164 1915 3236 1992 ’ᾯ
3264 1924 3379 1992 γάρ
3407 1940 3522 1988 τις,
3553 1924 3708 1993 φησὶν,

2161 2015 2428 2085 ἥττηται,
2497 2015 2674 2085 τούτῳ
2736 2015 2837 2069 καὶ
2886 2014 3232 2069 δεδούλωται.
3277 2034 3297 2068 ο
3335 2016 3419 2069 Τὰ
3490 2015 3583 2085 μὲν
3621 2015 3710 2083 γὰρ

495 3200 856 3270 persuasione
909 3201 1108 3257 falsum
1136 3205 1243 3260 sibi
1274 3218 1492 3277 arrogat
1528 3226 1732 3265 nomen
1758 3231 1770 3265 :
1797 3228 1886 3267 res
1916 3215 2065 3269 enim

495 3290 613 3360 ipsa
648 3292 961 3350 luculenter
1004 3295 1165 3350 docet
1211 3298 1556 3354 mendacium
1623 3317 1654 3356 a
1692 3304 1836 3357 malo
1898 3305 2066 3375 prolis

494 3384 649 3438 cisci.
677 3382 780 3451 Qui
808 3384 975 3456 igitur
993 3386 1279 3442 veritatem
1310 3389 1508 3461 diligit,
1540 3392 1678 3446 nihil
1711 3394 1947 3449 obscure
1975 3395 2069 3450 hic

495 3474 789 3530 Dominqu
815 3486 872 3532 et
903 3477 1101 3549 diligit.
1135 3478 1248 3534 Lex
1277 3480 1369 3535 illa
1397 3483 1552 3551 prior
1577 3484 1760 3539 edicto
1794 3495 1971 3549 cavet,
1996 3501 2068 3540 ne

496 3568 622 3638 quis
643 3568 910 3625 adversus
929 3571 1241 3639 proximum
1266 3573 1462 3629 falsum
1485 3576 1629 3632 dicat
1657 3578 2026 3632 testimonium
2049 3593 2064 3631 :

495 3658 801 3729 eademque
846 3661 1025 3730 jubet,
1066 3663 1295 3718 verbum
1319 3679 1482 3719 omne
1545 3665 1796 3736 iniquum
1833 3680 1894 3722 ut
1913 3682 2070 3722 aver-

478 3766 643 3806 .sere.
674 3749 782 3806 Sed
804 3760 860 3806 et
884 3751 1163 3823 Sapientia
1198 3773 1211 3809 :
1240 3774 1260 3807 σ
1290 3755 1364 3811 Os
1388 3758 1534 3827 quod
1558 3759 1843 3825 mentitur,
1865 3760 2070 3816 occidit

482 3839 735 3895 :animam
766 3842 867 3895 7.1
916 3842 1129 3899 Rursus
1165 3861 1180 3899 :
1226 3863 1244 3896 ι
1296 3845 1375 3901 Ne
1414 3863 1622 3902 exares
1661 3857 1718 3902 et
1746 3842 2070 3904 'concinnes

481 3931 847 3987 unendacium
889 3933 1155 3991 adversus
1199 3935 1425 3993 fratrem
1477 3946 1654 4002 tuum,
1702 3949 1759 3994 et
1799 3955 1870 3994 ne
1930 3940 2070 3996 velis

485 4022 724 4077 ementiri
772 4006 937 4079 omne
987 4026 1374 4094 mendacium;
1423 4029 1717 4085 assiduitas
1764 4031 1911 4085 enim
1949 4033 2069 4102 ejus

2167 3205 2484 3259 κελεύεται’
2508 3203 2584 3257 Οὐ
2616 3202 3164 3273 ψευδομαρτυρήσεις
3206 3201 3353 3254 κατὰ
3384 3200 3477 3254 τοῦ
3517 3195 3709 3267 πλησίον

2169 3313 2263 3349 σου
2307 3295 2612 3366 μαρτυρίαν
2636 3294 2807 3364 ψευδῆ
2841 3308 2855 3323 ·
2890 3293 2999 3348 ἀπὸ
3032 3292 3233 3357 παντὸς
3274 3295 3517 3365 ῥήματος
3551 3290 3707 3345 ἀδίκου

2168 3386 2479 3456 ἀποστήσῃ.
2521 3385 2632 3440 Καὶ
2666 3387 2698 3456 ή
2737 3385 2927 3452 Σοφίαο
2967 3403 2987 3437 ι
3048 3384 3231 3454 Στόμα
3269 3383 3709 3454 καταψευδόμενον

2169 3479 2386 3548 ἀναιρεῖ
2410 3477 2609 3547 ψυχήν.
2658 3495 2677 3528 ι
2723 3477 2831 3530 Καὶ
2881 3476 3066 3530 πάλινο
3099 3494 3132 3529 «-
3156 3477 3250 3547 Μὴ
3287 3476 3516 3549 ἀροτρία
3543 3471 3707 3543 ψεῦδος

2169 3571 2261 3623 ἐπὶ
2283 3571 2513 3639 ἀδελφόν
2536 3586 2652 3634 σου,
2681 3571 2778 3623 καλ¹
2815 3569 2888 3639 μὴ
2915 3569 3037 3622 θέλε
3066 3567 3365 3637 ψεύδεσθαι
3395 3571 3499 3622 πᾶν
3525 3564 3705 3637 ψεῦδος-

2180 3661 2239 3715 ⁹Ο
2269 3661 2379 3732 γὰρ
2424 3660 2803 3731 ἑνδελεχισμδς
2853 3659 3019 3714 αὑτοῦ
3050 3661 3151 3713 οὐκ
3185 3662 3265 3724 είς
3306 3661 3530 3729 ἀγαθόν.
3567 3677 3583 3710 ι
3616 3655 3705 3711 Καὶ

2170 3752 2355 3816 πάλιν,
2423 3771 2442 3804 r
2492 3751 2737 3806 Ἐκκαίει
2796 3750 2992 3820 ψεῦδος
3050 3752 3260 3821 μάρτυς
3315 3753 3520 3813 ἄδικος,
3573 3768 3589 3799 ι
3631 3745 3707 3799 καὶ

2172 3842 2476 3913 ἐπιπέμπει
2501 3843 2710 3913 κρίσεις
2736 3844 2838 3896 ἀνὰ
2866 3842 3032 3912 μέσον
3053 3843 3320 3912 ἀδελφῶν.
3365 3844 3423 3897 Ὀ
3450 3843 3503 3896 δὲ
3516 3838 3707 3900 Ἡσαΐας

2171 3934 2299 4007 περὶ
2328 3932 2420 3985 τοῦ
2448 3931 2774 4002 ἀειψεύστου
2801 3930 2932 3985 λαοῦ
2982 3930 3157 3995 οὕτως
3187 3932 3378 4002 φησιν’
3416 3950 3435 3983 ι
3468 3931 3558 3984 Διά
3592 3943 3707 3997 aau-

2171 4024 2363 4096 λισμὸν
2393 4025 2634 4097 χειλέων,
2671 4026 2764 4078 καὶ
2785 4025 2873 4079 διὰ
2909 4022 3159 4095 γλώσσης
3195 4026 3415 4095 ἑτέρας.
3460 4044 3478 4077 ι
3502 4022 3601 4076 Καὶ
3631 4013 3707 4072 αὖ·

488 4127 611 4166 -non
662 4112 805 4167 cedit
835 4113 1041 4169 bonum
1066 4117 1106 4168 ⁸.
1150 4135 1169 4168 ι
1214 4084 1465 4174 Rursus:
1501 4137 1520 4170 ι
1552 4084 1821 4176 Accendit
1844 4084 2069 4178 menda:

2174 4084 2293 4178 Dig"
2334 4135 2354 4171 ι
2387 4084 2499 4169 Kal
2521 4084 2803 4185 éeﬁaausv
2843 4084 3038 4183 ψεθδος
3208 4084 3401 4170 ἐλπίδά
3423 4113 3567 4185 ἡμῶν
3590 4154 3602 4176 ,
3633 4106 3709 4161 καὶ

500 4203 645 4257 cium
678 4204 834 4259 testis
864 4204 1089 4275 iniquus
1109 4207 1150 4273 ’,
1190 4227 1210 4259 ι
1245 4209 1417 4265 mittit
1448 4211 1832 4268 accusationes
1870 4212 1925 4267 in
1955 4229 2071 4270 me-

501 4291 657 4347 dium
709 4292 962 4350 fratrum.
1004 4296 1171 4353 Isaias
1211 4300 1340 4354 item
1385 4301 1454 4356 de
1500 4302 1595 4357 illo
1622 4320 1903 4374 nunquam
1959 4323 2071 4362 non

502 4380 750 4437 mendaci
785 4384 989 4454 populo
1005 4387 1072 4441 ad
1095 4387 1237 4443 hanc
1261 4390 1507 4460 loquitur
1526 4390 1819 4447 formulam
1851 4412 1862 4448 :
1897 4414 1915 4446 ι
1940 4394 2075 4450 Pro-

502 4481 625 4539 pter
657 4473 919 4527 malitiam
953 4476 1224 4531 lahiorum
1244 4520 1259 4544 ,
1287 4495 1386 4548 per
1415 4482 1657 4552 linguam
1681 4484 1912 4539 alteram
1941 4487 2008 4542 ³ο.
2044 4505 2066 4539 ο

503 4560 716 4616 Rursus
800 4581 818 4612 ¢
853 4563 922 4619 Et
949 4566 1233 4633 posuimus
1259 4572 1603 4627 mendacium
1627 4590 1779 4644 spem
1803 4586 2069 4643 nostram,

504 4659 559 4705 et
593 4652 878 4708 mendacio
908 4658 1138 4723 protecti
1173 4675 1362 4717 sumus
1393 4663 1458 4717 ²¹.
1491 4682 1509 4715 ι
1547 4664 1654 4720 Sed
1679 4675 1736 4723 et
1763 4668 2030 4724 Jeremias
2058 4687 2071 4724 :

435 4814 439 4819 .
513 4761 532 4793 ι
564 4742 704 4809 Quia
733 4744 1080 4801 mendacium
1107 4758 1163 4805 et
1188 4766 1297 4806 non
1324 4753 1463 4810 ﬁdes
1498 4756 1730 4813 invaluit
1758 4772 1927 4829 super
1963 4769 2075 4816 ter-

507 4849 624 4889 ram
658 4836 722 4889 “.
749 4835 920 4890 David
949 4853 1168 4909 quoque
1202 4860 1215 4896 :
1254 4862 1272 4895 ι
1302 4844 1425 4900 Filii
1449 4848 1614 4903 alieni
1638 4851 1925 4906 inveterati
1949 4862 2077 4908 sunt

501 4933 562 4981 et
591 4924 1041 4983 claudicaverunt
1064 4945 1095 4984 a
1127 4934 1338 4990 semitis
1371 4936 1485 4993 suis
1517 4939 1584 4996 ".
1617 4959 1635 4991 ι
1672 4940 1955 5011 Siquidem
1983 4944 2077 5014 qui

502 5017 672 5073 alieni
706 5034 738 5073 a
783 5020 1015 5078 veritate
1046 5034 1176 5079 sunt
1220 5028 1409 5097 utique
1449 5030 1784 5100 elaudicant,
1816 5051 2014 5105 nempe
2046 5052 2078 5091 a

506 5109 846 5169 rectitudine
884 5107 997 5168 via!
1037 5114 1193 5186 (qua:
1239 5117 1490 5175 Christus
1513 5125 1631 5192 est)
1682 5128 1985 5182 transversi
2014 5144 2080 5184 ac

428 5192 443 5201 “
502 5200 707 5257 detorti
743 5222 755 5256 :
786 5221 803 5253 ι
834 5203 946 5275 Ego
969 5208 1116 5262 enim
1144 5208 1232 5263 via
1260 5225 1381 5265 sum
1401 5220 1456 5267 et
1485 5214 1689 5271 veritas
1712 5216 1774 5283 “,
1816 5237 1835 5269 ι
1865 5219 1942 5273 ait
1972 5220 2077 5276 Do-

508 5291 712 5349 minus.
766 5294 834 5350 Et
860 5296 993 5351 illud
1038 5317 1049 5352 :
1104 5319 1124 5351 ι
1181 5301 1397 5358 Inimici
1438 5305 1654 5360 Domini
1687 5310 1902 5364 mentiti
1948 5321 2078 5366 sunt

2171 4204 2249 4277 τῷ
2294 4205 2486 4276 ψεύδει
2533 4202 3053 4273 σκεπασθησόμεθα.
3127 4223 3146 4255 ι
3209 4206 3321 4258 Kal.
3380 4206 3408 4258 ό
3447 4198 3704 4272 Ἱερεμίας»

2176 4317 2197 4353 ι
2235 4298 2358 4351 Ὀτι
2413 4295 2609 4366 ψεῦδος
2634 4336 2649 4361 ,
2702 4297 2794 4351 καὶ
2849 4297 2910 4349 οὑ
2953 4297 3138 4359 πίστις
3190 4296 3472 4365 ἐνίσχυσεν
3513 4291 3596 4345 ἐπὶ
3627 4289 3706 4356 τῆς

2172 4390 2297 4459 γῆς.
2336 4407 2355 4440 ι
2394 4390 2451 4441 ὐ
2479 4390 2536 4442 δὲ
2563 4368 2725 4442 Δαυῖδ
2743 4407 2756 4422 ο
2794 4408 2814 4441 ι
2852 4389 2973 4442 Υιοι
3002 4388 3274 4457 ἀλλότριοι
3300 4383 3583 4457 ἐψεύσαντό
3608 4393 3704 4450 μοι’

2175 4484 2280 4535 uio).
2330 4481 2600 4551 ἀλλότριοι
2647 4480 3070 4551 ὲπαλαιὼθησαν
3102 4500 3115 4512 ·
3168 4480 3264 4533 καὶ
3311 4478 3576 4550 ὲχὼλαναν
3622 4468 3707 4524 ἀπὸ

2173 4573 2284 4626 τῶν
2305 4572 2506 4643 τρίϐων
2533 4572 2732 4627 αὐτῶν.
2773 4592 2790 4625 ι
2814 4576 2876 4625 Ui
2893 4568 3002 4644 γὰρ
3038 4571 3313 4644 ἀλλότριοι
3345 4573 3444 4640 τῆς
3471 4563 3704 4636 ἀληθείας.

2177 4664 2528 4736 χωλαίνουσιν
2567 4663 2934 4734 ἐκτραπέντες
2953 4664 3054 4734 τῆς
3074 4663 3288 4727 εὐθείας
3305 4661 3445 4727 ὁδοῦ,
3476 4658 3704 4713 τουτέστιν

2178 4756 2286 4811 ἀπὸ
2305 4756 2532 4828 Κυρίου.
2555 4755 2606 4825 (r
2630 4755 2773 4825 Ἐγὼ
2799 4757 2905 4828 γάρ
2925 4758 3042 4827 ειμι
3065 4758 3098 4825 ἡ
3126 4756 3244 4819 ὁδὸς
3270 4756 3366 4809 καὶ
3390 4757 3422 4825 ὴ
3451 4750 3698 4821 ἀλήθεια.»

2179 4847 2345 4918 φησὶν
2381 4849 2410 4900 ό
2463 4846 2686 4919 Κύριος.
2722 4850 2740 4918 )
2774 4848 2883 4902 Καί
2908 4864 2921 4877 ·
2963 4866 2982 4900 α
3023 4848 3087 4901 Ol
3117 4847 3305 4919 ἐχθροὶ
3350 4845 3548 4917 Κυρίου
3584 4834 3705 4907 ἐψεύο

2182 4956 2344 4995 σαντο
2376 4939 2555 5010 αὐτῷρ
2602 4959 2623 4992 ι
2653 4941 2749 4994 καὶ
2791 4941 2880 4993 διὰ
2911 4940 3070 4995 τοῦτο
3105 4941 3370 5010 ἐμίσησεν
3390 4939 3581 4995 πάντας
3607 4928 3705 4986 τοὺς

2180 5031 2583 5104 ἐργαζομένους
2609 5032 2706 5103 τὴν
2751 5031 3004 5102 ἀνομίαν.
3030 5032 3175 5085 Καί·
3216 5051 3234 5083 ι
3275 5030 3512 5090 Ἀπολείς
3536 5024 3704 5078 πάντας

2178 5127 2306 5189 τοὺς
2360 5125 2656 5188 λαλοῦντας
2701 5125 2762 5178 τὸ
2808 5124 3023 5194 ψεῦδος.
3064 5142 3084 5174 ι
3110 5154 3180 5164 -
3208 5143 3228 5176 α
3266 5125 3390 5177 ’Ὁτι
3416 5107 3703 5190 ὲψεύσατοή

2183 5218 2365 5272 ἀδικία
2390 5218 2580 5287 ἑαυτῇ.
2625 5217 2796 5286 Χείλη
2825 5218 2935 5288 γὰρ
2965 5217 3116 5272 δόλια
3143 5220 3199 5270 ἐν
3242 5214 3437 5287 καρδίᾳ
3482 5209 3703 5275 ἐλάλησαν

2181 5308 2375 5380 ψευδῆ.
2417 5328 2435 5359 ι
2476 5310 2533 5362 '0
2561 5309 2618 5362 δὲ
2649 5309 2960 5379 σοφώτατος
2983 5309 3238 5379 Σολομὼν
3265 5326 3277 5338 ·
3313 5328 3331 5360 ι
3361 5304 3460 5359 Δύο
3490 5297 3703 5364 αἰτοῦμαι

503 5383 639 5440 ei".
670 5402 688 5436 ι
718 5383 1063 5459 Quapropter
1084 5387 1216 5446 odio
1242 5392 1408 5448 habet
1434 5410 1628 5452 omnes
1658 5397 1752 5466 qui
1779 5410 2069 5468 operantur

2188 5400 2327 5471 πρὸς
2353 5398 2507 5467 Θεὸν,
2544 5400 2709 5470 φησίν
2732 5416 2747 5432 ο
2777 5401 2870 5471 Μὴ
2898 5399 3103 5488 ἀφέλῃς
3132 5398 3227 5454 ἀπ’
3263 5398 3393 5472 ἐμοῦ
3425 5395 3519 5466 πρξ
3543 5385 3621 5444 τοῦ
3649 5380 3699 5455 μδ

584 5520 597 5550 ¹
628 5519 672 5575 11
696 5519 935 5601 :I'Lm._|_r,
966 5524 1057 5577 21.
1085 5526 1155 5601 ω’
1184 5525 1295 5601 Τὶι.
1324 5546 1380 5590 n,
1412 5531 1470 5601 ί).
1550 5531 1570 5563 ³
1598 5533 1722 5587 Act.
1752 5548 1804 5597 v,
1850 5532 1901 5585 1.
1979 5534 2069 5590 ⁸1(

2172 5552 2290 5592 .xu.
2320 5534 2440 5588 4—6.
2518 5536 2538 5567 ⁸
2566 5534 2608 5588 11
2639 5536 2788 5592 Petr.
2821 5552 2879 5601 tl,
2908 5535 2992 5590 l9.
3033 5535 3227 5592 'Joan.
3253 5551 3363 5597 xlv,
3386 5533 3437 5587 6.
3508 5528 3646 5601 τείν·
3666 5530 3696 5601 ξι

513 5673 641 5724 xm,
668 5661 757 5715 46.
836 5663 878 5694 ³⁵
905 5663 1066 5719 Joan.
1108 5681 1218 5730 Juv,
1256 5668 1308 5721 6.
1391 5672 1432 5701 ¹⁸
1476 5673 1616 5726 Psal.
1648 5661 1809 5739 iam,
1846 5673 1925 5728 l6.

398 5608 439 5624 .-
513 5588 596 5640 ιι.
678 5590 1036 5673 ΙῖΕοᾳίίᾼιι.
1079 5595 1286 5673 15,14.
1362 5588 1567 5673 tam.
1595 5618 1664 5666 VI,
1702 5588 1803 5656 19."
1868 5605 1908 5634 ιο
1940 5588 2069 5661 1εεῖ

2172 5588 2260 5670 in,
2281 5588 2371 5659 in.
2454 5606 2495 5637 ιι
2528 5588 2662 5661 ibid.
2688 5588 2788 5662 is.
2822 5588 3433 5673 "ffundosae-,3.
3524 5599 3560 5630 "
3585 5588 3691 5649 Psal-
