3986 6148
321 351 453 420 i565

1236 359 1569 423 HOMILIA
1609 361 1830 421 XLIII.
1867 387 1938 396 —
1977 361 2075 421 DE
2117 356 2342 420 INANI
2385 343 2704 414 GLORIA.

3449 346 3597 412 1566
3668 306 3673 311 ’

312 468 596 523 ἀποθανεῖν
633 484 646 499 ·
708 467 937 540 μάταιον
964 466 1148 549 λόγον,
1185 474 1506 545 καὶψευδῆ,
1543 477 1763 547 μακρὰν
1789 474 1884 529 ἀπ’

2012 476 2356 546 iniquitatem.
2379 470 2488 527 Et:
2513 487 2532 521 1
2555 467 2762 527 Perdes
2780 485 2972 526 omnes
2987 467 3079 539 qui
3105 467 3407 537 loquuntur
3429 482 3582 519 men-

307 562 443 633 ἐμοῦ
483 561 731 632 ποίησον.
758 559 1047 633 Βδέλυγμα
1080 564 1193 637 γὰρ
1218 568 1412 639 Κυρίῳ
1435 569 1589 641 χείλη
1616 567 1788 639 ψευδῆ
1820 584 1834 599 ·
1864 569 1892 622 6

306 656 360 708 δὲ
396 654 570 708 ποιῶν
603 655 838 719 πίστεις,
866 655 1056 722 δεκτὸς
1086 660 1219 730 παρ’
1249 661 1438 716 αὑτοῦ.
1485 682 1504 714 ι
1549 694 1621 705 --
1650 683 1671 717 1
1708 668 1805 730 Ὃς
1836 666 1894 719 δὲ

310 745 578 814 ἐρείδεται
613 746 707 798 ἐπὶ
737 745 1011 815 ψεύδεσιν,
1055 743 1210 814 οὗτος
1244 755 1503 822 ποιμανεῖ
1536 755 1793 825 ἀνέμους.
1829 755 1893 809 Ἦ

309 835 419 904 γὰρ
442 835 646 905 ψευδὴς
671 837 896 904 γλῶσσα
954 843 1106 910 μισεῖ
1136 841 1416 913 ἀλήθειαν.
1458 863 1476 896 ι
1508 846 1619 899 Καί
1648 863 1663 878 ’
1694 865 1713 898 ι
1740 848 1896 917 Μάρ-

310 941 406 984 τυς
448 923 653 996 ψευδὴς
692 925 793 980 οὐκ
848 928 1197 1001 ἀτιμώρητος
1238 931 1395 987 ἔσται
1423 950 1439 966 ο
1472 935 1501 987 6
1555 935 1612 987 δὲ
1645 935 1896 1002 ἐγκαλῶν

312 1013 536 1078 ἀδίκως,
589 1015 651 1068 ού
695 1017 768 1086 μὴ
819 1017 1080 1092 διασωθῇ.
1127 1042 1145 1072 ι
1186 1022 1335 1077 Καί·
1375 1042 1396 1076 ι
1427 1024 1657 1096 Μάρτυς
1688 1024 1898 1096 ψευδὴς

314 1107 621 1162 ἀπολεῖται.
657 1108 823 1180 Ἀνὴρ
853 1111 911 1164 δὲ
942 1113 1181 1183 ὑπήκοος
1209 1114 1642 1187 φυλασσόμενος,
1673 1117 1898 1188 λαλήσει

316 1198 598 1271 ἀλήθειαν.
639 1220 658 1254 ι
698 1202 808 1258 Kal.
842 1204 1008 1258 πάλιν
1033 1224 1047 1237 ο
1093 1225 1112 1258 1
1150 1208 1242 1278 Μὴ
1277 1208 1387 1261 ίσθι
1428 1208 1630 1279 ψευδὴς
1689 1209 1902 1281 μάρτυς

319 1292 414 1348 ἐπὶ
448 1293 541 1347 σὺν
580 1293 829 1367 πολίτην,
865 1315 885 1350 ι
932 1299 1232 1365 τουτέστιν,
1281 1300 1374 1353 ἐπὶ
1424 1300 1514 1354 σὸν
1553 1302 1850 1371 όμόπιστον
1884 1318 1897 1332 ο

326 1403 343 1434 ι
374 1383 528 1452 Μηδὲ
562 1383 836 1438 πλατύνου
867 1384 964 1438 ἐπὶ
1002 1388 1118 1448 σοῖς
1173 1387 1428 1456 χείλεσιν,
1463 1405 1483 1439 ι
1535 1388 1646 1443 Kal.
1702 1387 1860 1450 ἀλλος
1884 1402 1900 1418 ο

326 1493 345 1527 ι
383 1475 576 1546 μῶμος
615 1476 878 1548 πονηρὸς,
906 1476 1105 1547 ψεῦδος
1136 1479 1193 1531 ὲν
1215 1479 1508 1551 ἀνθρώπῳ.
1546 1480 1605 1534 Ὀ
1625 1481 1679 1534 δὲ
1713 1480 1905 1544 πιστὸς

326 1567 532 1636 μάρτυς
572 1568 634 1619 ού
684 1566 962 1636 ψεύδεται.
1029 1587 1048 1620 ι
1097 1568 1208 1621 Καὶ
1244 1570 1406 1624 πάλιν
1432 1584 1448 1601 ⁸
1492 1588 1510 1622 ι
1542 1570 1783 1634 ΙἈκακος
1814 1587 1906 1623 πι-

324 1655 503 1712 στεύει
534 1656 702 1710 παντὶ
731 1656 898 1726 λόγῳ,
948 1656 1256 1729 πανοῦργος
1298 1659 1356 1713 δὲ
1388 1658 1608 1731 ἔρχεται
1632 1661 1712 1724 είς
1737 1660 1902 1731 μετά-

333 1766 491 1803 ιοιαν.
522 1768 542 1800 ι
595 1750 708 1803 Kal
744 1751 948 1805 πάλιν·
1013 1768 1032 1802 ι
1063 1750 1174 1820 υύχ
1219 1751 1450 1822 ἁρμόσει
1502 1753 1697 1823 ἄφρονι
1747 1751 1901 1823 χείλη

1994 565 2215 621 dacium
2237 566 2300 619 ιθ.
2329 584 2348 615 ›
2373 561 2480 617 Et:
2517 578 2535 611 1
2560 558 2698 627 Quia
2725 557 2955 613 mentita
2985 567 3068 611 est
3090 554 3353 624 iniquitas
3378 552 3483 607 sibi
3513 553 3577 618 ",

1993 658 2137 713 labia
2162 659 2309 712 enim
2331 654 2523 711 dolosa
2545 654 2606 706 in
2620 652 2787 707 corde
2801 658 2857 704 et
2874 650 2928 703 in
2949 646 3310 703 cordeiocuta
3328 651 3458 698 sunt
3481 644 3524 676 "
3554 666 3573 694 ο

1995 749 2366 805 mendacium.
2385 742 3007 816 Quin'sapientissimus
3032 739 3292 795 Salomon
3319 738 3432 792 Deo
3461 738 3539 790 ait
3563 755 3577 790 :

2000 863 2020 897 1
2047 845 2167 899 Duo
2191 854 2321 899 sunt
2345 858 2468 914 quae
2496 849 2647 913 peto,
2677 857 2745 894 ue
2771 840 3008 907 deneges
3032 849 3149 889 sive
3175 832 3394 887 auferas
3417 847 3445 885 a
3470 846 3580 895 me,

1996 938 2318 1007 priusquam
2339 935 2562 989 moriar.
2591 933 2915 988 Sermonem
2942 941 3145 982 vanum
3169 940 3232 980 ac
3259 922 3581 977 mendacem

2001 1026 2390 1096 109510ngc
2409 1024 2495 1079 fac
2519 1039 2547 1077 a
2569 1015 3108 1076 me".Abominalio
3132 1013 3279 1067 enim
3304 1008 3447 1080 apud
3473 1008 3583 1062 Do-

1999 1117 2208 1170 minum
2230 1114 2373 1169 labia
2400 1112 2684 1168 mendacia
2707 1127 2721 1177 ;
2747 1110 2843 1179 qui
2872 1118 3067 1162 autem.
3093 1103 3271 1158 ﬁdelis
3290 1108 3396 1163 est,
3424 1114 3584 1153 acce-

2000 1213 2129 1276 ptus
2151 1214 2235 1259 est
2253 1203 2400 1274 apud
2436 1202 2611 1256 Deum
2638 1201 2706 1251 '°.
2746 1216 2764 1247 ι
2795 1197 2863 1251 Ει
2898 1214 2912 1249 :
2955 1214 2972 1245 1
2995 1192 3101 1259 Qui
3128 1190 3327 1245 nititur
3354 1185 3586 1241 menda-

2001 1297 2124 1361 ciis,
2161 1296 2253 1351 hic
2269 1303 2457 1366 pascet
2485 1300 2681 1348 ventos
2710 1292 2791 1357 ";
2822 1286 3059 1343 mendax
3087 1285 3233 1340 enim
3260 1282 3445 1350 lingua
3467 1278 3587 1333 odit

2000 1391 2292 1446 veritatem
2309 1390 2408 1442 ¹¹.›
2431 1388 2497 1442 Et
2517 1404 2530 1438 :
2556 1404 2574 1437 1
2609 1383 2789 1438 Testis
2809 1378 3044 1435 mendax
3066 1391 3175 1431 non
3198 1383 3321 1429 erat
3347 1369 3587 1441 impuni-

2003 1488 2119 1546 tus;
2144 1479 2239 1550 qui
2260 1486 2444 1533 autem
2466 1475 2647 1533 defert
2667 1475 2892 1544 injuste,
2911 1484 3023 1524 non
3040 1463 3421 1522 salvabitur".
3438 1484 3454 1514 ι
3476 1462 3580 1519 Et:

2010 1586 2029 1622 1
2067 1568 2248 1624 Testis
2302 1567 2541 1622 mendax
2584 1563 2791 1635 peribit
2825 1561 2912 1628 ²⁵;
2950 1560 3038 1613 vir
3089 1562 3273 1612 autem
3320 1552 3585 1609 obediens

2002 1658 2097 1730 qui
2133 1659 2238 1714 sibi
2261 1664 2437 1722 cavet,
2461 1656 2721 1725 loquetur
2743 1651 3035 1706 veritatem
3074 1647 3141 1700 ".
3184 1661 3201 1696 ι
3238 1642 3346 1698 Et:
3383 1642 3464 1699 Ne
3509 1641 3587 1696 sis

2005 1751 2164 1807 testis
2195 1749 2431 1805 mendax
2465 1747 2733 1802 adversus
2772 1742 3057 1798 concivem
3104 1747 3260 1792 tuum
3307 1736 3373 1799 ’⁸,
3412 1751 3432 1785 ι
3482 1733 3585 1788 hoc

326 1840 511 1903 πιστὰ,
542 1841 660 1895 οὐδὲ
685 1841 880 1913 δικαίῳ
898 1841 1051 1912 χείλη
1077 1841 1269 1912 ψευδῆ.
1306 1862 1326 1896 ι
1361 1843 1472 1898 Καὶ
1494 1822 1719 1912 ἐπάγει·
1750 1822 1783 1895 71
1808 1843 1903 1895 Αί-

2012 1857 2091 1902 est
2111 1844 2379 1900 adversus
2411 1838 2761 1903 confidelem,
2823 1852 2840 1886 1
2875 1841 2932 1889 et
2993 1848 3062 1887 ne
3122 1828 3369 1885 dilateris
3426 1823 3591 1880 labiis

331 1930 631 2001 ρετὼτερον
666 1932 908 1996 κλέπτης
955 1932 988 2004 ἢ
1029 1934 1057 1986 6
1088 1932 1437 2003 ὲνδελεχίζων
1468 1933 1660 2004 ψευδῆ.
1702 1954 1718 1985 ι
1762 1934 1820 1988 '0
1848 1932 1905 1987 δὲ

325 2020 623 2084 ἀπόστολος
676 2022 891 2087 Παῦλος
922 2035 938 2052 ⁸
997 2045 1016 2076 ι
1056 2022 1147 2091 Μὴ
1194 2023 1455 2092 ψεύδεσθε
1497 2027 1577 2087 είς
1620 2024 1902 2095 ἀλλήλους,

327 2111 464 2166 ἀλλὰ
496 2112 830 2182 ἀποθέμενοι
868 2115 929 2169 τὺ
974 2113 1190 2184 ψεῦδος,
1227 2114 1441 2168 λαλεῖτε
1470 2115 1747 2185 ἀλήθειαν,
1774 2116 1907 2169 ἕκα-

331 2220 453 2267 στος
488 2205 625 2273 μετὰ
661 2205 759 2257 τοῦ
788 2204 1017 2276 πλησίον
1047 2206 1235 2260 αὐτοῦ.
1272 2225 1291 2258 ι
1326 2206 1436 2258 Καὶ
1466 2207 1522 2258 ὲν
1549 2209 1666 2270 ταῖς
1697 2204 1906 2277 Πράξε-

333 2313 416 2349 σιν
440 2297 467 2349 6
496 2296 701 2366 Πέτρος
735 2296 814 2366 τῷ
849 2297 1072 2368 Ἀνανίᾳ
1098 2316 1112 2330 ο
1153 2315 1170 2349 ι
1206 2298 1305 2353 Διὰ
1330 2298 1404 2361 τί,
1436 2297 1622 2368 φησὶν,
1651 2298 1908 2368 ἐπλήρω-

333 2402 424 2438 σεν
455 2385 484 2437 6
510 2387 759 2449 Σατανᾶς
807 2386 909 2456 τὴν
949 2387 1180 2458 καρδίαν
1233 2404 1328 2440 σου
1378 2386 1686 2457 ψεύσασθαί
1737 2404 1795 2440 σε
1849 2384 1910 2440 τὸ

335 2477 557 2547 Πνεῦμα
584 2478 646 2530 τὸ
698 2477 878 2546 ἆγιον,
918 2479 1013 2531 καὶ
1046 2478 1405 2549 νοσφίσασθαι
1444 2480 1553 2532 ἀπὸ
1616 2479 1718 2549 τῆς
1744 2481 1911 2551 τιμῆς

333 2569 426 2623 τοῦ
456 2570 658 2640 χωρίου
678 2586 692 2632 ς
716 2588 735 2623 ι
769 2572 877 2624 Kal.
897 2571 1125 2640 ἐπάγει·
1159 2589 1178 2623 1
1205 2572 1319 2626 Ούκ
1346 2572 1559 2642 ἐψεύσω
1583 2571 1907 2643 ἀνθρώποις,

334 2661 468 2715 ἀλλά
520 2661 598 2733 τῷ
647 2662 786 2732 Θεῷ.
824 2681 842 2713 ι
901 2662 1013 2716 Καὶ
1038 2666 1066 2717 6
1106 2663 1361 2727 ’ῐάκωδος
1390 2680 1405 2696 ·
1467 2682 1486 2716 ι
1526 2664 1680 2719 Ἐπεὶ
1717 2666 1911 2735 μικρὸν

335 2749 496 2821 ζῆλον
525 2751 677 2821 ἔχετε
708 2754 766 2806 ἐν
804 2755 916 2816 ταῖς
942 2753 1189 2823 καρδίαις
1215 2755 1388 2823 ὑμῶν,
1436 2754 1511 2826 μὴ
1544 2755 1908 2826 καταυχᾶσθε,

339 2842 435 2896 καὶ
473 2841 738 2911 ψεύδεσθε
796 2842 939 2895 κατά
972 2842 1071 2911 τῆς
1109 2842 1387 2913 ἀληθείας.
1427 2860 1447 2895 ›
1515 2843 1572 2896 Ὀ
1613 2843 1668 2897 δὲ
1708 2845 1912 2916 Κύριος

338 2932 588 3004 περὶτοῦ
627 2934 1041 3005 Ἀντιχρίστουτ
1109 2954 1128 2986 ι
1188 2935 1361 2989 Ὅταν
1421 2937 1594 3001 λαλεῖ,
1647 2937 1802 3009 φησὶ,
1853 2936 1914 2990 τὸ

335 3024 551 3095 ψεῦδος,
576 3027 639 3078 ὲκ
668 3025 776 3078 τῶν
808 3024 953 3079 ίδίων
995 3026 1166 3091 λαλεῖ,
1200 3028 1280 3080 ὄτι
1321 3028 1564 3099 ψεύστης
1614 3030 1785 3093 ἐστὶν,
1837 3028 1914 3091 ὡς

2008 1938 2118 1993 tuis
2150 1937 2218 1991 ’⁷.
2251 1954 2269 1987 ι
2312 1933 2472 1987 Alius
2504 1931 2637 1986 item
2673 1946 2688 1983 :
2740 1948 2758 1980 1
2797 1923 3178 1996 Reprehensio
3214 1919 3378 1982 mala,
3428 1930 3581 1971 meu-

2006 2027 2226 2083 dacium
2262 2026 2318 2079 in
2349 2022 2616 2086 homine;
2650 2018 2747 2089 qui
2805 2023 2990 2071 autem
3040 2010 3220 2065 ﬁdelis
3272 2014 3357 2062 est
3408 2004 3586 2070 testis,

2007 2137 2119 2176 non
2146 2117 2412 2173 mentitur
2440 2114 2508 2168 ’⁸.
2547 2131 2566 2165 ι
2611 2111 2790 2165 item:
2844 2126 2862 2158 1
2897 2106 3171 2160 innocens
3212 2098 3391 2154 credit
3438 2097 3590 2150 omni

2006 2211 2201 2274 verbo,
2229 2216 2594 2263 veteratorem
2624 2210 2806 2257 autem
2831 2207 2889 2252 et
2910 2203 3152 2251 astutum
3178 2188 3465 2260 pcenitebit
3483 2188 3579 2240 ".1

2009 2302 2119 2357 Et:
2152 2317 2170 2351 1
2200 2299 2319 2355 Non
2349 2293 2693 2351 conveniunt
2747 2288 2919 2344 stulto
2968 2284 3112 2339 labia
3163 2278 3368 2341 ﬁdelia,
3409 2291 3586 2346 neque

2005 2394 2157 2464 justo
2180 2388 2347 2443 verba
2397 2382 2685 2440 mendacia
2735 2380 2801 2433 ⁸ο.
2830 2396 2847 2429 ι
2906 2374 3168 2432 inducit:
3229 2391 3247 2424 1
3282 2367 3589 2440 Eligibilius

2009 2459 2142 2552 quid
2175 2486 2259 2534 est
2289 2477 2396 2541 fur,
2431 2489 2595 2545 quam
2630 2471 2725 2542 qui
2755 2467 2977 2526 assidue
3007 2463 3274 2519 mentitur
3295 2462 3361 2514 ⁸¹.
3397 2478 3415 2511 ι
3440 2459 3591 2529 Apo-

2012 2573 2188 2627 stolus
2212 2570 2346 2625 item
2388 2568 2593 2623 Paulus
2625 2584 2639 2618 :
2684 2582 2701 2615 1
2737 2557 3056 2630 Loquimini
3090 2555 3384 2610 veritatem
3424 2567 3597 2606 unus-

1953 2735 1957 2738 .
2011 2663 2254 2733 quisque
2277 2674 2401 2716 cum
2425 2658 2676 2729 proximo
2705 2669 2807 2709 suo
2843 2653 2909 2704 ³¹.
2951 2669 2969 2702 ι
3001 2650 3061 2703 in
3094 2646 3325 2702 Actibus
3372 2656 3594 2713 quoque

2012 2755 2209 2810 Petrus
2240 2750 2468 2808 Anania:
2498 2748 2638 2803 dixit
2673 2765 2684 2801 :
2728 2764 2745 2796 1
2779 2744 2851 2800 Ut
2888 2740 3023 2811 quid
3067 2737 3317 2808 implevit
3359 2733 3591 2790 Satanas

2012 2856 2109 2899 cor
2146 2851 2323 2905 tuum,
2362 2839 2584 2896 mentiri
2629 2846 2682 2891 te
2727 2832 2961 2905 Spiritui
3010 2836 3223 2893 sancto,
3258 2837 3314 2882 et
3343 2825 3595 2879 fraudare

2013 2936 2082 2991 de
2105 2933 2283 3004 pretio
2314 2930 2429 3002 agri
2456 2930 2537 2982 ³³⁸2
2575 2946 2593 2979 ι
2623 2925 2844 2981 inducit
2876 2941 2889 2977 :
2929 2940 2945 2974 1
2976 2921 3096 2977 Non
3111 2935 3173 2974 es
3196 2916 3466 2972 mentitus
3490 2914 3596 2969 ho-

2013 3023 2278 3085 minibus,
2326 3019 2425 3075 sed
2469 3019 2583 3073 Deo
2624 3017 2687 3071 ".
2726 3035 2744 3067 ι
2789 3013 3063 3070 Iacobus:
3118 3028 3135 3061 1
3173 3008 3311 3063 Cum
3350 3020 3597 3061 amarum

340 3118 435 3170 καὶ
466 3119 493 3170 6
524 3117 705 3188 πατὴρ
748 3116 934 3171 αὑτοῦ.
971 3135 990 3169 ι
1053 3095 1410 3182 Ἀκούσαντες
1451 3095 1566 3181 οὖν,
1611 3120 1909 3188 ἀγαπητοὶ,

2017 3116 2193 3170 zelum
2233 3111 2486 3167 habeatis
2520 3110 2575 3164 in
2617 3106 2883 3164 cordibus
2915 3102 3140 3165 vestris,
3170 3099 3340 3153 nolite
3370 3095 3598 3169 gloriari

2252 3204 2263 3211 .
2304 3204 2316 3211 .
2393 3203 2409 3211 -
2743 3200 2778 3211 ι.
2825 3204 2861 3211 η
2914 3195 2990 3211 ..Α
3020 3185 3125 3211 β-.1
3150 3189 3477 3211 Ann-...!_----
3534 3187 3596 3211 .3-

339 3209 429 3261 τὶν
485 3185 720 3277 πονηρδν
748 3209 914 3278 ψόγον
961 3207 1058 3262 τοῦ
1098 3209 1406 3263 διαϐολικοῢ
1449 3185 1697 3280 ψεύδους,
1757 3185 1911 3283 ττάσῃ

2016 3215 2072 3263 et
2096 3204 2318 3260 mentiri
2343 3203 2609 3258 adversus
2640 3200 2932 3254 veritatem
2949 3185 3129 3247 “.Sed
3147 3189 3500 3254 etDouiinus,
3530 3187 3600 3242 de

342 3296 543 3368 σπουδῇ
576 3297 836 3369 φύγωμεν
867 3298 961 3352 ἀπ’
1004 3297 1191 3363 αὑτοῦ,
1224 3299 1319 3353 καὶ
1364 3300 1802 3371 προσδράμωμεν
1844 3302 1910 3372 τῇ

341 3387 589 3459 ἀληθείᾳ,
643 3390 703 3453 ὃς
755 3390 903 3444 ἐστιν
948 3390 1185 3459 Χριστὸς
1215 3390 1243 3443 6
1287 3390 1540 3461 ἀληθινὸς
1569 3390 1700 3454 Θεὸς
1730 3391 1908 3461 ήμῶν.

341 3480 497 3548 Αὐτῷ
521 3483 552 3547 ὴ
583 3480 709 3544 δόξα
740 3482 818 3541 είς
843 3482 972 3543 τοὺς
1006 3481 1229 3542 αἰῶνας.
1265 3481 1463 3551 ’Δμήν.

2017 3297 2363 3355 Antichristo
2394 3314 2407 3348 :
2452 3313 2469 3345 1
2498 3292 2636 3350 Cum
2669 3290 2816 3346 enim
2848 3286 3095 3357 loquitur
3119 3281 3491 3344 mendacium,
3530 3295 3601 3335 ex

2020 3387 2261 3459 propriis
2287 3384 2574 3455 loquitur;
2626 3382 2753 3452 quia
2787 3377 3023 3434 mendax
3069 3383 3174 3437 est,
3229 3381 3291 3426 ut
3335 3380 3391 3426 et
3442 3380 3601 3441 pater

2024 3479 2144 3548 ejus
2169 3477 2236 3530 ’⁸.
2266 3494 2284 3527 ι
2313 3474 2515 3529 Audita
2541 3472 2731 3542 igitur,
2761 3463 3097 3526 charissimi,
3141 3459 3404 3514 diaboliei
3442 3474 3599 3513 men-

344 3571 486 3625 dacii
509 3572 862 3641 vituperabili
895 3573 1255 3644 malignitate,
1283 3589 1449 3643 quam
1484 3574 1804 3645 longissime
1844 3574 1914 3628 ab
1953 3574 2050 3628 illo
2073 3571 2398 3626 secedamus
2433 3585 2447 3634 ;
2512 3565 2580 3621 ad
2615 3562 2963 3632 complexum
2999 3572 3131 3611 vero
3197 3553 3447 3614 veritatis
3486 3560 3602 3607 stu-

344 3661 437 3716 dio
480 3663 632 3717 omni
674 3663 1073 3719 contendamus
1119 3665 1457 3736 pertingere,
1510 3644 1607 3738 qui
1656 3666 1913 3723 Christus
1949 3673 2034 3720 est
2063 3664 2210 3718 Deus
2240 3668 2429 3715 noster
2460 3671 2644 3713 verus.
2670 3653 2779 3723 ipsi
2835 3649 3008 3723 gloria
3061 3649 3117 3702 in
3158 3644 3596 3702 stecula.Amen.

939 3777 1157 3832 ΛΟΓΟΣ
1196 3780 1326 3834 Ml".

858 3890 998 3958 Περὶ
1037 3890 1411 3959 κενοδοξίας.

433 4005 490 4061 Ὀ
518 4004 794 4071 κενόδοξος
842 4005 994 4076 δηλοῖ
1051 4006 1134 4059 ὅτι
1190 4006 1513 4077 πρόσκειται
1564 4009 1630 4076 τῇ
1685 4006 1924 4077 μισοθέῳ

347 4096 494 4169 δόξῃ.
556 4097 789 4151 Ἥδιστα
834 4095 943 4167 γὰρ
998 4096 1219 4167 θηρεύει
1250 4099 1378 4161 τοὺς
1409 4098 1663 4161 ἐπαίνους
1688 4097 1801 4151 τῶν
1828 4097 1924 4150 ἀν·

351 4186 605 4258 θρώπων,
642 4188 737 4240 καὶ
766 4182 849 4250 είς
892 4187 1091 4250 αὐτοὺς
1137 4187 1494 4258 ἐναϐρύνεται
1540 4186 1682 4259 ὑπὲρ
1737 4185 1921 4256 ἐσμῶν

352 4277 666 4340 ἑστιάσεως.
699 4277 759 4330 '0
797 4276 1039 4340 τοιοῦτος
1066 4277 1142 4340 ὼς
1163 4277 1622 4349 ἀνθρωπάρεσκος
1651 4276 1922 4349 κρίνεται,

351 4369 432 4422 δτι
456 4370 646 4439 ἀγαπᾷ
665 4367 765 4439 τὴν
790 4366 949 4432 δόξαν
977 4367 1087 4421 τῶν
1119 4367 1421 4439 ἀνθρώπων
1474 4368 1613 4439 ὑπὲρ
1637 4369 1735 4440 τὴν
1768 4369 1926 4432 δόξαν

354 4457 446 4513 τοῦ
497 4458 652 4523 Θεοῦ,
687 4461 828 4512 κατὰ
858 4458 950 4512 τὸν
1003 4458 1394 4530 εὐαγγελιστὴν
1453 4459 1703 4530 Ἰωάννην
1736 4474 1750 4489 ο
1810 4459 1925 4512 ἀλλ’

2552 3742 2839 3822 nonum
2866 3760 3055 3817 xun.

2568 3878 2647 3932 De
2672 3877 2825 3931 inani
2851 3873 3047 3946 gloria.

2086 3995 2439 4070 Vanigiorius
2480 3992 2666 4062 reipsa
2692 3987 2940 4045 declarat
2959 3997 3181 4041 exesam
3198 3997 3257 4037 se
3280 3981 3484 4036 habere
3504 3979 3602 4035 Dei

2018 4090 2249 4163 gloriam
2286 4105 2300 4141 :
2337 4086 2407 4141 ab
2434 4081 2758 4139 hominibus
2785 4078 2935 4133 enim
2970 4075 3164 4131 laudes
3189 4078 3373 4143 captat
3406 4086 3470 4126 ac
3503 4085 3603 4125 ve-

2014 4161 2179 4237 natur
2205 4192 2471 4250 perquam
2497 4173 2764 4229 suaviter.
2798 4169 2939 4223 iiinc
2968 4167 3037 4222 ad
3073 4182 3169 4222 eas
3197 4179 3383 4220 secum
3429 4161 3604 4217 ambi-

2019 4272 2212 4329 tiosius
2246 4266 2521 4325 subsuitat
2549 4281 2613 4319 ac
2642 4261 2924 4333 praegestit
2953 4258 3249 4330 gloriosius
3296 4270 3467 4325 quam
3516 4253 3605 4307 vel

2018 4362 2387 4432 coepulonum
2413 4329 2790 4428 quantusiibet
2827 4329 3024 4406 coetus.
3063 4348 3209 4403 Talis
3266 4356 3327 4402 ut
3379 4345 3607 4400 humani
3641 4337 3644 4341 ’
3752 4329 3757 4334 ’

2019 4453 2224 4511 favoris
2248 4459 2502 4521 captator
2523 4445 2841 4518 iudicatur:
2870 4443 2938 4497 ab
2968 4440 3287 4496 hominibus
3315 4437 3463 4492 enim
3497 4435 3605 4490 sibi

354 4551 544 4622 ὥσπερ
583 4550 672 4604 διὰ
711 4549 1051 4619 θλίψεως,τά
1094 4550 1275 4620 ἀγαθά
1303 4529 1416 4614 τοῖς
1444 4529 1751 4622 ἀνθρώποις
1779 4550 1911 4621 ἡτοί·

2023 4546 2322 4603 exhibitam
2372 4541 2625 4614 gloriam,
2678 4551 2793 4608 pra:
2843 4533 3015 4605 gloria
3068 4532 3164 4586 Dei
3209 4529 3406 4601 diligit,
3451 4529 3609 4599 juxta

358 4658 581 4712 μασται,
630 4641 805 4706 οὕτως
855 4643 952 4696 καὶ
1010 4642 1078 4696 τὰ
1137 4643 1282 4697 κακά
1348 4644 1438 4697 διὰ
1480 4644 1782 4708 κενοδοξίας
1830 4644 1928 4698 καὶ

356 4734 567 4804 ἡδονῆς.
614 4733 766 4798 Ῥίζα
792 4733 901 4804 γὰρ
952 4736 1185 4807 αἰσχρᾶς
1237 4736 1534 4807 ἐπιθυμίας
1584 4736 1928 4807 ἀνθρώπινος

356 4825 575 4890 ἔπαινος
610 4840 623 4855 ⁶
660 4826 759 4897 οὐχ
781 4827 913 4879 ὅταν
943 4827 1232 4896 ἀκούωμεν
1263 4827 1423 4891 αύτά,
1457 4828 1572 4882 ἀλλ’
1624 4828 1753 4882 ὅταν
1787 4827 1928 4881 αύτά

357 4914 791 4986 καταδεχὼμεθα
820 4917 1014 4987 ἡδέως.
1059 4917 1123 4970 Ἦ
1162 4917 1273 4988 γὰρ
1304 4919 1599 4986 κενοδοξία,
1629 4920 1721 4973 καὶ¹
1737 4919 1922 4991 ἡδονὴ,

359 5005 506 5059 αίτια
538 5006 776 5078 ὑπάρχει
826 5008 1009 5078 πάσης
1042 5008 1257 5081 κακίας.
1301 5007 1373 5061 Τδ
1412 5010 1582 5073 πάθος
1630 5010 1789 5065 τοῦτο
1828 5011 1932 5080 τῆς

362 5096 667 5163 κενοδοξίας
692 5098 834 5152 πάνυ
866 5099 1218 5171 πολύμορφόν
1257 5100 1405 5153 ἐστιν
1450 5100 1546 5153 καὶ
1585 5099 1926 5166 λεπτότατον,

362 5184 456 5240 καὶ
483 5187 543 5240 οὐ
570 5189 800 5258 ταχέως,
823 5190 933 5243 οὐδ’
958 5190 1050 5257 615’
1075 5191 1240 5244 αὐτοῦ
1279 5188 1373 5243 τοῦ
1406 5191 1800 5261 πειραζομένου
1836 5209 1935 5246 καο

362 5277 858 5350 ταλαμδανόμενον.
916 5280 1041 5335 Ἐπὶ
1089 5281 1199 5354 γὰρ
1248 5280 1359 5335 τῶν
1408 5281 1584 5336 ἄλλων
1632 5282 1816 5338 παθῶν
1877 5284 1935 5337 al

364 5371 665 5441 προσϐολαὶ
704 5373 1089 5446 ¹φανερώτεραι
1134 5375 1497 5445 τυγχάνουσιν
1522 5391 1537 5406 ο
1586 5375 1682 5429 καὶ
1729 5375 1937 5448 ἡψυχὴ

2024 4637 2412 4708 evangelistam
2433 4633 2700 4689 Joannem
2727 4647 2741 4682 :
2771 4642 2903 4683 sane
2937 4633 2996 4680 ut
3020 4633 3148 4679 sunt
3172 4621 3487 4677 hominibus
3514 4635 3610 4689 ap-

2025 4737 2213 4801 parata
2238 4728 2385 4783 bona
2416 4739 2515 4794 per
2533 4722 2893 4779 aliiictionum
2921 4715 3293 4781 tolerantiam,
3320 4715 3393 4769 ita
3423 4722 3479 4768 ct
3512 4726 3613 4781 per

2025 4820 2242 4874 inanem
2288 4816 2514 4888 gloriam
2557 4821 2720 4882 atque
2749 4810 3063 4865 iliecebram
3097 4806 3395 4876 voluptatis
3427 4804 3614 4858 conci-

2023 4913 2229 4967 liantur
2259 4910 2420 4965 maia.
2454 4907 2630 4963 Radix
2658 4904 2893 4976 proinde
2914 4903 3171 4957 obscena:
3193 4915 3257 4955 ac
3282 4897 3461 4967 turpis
3481 4912 3613 4951 con-

2027 5000 2384 5072 cupisceutia:
2417 5005 2503 5054 est
2549 5012 2618 5053 cx
2666 4994 2988 5050 hominib‘us
3041 4989 3304 5060 aucupari
3360 4987 3606 5050 laudem,

2028 5106 2135 5149 non
2160 5092 2383 5162 quidem
2412 5091 2531 5157 ipso
2566 5087 2751 5143 statim
2810 5084 3047 5141 articulo
3106 5080 3449 5143 tentationis,
3512 5076 3610 5131 sed

2029 5192 2163 5239 tunc
2177 5199 2301 5238 cum
2320 5189 2580 5251 exceptas
2602 5180 2750 5233 illam
2775 5185 2832 5233 et
2854 5189 3117 5247 perquam
3150 5170 3390 5226 suaviter
3410 5166 3612 5222 admit-

2034 5276 2122 5331 tis.
2153 5276 2319 5331 Piane
2357 5274 2580 5328 malitia:
2621 5271 2804 5326 omnis
2841 5267 3040 5321 artifex
3085 5277 3225 5317 vana
3286 5268 3370 5314 est
3415 5258 3619 5329 gloria,

2034 5376 2197 5430 simul
2234 5384 2291 5430 et
2323 5375 2600 5443 voluptas.
2639 5366 2852 5437 1096
2895 5363 3131 5418 Ail‘ectio
3164 5358 3396 5431 proinde
3437 5356 3614 5412 ambi-

433 5531 481 5565 ι·
509 5531 651 5586 Psal.
683 5547 737 5585 ν.
768 5506 822 5586 7.
899 5532 1109 5599 ιτερεπι.
1148 5545 1292 5594 ωε,
1330 5530 1418 5584 12.
1497 5530 1540 5563 ι·
1567 5528 1711 5584 Psai.
1744 5544 1818 5592 ιι,
1843 5528 1897 5583 5.

2012 5533 2017 5558 '
2046 5530 2205 5585 Prov.
2244 5545 2369 5593 xxx,
2402 5530 2458 5590 7,
2495 5525 2581 5599 8._
2613 5527 2669 5599 _’°
2697 5526 2856 5579 Prov.
2889 5520 3105 5599 $1.32.
3158 5521 3416 5599 Δξ¹“ῐ⁵ι·ον,
3446 5536 3501 5586 x,
3536 5520 3603 5599 ξ.

368 5603 412 5634 η
438 5600 595 5656 Prov.
632 5616 779 5665 xxvr,
811 5600 898 5656 28.
980 5601 1025 5633 "
1060 5600 1217 5655 Prov.
1251 5610 1363 5659 χιχ,
1401 5600 1488 5652 15.
1566 5600 1612 5632 ⁸⁵
1643 5600 1776 5655 ibid.
1806 5599 1858 5653 9.

2024 5601 2184 5654 Prov.
2221 5615 2333 5658 xxi.
2368 5600 2459 5652 28.

1962 5671 2003 5701 ³¹
2057 5669 2215 5724 Prov.
2277 5685 2386 5734 xix,
2422 5668 2514 5722 22.
2595 5666 2639 5698 ⁸¹
2673 5663 2872 5733 Ephcs.
2907 5678 2982 5729 Iv,
3016 5662 3111 5720 25.

368 5673 411 5703 ’⁸
439 5671 600 5727 Prov.
624 5686 735 5730 xlv.
790 5672 845 5725 5.
922 5671 967 5702 ”
1002 5669 1136 5723 ibid.
1172 5670 1258 5724 l5.
1336 5670 1382 5702 ³ο
1434 5670 1600 5724 Prov.
1635 5684 1767 5736 xvn,
1828 5667 1882 5723 4.

367 5741 409 5772 ³⁵
435 5740 567 5797 ibid.
607 5741 661 5795 4.
739 5740 804 5771 ³δ⁵
832 5739 945 5795 Jac.
983 5754 1062 5805 ill,
1099 5739 1183 5794 l4.
1261 5738 1306 5771 ³⁸
1331 5739 1486 5795 Joan.
1522 5754 1634 5803 \‘lll,
1670 5739 1758 5793 Η.

2537 5596 2584 5625 ’⁸
2613 5596 2776 5650 Prov.
2808 5610 2952 5655 xxxv,
2985 5593 3078 5647 ‘28.
3156 5592 3201 5624 "’
3232 5589 3393 5643 Prov.
3428 5605 3503 5654 vn,
3536 5590 3602 5645 9.

3209 5660 3255 5694 ³³
3285 5660 3405 5716 Act.
3432 5674 3491 5724 ν,
3537 5658 3608 5714 3..
