3986 6148
446 265 469 328 1
482 268 582 343 55.7

443 484 608 541 quam
637 476 724 522 est
756 465 960 521 malum
992 464 1230 519 subtile!
1270 465 1421 519 Adeo
1450 465 1597 520 enim
1632 466 1822 534 nequit
1860 465 2018 533 plane

442 557 769 621 internosci,
823 564 885 610 ut
935 571 1006 610 ne
1056 555 1139 610 vel
1175 555 1243 609 ab
1293 571 1362 610 eo
1390 555 1484 623 qui
1521 563 1790 620 tentatur,
1821 554 2019 623 depre-

447 650 614 705 hendi
673 646 832 703 facile
882 647 1098 716 possint
1143 647 1529 715 impressiones
1580 647 1728 700 illius
1777 647 1857 700 sic
1890 646 2021 699 insi-

446 743 632 798 diosae.
664 741 916 795 Attamen
949 755 1071 809 quae
1095 738 1385 793 adversum
1434 754 1492 792 se
1548 737 1745 792 instrui
1790 738 2018 803 bellum,

448 834 606 888 initio
639 831 758 902 ipso
782 832 937 885 novit
994 831 1197 895 anima,
1255 830 1525 900 ejusmodi
1579 833 1835 886 incursus
1879 844 1909 883 a
1961 844 2020 883 se

447 925 608 980 facile
641 923 948 978 remollitur
985 938 1050 977 ac
1079 923 1323 992 depellit,
1357 924 1400 977 si
1448 922 1671 991 quidem
1704 921 1770 976 ad
1807 923 2020 991 asylum

447 1013 739 1084 sutl‘ugerit
807 1013 1090 1066 orationis.
1163 1013 1230 1066 Et
1305 1013 1527 1082 quidem
1571 1013 1760 1066 isthaec
1817 1011 2023 1066 malitia

448 1120 575 1159 cum
604 1111 685 1158 tot
723 1103 912 1158 induat
949 1101 1173 1167 formas,
1223 1101 1330 1154 dici
1375 1102 1463 1154 vix
1511 1101 1686 1169 possit
1735 1116 1898 1170 quam
1939 1109 2024 1154 est

450 1195 688 1251 difficilis
733 1202 1065 1264 expugnatu.
1104 1193 1164 1247 In
1205 1193 1354 1247 omni
1392 1208 1562 1262 prope
1584 1192 1804 1262 negotio
1833 1191 2024 1260 irrepit

451 1289 610 1352 clam,
648 1287 702 1342 in
729 1287 940 1348 habitu,
974 1287 1032 1340 in
1078 1285 1349 1356 elegantia
1393 1284 1600 1348 formae,
1651 1286 1710 1338 in
1762 1284 1881 1353 ipso
1935 1282 2022 1336 in-

451 1395 631 1442 cessu,
670 1380 724 1433 in
755 1393 889 1432 voce
920 1393 985 1431 ac
1013 1392 1289 1442 sermone,
1334 1375 1389 1429 in
1433 1374 1673 1439 silentio,
1729 1373 1785 1428 in
1835 1389 2021 1443 opere,

452 1470 509 1523 in
552 1468 774 1538 vigiliis,
811 1467 867 1521 in
918 1467 1163 1538 jejuniis,
1208 1467 1263 1520 in
1290 1466 1559 1530 oratione,
1593 1465 1647 1518 in
1676 1465 1934 1526 lectione,
1969 1463 2025 1517 in

409 1603 417 1608 .
451 1560 660 1628 quiete,
696 1559 751 1612 in
781 1559 1078 1626 longanimi
1117 1558 1429 1612 tolerantia.
1453 1558 1557 1612 Per
1577 1557 1693 1610 haec
1715 1557 1900 1610 omnia
1925 1555 2027 1608 ho-

452 1648 657 1704 minem
691 1647 782 1702 Dei
844 1661 1174 1717 magnopere
1228 1645 1412 1699 studet
1462 1644 1635 1713 gloria
1689 1642 1869 1696 inanis
1911 1641 2026 1694 suis

451 1735 721 1792 conﬁcere
757 1735 900 1790 telis.
937 1715 995 1790 Si
1033 1733 1256 1803 quando
1283 1731 1622 1802 perspexerit
1647 1743 1753 1783 non
1781 1725 2026 1797 potuisse
2058 1715 2099 1770 Β

451 1852 510 1894 se
535 1851 634 1907 per
665 1837 1120 1892 vestimentorum
1147 1835 1334 1888 luxum
1362 1831 1723 1902 profusiorem
1751 1828 2028 1883 hominem

451 1929 722 1999 prolicere
752 1927 818 1981 ad
846 1927 928 1980 sui
953 1940 1303 1985 consensum,
1331 1923 1486 1977 illum
1514 1922 1784 1984 adoritur,
1821 1927 1882 1973 ut
1906 1927 2028 1972 ten-

454 2025 533 2072 tet
545 2032 643 2086 per
662 2015 832 2071 vestis
855 2014 1161 2069 sorditiem.
1180 2013 1350 2082 Cujus
1364 2012 1608 2067 animum
1626 2008 1939 2079 nequiverit
1959 2006 2028 2061 ad

454 2119 781 2160 consensum
812 2103 1069 2158 elationis
1110 2101 1401 2158 deﬂectere
1432 2101 1743 2171 objectione
1779 2097 2026 2161 honoris,

456 2196 603 2250 hunc
624 2209 690 2248 eo
715 2195 874 2260 tollit,
910 2202 968 2248 ut
999 2195 1082 2248 vel
1103 2195 1213 2263 jam
1232 2194 1542 2247 consentiat
1561 2190 1907 2261 arrogantiae,
1932 2203 2030 2258 per

454 2284 562 2339 hoc
582 2283 732 2354 quod
750 2299 908 2354 aequo
925 2283 1031 2339 fert
1043 2285 1228 2337 animo
1243 2298 1300 2338 se
1320 2282 1616 2352 ignominia
1635 2281 1868 2350 aspergi.
1891 2280 1971 2335 Ru
1981 2296 2032 2332 r-

456 2391 570 2439 sus,
607 2375 654 2429 si
683 2364 904 2444 quando
932 2374 1267 2445 persuadere
1300 2374 1633 2442 nequiverit,
1665 2381 1726 2427 ut
1756 2371 1882 2440 quis
1911 2386 2029 2424 ma-

454 2462 649 2534 gniﬁce
681 2464 948 2534 glorietur
980 2464 1126 2534 quod
1149 2464 1221 2518 sit
1244 2463 1530 2532 eloquens,
1563 2461 1818 2516 eumdem
1839 2476 2031 2531 aggre-

455 2557 606 2611 ditur
628 2555 788 2626 quasi
817 2557 910 2626 qui
942 2558 1227 2626 requietus
1252 2554 1323 2610 sit
1344 2565 1400 2611 et
1427 2555 1758 2629 taciturnus,
1805 2567 1870 2607 ac
1901 2567 2032 2622 pro-

454 2647 748 2717 pemodum
815 2647 1024 2702 inescat
1075 2657 1131 2702 ct
1195 2646 1413 2717 prolicit
1457 2645 1524 2700 ad
1557 2659 1886 2700 consensum
1935 2657 2035 2712 per

458 2737 912 2792 taciturnitatem.
965 2737 1138 2803 Quem
1166 2754 1272 2792 non
1308 2737 1552 2807 potuerit
1575 2737 1643 2792 ad
1675 2736 2033 2792 ambitionem

457 2828 642 2900 gloriae
664 2829 911 2883 emollire
943 2845 1042 2898 per
1074 2829 1387 2883 eduliorum
1412 2837 1662 2897 sumptus
1695 2826 2030 2897 magniﬁcos,

459 2919 611 2974 hunc
631 2917 1050 2973 dissolvitlaudi
1082 2919 1316 2988 propriae
1345 2927 1407 2972 ut
1447 2918 1757 2973 consentiat
1807 2933 1905 2987 per
1950 2918 2036 2987 je-

1705 272 2074 334 ANTIOCHI
2116 271 2462 332 MONACHI

442 379 636 436 tiosior
663 375 851 448 glorias
883 374 1043 431 istius
1066 374 1264 440 inanis,
1289 390 1452 444 quam
1491 384 1576 429 est
1623 374 2008 429 multiformis!
2044 389 2087 444 Α

3576 263 3697 327 1568

2119 376 2296 446 ῥᾴδιον
2340 374 2698 442 ἐπιγινώσκει
2732 375 2823 428 τὸν
2861 377 2996 444 πρὸς
3030 375 3166 428 αὕτά
3195 372 3470 446 πόλεμον,
3507 372 3595 426 καὶ
3620 377 3695 429 διὰ

2122 465 2429 533 προσευχῆς
2457 462 2645 516 τοῦτον
2671 465 2988 535 ἀνατρέπει.
3036 464 3102 516 Ἢ
3137 463 3192 516 δέ
3231 462 3346 532 τῆς
3406 463 3694 527 κενοδοξίας

2121 556 2312 621 κακία,
2357 556 2431 617 ὡς
2473 551 2606 608 οὖσα
2634 555 3004 625 πολύμορφος,
3033 552 3558 620 δυσκαταγ-ώνιστος
3583 571 3694 621 τυγ-

2121 648 2294 716 χάνει.
2339 647 2428 699 Ἐν
2455 646 2618 699 παντὶ
2645 645 2754 715 γὰρ
2808 644 3205 714 ἐπιτηδεύματι
3265 643 3692 713 παρυφίσταται,

2122 737 2177 788 ἐν
2233 753 2291 789 τε
2348 737 2586 805 σχήματι
2648 736 2745 790 καὶ
2800 737 2856 788 ἐν
2909 737 3092 805 μορφῇ
3138 735 3232 787 καὶ
3269 737 3332 786 ἐν
3395 733 3690 802 βαδίσματι,

2124 827 2219 880 καὶ
2249 829 2305 879 ἐν
2336 829 2508 896 φωνῇ,
2539 828 2637 879 καὶ
2680 828 2740 880 ἐν-
2765 826 2926 895 λόγῳ,
2977 827 3072 878 καὶ
3128 825 3187 877 ἐν
3240 828 3459 894 σιωπῇ,
3513 825 3602 877 καὶ
3647 828 3693 876 ἐν

2123 915 2288 986 ἔργῳ,
2319 917 2411 968 καὶ
2442 918 2499 968 ἐν
2526 916 2876 985 ἀγρυπνίαις,
2911 915 3005 968 καὶ
3036 917 3093 967 ἐν
3140 917 3453 985 νηστείαις,
3506 917 3596 968 καὶ
3643 917 3693 967 ἐν

2124 1009 2278 1078 εὐχῇ,
2319 1008 2414 1060 καὶ
2455 1009 2512 1060 ἐν
2547 1007 2874 1074 ἀναγνώσει,
2907 1007 3000 1059 καὶ
3027 1008 3085 1058 ἐν
3122 1006 3356 1076 ἡσυχίᾳ,
3394 1006 3493 1058 καὶ
3529 1007 3583 1058 ἐν
3607 1024 3690 1074 μα-

2125 1097 2395 1167 κροθυμία
2429 1113 2442 1128 ·
2472 1097 2562 1151 διὰ
2605 1097 2809 1150 τούτων
2865 1096 3093 1150 πάντων
3141 1097 3430 1165 ἐπιχειρεῖ
3481 1096 3572 1149 τὸν
3611 1095 3690 1149 τοῦ

2124 1186 2259 1238 Θεοῦ
2316 1185 2604 1256 ἄνθρωπον
2646 1185 3052 1250 κατατοξεύειν.
3110 1185 3283 1238 Ὅταν
3331 1185 3448 1255 γὰρ
3511 1187 3582 1254 μὴ
3625 1187 3696 1238 δυ-

2125 1276 2262 1347 νηθῇ
2283 1275 2371 1328 διά
2398 1277 2703 1330 πολυτελῶν
2733 1276 3046 1347 ἐνδυμάτων
3070 1275 3206 1346 πρὸς
3231 1277 3554 1340 κενοδοξίαν
3576 1279 3692 1330 ἀπο-

2128 1369 2346 1437 στῆσαι,
2377 1368 2445 1421 δι’
2483 1368 2715 1422 εὐτελῶν
2737 1369 3007 1440 ἐπιχειρεῖ
3038 1369 3350 1440 πειράζειν.
3380 1371 3494 1423 Καὶ
3526 1370 3581 1422 ὃν
3608 1371 3691 1422 οὐκ

2125 1461 2363 1530 ἠδυνήθη
2405 1461 2494 1514 διὰ
2546 1461 2711 1531 τιμῆς
2755 1462 2979 1532 ἐπᾶραι,
3032 1461 3219 1514 τοῦτον
3272 1462 3367 1514 διὰ
3421 1462 3482 1513 τὸ
3529 1461 3696 1530 φέρειν

2125 1551 2287 1621 δῆθεν
2317 1552 2561 1622 ἀτιμίαν,
2595 1555 2675 1616 είς
2707 1553 2964 1606 ἀπόνοιαν
3003 1551 3171 1622 αῐρει.
3203 1553 3321 1606 Καὶ
3353 1553 3414 1605 ὃν
3445 1553 3545 1604 οὐκ
3589 1551 3693 1620 ἡδυ-

2129 1643 2268 1714 νήθη
2301 1647 2488 1696 πεῖσαι
2520 1643 2586 1696 δι’
2627 1645 2934 1715 ἐπιστήμην
2962 1644 3136 1712 λόγων
3165 1642 3493 1708 κενοδοξεῖν,
3526 1643 3691 1696 τοῦτον

2127 1733 2215 1787 διὰ
2265 1735 2478 1804 σιωπῆς
2525 1733 2600 1798 ὡς
2644 1735 2845 1806 ἥσυχον
2877 1736 3036 1805 δῆθεν
3061 1734 3310 1799 δελεάζει
3345 1753 3361 1768 ο
3399 1735 3497 1788 καὶ
3523 1735 3577 1787 ὃν
3605 1735 3690 1786 οὐκ

2127 1825 2373 1895 ἠδυνήθη
2407 1825 2495 1880 διὰ
2523 1825 2872 1889 πολυτελείας
2909 1826 3213 1898 βρωμάτων
3242 1827 3554 1897 χαυνῶσαι,
3581 1824 3689 1878 τοῦ·
3783 1839 3786 1842 ’

2126 1931 2217 1968 τον
2236 1915 2322 1968 διὰ
2363 1915 2617 1986 νηστείας
2640 1916 2776 1986 πρὸς
2811 1915 3029 1969 ἔπαινον
3085 1917 3292 1973 ἐκλύει.
3349 1916 3464 1970 Καὶ
3523 1915 3688 1978 ἁπλῶς

2130 2009 2238 2061 πᾶν
2278 2000 2618 2078 ἐπιτήδευμα
2660 2009 2932 2077 πρόφασιν
2957 2010 3188 2081 παρέχει
3218 2009 3465 2080 πολέμου
3503 2008 3576 2076 τῷ
3606 2024 3689 2060 πο-

2130 2099 2280 2171 νηρῷ
2309 2100 2483 2171 τούτῳ
2515 2099 2749 2169 δαίμονι.
2786 2101 2986 2154 Λοιπὸν
3015 2101 3337 2170 εὑρίσκεται
3368 2102 3398 2154 ὁ
3432 2097 3688 2162 κενόδοξος

2134 2189 2361 2260 μοναχὸς
2387 2189 2460 2253 ὡς
2484 2189 2722 2261 ἐργάτης
2752 2189 3002 2258 ἄμισθος.
3030 2191 3134 2243 Τὸν
3153 2191 3263 2261 γὰρ
3292 2191 3458 2243 πόνον
3479 2189 3684 2258 ὑπέστη,

2132 2281 2224 2336 καὶ
2250 2281 2345 2335 τὸν
2378 2281 2567 2352 μισθὸν
2597 2282 2695 2335 οὐκ
2725 2282 2937 2336 ἔλαϐεν.
2977 2281 3043 2335 Ἢ
3072 2283 3182 2354 γάρ
3212 2283 3494 2348 κενοδοξία
3543 2280 3685 2335 ἀπόλ-

2131 2372 2285 2425 λυσιν
2343 2373 2569 2442 μισθοὺς
2624 2373 2852 2443 ἀρετῶν.
2906 2373 3016 2426 Καὶ
3048 2372 3240 2445 ὥσπερ
3293 2374 3446 2428 λίθου
3486 2371 3605 2443 βολὴ
3633 2371 3685 2423 οὐ

2135 2464 2311 2536 φθάνῃ
2339 2465 2418 2528 εἰς
2448 2465 2697 2535 οὐρανὸν,
2732 2464 2906 2529 οὕτως
2954 2465 3075 2519 οὐδὲ
3114 2467 3400 2536 προσευχὴ
3449 2467 3683 2534 ἀνθρωπη

2133 2559 2372 2630 αρέσκου
2391 2558 2728 2628 ἀναϐήσεται
2752 2558 2889 2628 πρὸς
2909 2556 3000 2610 τὸν
3025 2557 3176 2611 Θεόν.
3203 2559 3262 2612 '0
3281 2559 3544 2629 φρόνιμος
3564 2554 3684 2624 ἀνὴρ

2133 2647 2364 2720 κρύπτει
2389 2647 2680 2719 θησαυρὸν,
2712 2649 2807 2701 καὶ
2843 2647 3045 2718 ἀρετῆς
3074 2648 3280 2701 πόνον·
3337 2647 3549 2709 συνετὸς
3601 2661 3682 2713 μο-

2135 2740 2298 2811 ναχὸς
2327 2739 2422 2811 τὴν
2453 2740 2717 2810 μέλισσαν
2750 2742 3022 2810 μιμεῖται,
3071 2740 3271 2806 ἔξωθεν
3327 2741 3505 2810 φέρων
3543 2736 3679 2806 ἄνθη,

2136 2833 2228 2884 καὶ
2276 2831 2476 2884 ἔσωθεν
2522 2829 2712 2900 κηρίον
2747 2830 3134 2900 ἐργαζόμενος.
3165 2831 3259 2901 Μὴ
3293 2831 3547 2901 πωλήσῃς
3574 2829 3681 2889 τοὺς

2138 2925 2334 2987 πόνους
2398 2941 2490 2976 σου
2547 2922 2673 2994 δόξῃ
2717 2922 3049 2993 ἀνθρωπίνῃ,
3111 2922 3246 2993 μηδὲ
3276 2925 3378 2993 τὴν
3414 2921 3680 2992 μέλλουσαν

457 3009 675 3081 junium
710 3018 766 3063 et
799 3009 928 3063 vitae
959 3009 1349 3078 frugalitatem.
1372 3010 1550 3078 thue
1576 3009 1904 3078 compendio
1941 3008 2037 3062 ab-

2141 3015 2297 3080 δόξαν
2321 3011 2532 3084 προδῷς
2557 3011 2622 3064 δι’
2649 3011 2836 3081 εὐτελῆ
2869 3012 3165 3082 εὐφημίαν.
3190 3012 3334 3078 Δόξα
3365 3013 3472 3082 γὰρ
3496 3010 3678 3077 ἀνθρων

463 3102 695 3164 solvam,
726 3100 941 3153 nullum
981 3115 1088 3152 non
1119 3115 1292 3168 genus
1337 3099 1754 3153 exercitationis
1801 3099 2036 3152 daemoni

465 3188 596 3243 huic
627 3187 864 3256 reprobo‘
905 3187 1251 3240 occasionem
1306 3186 1549 3256 suggerit
1602 3185 1893 3241 conciendi
1940 3185 2040 3240 ad-

463 3295 684 3336 versum
711 3293 810 3332 nos
851 3278 1002 3332 belli.
1043 3278 1292 3345 Denique
1343 3277 1646 3331 monachus
1704 3275 2042 3344 comperitur

468 3371 697 3426 honoris
735 3385 856 3426 esse
914 3369 1320 3433 ambitiosulus,
1369 3377 1432 3422 ut
1488 3368 1582 3438 qui
1633 3367 1917 3422 beneﬁcus
1971 3367 2042 3422 sit

468 3464 607 3518 citra
642 3461 966 3532 condignam
1007 3459 1314 3514 mercedem
1349 3477 1360 3513 :
1397 3459 1641 3515 laborem
1677 3459 1826 3514 enim
1879 3459 2044 3513 susti-

471 3551 613 3616 nuit,
667 3565 771 3605 nec
830 3549 1026 3618 recipit
1071 3549 1156 3602 sui
1221 3547 1529 3602 mercedem
1571 3548 1798 3602 laboris.
1849 3547 2044 3602 lsthaac

471 3642 659 3713 gloria:
715 3649 995 3695 momento
1051 3640 1429 3695 evanescentis
1479 3638 1790 3707 cupiditas,
1843 3637 2042 3691 misere

474 3729 658 3800 perdit
687 3730 971 3784 mercedes
994 3728 1210 3782 debitas
1239 3727 1452 3780 virtuti.
1484 3727 1552 3781 Et
1577 3725 2043 3796 quemadmodum

476 3822 617 3892 lapis
658 3821 712 3877 in
764 3836 889 3875 aera
949 3827 1255 3882 contortus,
1305 3817 1374 3872 ad
1414 3817 1539 3872 cmli
1578 3832 1753 3886 usque
1805 3831 2046 3871 convexa

478 3928 757 3982 nunquam
803 3911 1086 3981 pertingit,
1135 3909 1209 3964 ita
1251 3924 1354 3964 nec
1380 3909 1622 3963 hominis
1651 3909 1827 3964 oratio
1855 3910 2050 3963 huma-

477 4019 578 4058 nos
602 4003 816 4056 favores
837 4001 1106 4071 captantis
1154 4001 1221 4055 ad
1270 4016 1432 4056 aures
1473 4001 1570 4055 Dei
1628 4016 1870 4069 unquam
1919 4014 2052 4054 con-

479 4094 722 4149 scendet.
749 4093 862 4158 Vir,
905 4092 1152 4163 prudens
1185 4092 1230 4146 si
1276 4100 1380 4156 est,
1444 4093 1782 4153 thesaurum.
1825 4108 2050 4162 suaeque

481 4184 703 4238 virtutis
753 4184 998 4238 laborem
1052 4184 1254 4238 occulit
1302 4199 1368 4238 ac
1422 4183 1693 4238 recondit.
1759 4183 2054 4238 Monachus

484 4275 794 4345 intelligens
845 4275 1182 4346 ingeniosam
1226 4281 1283 4328 et
1305 4275 1562 4329 solertem
1592 4274 1837 4328 imitatur
1865 4275 2054 4344 apicu-

2142 3105 2273 3174 πίνη
2310 3105 2388 3166 είς
2417 3103 2547 3172 χοῦν
2571 3105 2926 3172 κατασκηνοῖ,
2959 3103 3052 3156 καὶ
3079 3103 3145 3156 τὸ
3175 3102 3336 3166 κλέος
3361 3102 3528 3171 αὐτῆς
3550 3099 3680 3153 σϐέν-

2140 3212 2316 3248 νυται.
2363 3194 2426 3246 Ἡ
2451 3193 2508 3246 δὲ
2541 3193 2637 3262 τῆς
2663 3193 2864 3263 ἀρετῆς
2897 3192 3024 3258 δόξα
3071 3195 3222 3263 μένει
3271 3197 3354 3258 εἰς
3397 3194 3485 3248 τὸν
3512 3190 3678 3246 αἰῶνα.

2153 3283 2344 3353 Ἡμεῖς
2374 3277 2487 3347 οῦν,
2541 3284 2837 3352 ἀγαπητοὶ,
2893 3283 2968 3355 μὴ
3017 3285 3197 3355 δῶμεν
3247 3285 3434 3357 χώραν
3477 3283 3603 3336 ὥστε
3631 3277 3681 3331 τὸ

2143 3375 2310 3437 πάθος
2335 3374 2491 3428 τοῦτο
2521 3374 2809 3444 κυριεῦσαι
2862 3375 3020 3445 ήμῶν
3055 3393 3068 3406 ·
3121 3377 3450 3448 φοϐούμενοι
3488 3373 3569 3428 τὸν
3611 3369 3680 3424 λέ·

2142 3481 2328 3534 γονταο
2362 3484 2380 3517 ι
2427 3465 2486 3517 '0
2509 3465 2639 3527 Θεὸς
2666 3466 2992 3538 ἐσκόρπισεν
3018 3468 3155 3520 ὀστᾶ.
3175 3466 3673 3538 ἀνθρωπαρέσκων.»

2154 3556 2440 3622 Ἐπόμενοι
2482 3556 2540 3609 δὲ
2583 3557 2783 3626 μᾶλλον
2817 3557 2895 3628 τῷ
2918 3559 3262 3631 ἀποστολικῷ
3295 3559 3444 3632 ρητῴ
3472 3556 3688 3623 εἴπωμεν»

2145 3647 2452 3718 εἰλικρινῶς
2487 3665 2501 3678 ο
2549 3667 2567 3700 ι
2610 3649 2769 3719 Ἀρτι
2795 3649 2900 3719 γάρ
2931 3649 3252 3722 ἀνθρώπους
3292 3653 3481 3714 πείθω,
3532 3648 3561 3717 ἢ
3606 3645 3677 3696 τδν

2144 3738 2314 3804 Θεὸν,
2377 3737 2408 3807 ἥ
2467 3738 2614 3808 ζητῶ
2662 3738 2971 3810 ἀνθρώποις
3025 3741 3323 3810 ἀρέσκειν;
3375 3742 3434 3795 Ei
3486 3738 3582 3806 γὰρ
3614 3733 3676 3784 ἔτι

2147 3826 2456 3898 ἀνθρώποις
2487 3829 2743 3899 ήρεσκον,
2772 3828 3013 3899 Χριστοῦ
3045 3830 3229 3894 δοῦλος
3252 3834 3355 3887 οὐκ
3388 3832 3450 3886 ἂν
3478 3831 3624 3900 ήμην.
3657 3839 3672 3872 ³

2148 3921 2260 3974 Καὶ
2291 3917 2448 3983 αὖθις
2475 3937 2488 3951 ’
2527 3939 2545 3972 ι
2580 3920 2765 3983 Οὕτως
2797 3920 3090 3991 λαλοῦμεν,
3121 3923 3218 3992 οὐχ
3269 3925 3349 3988 ὡς
3397 3923 3678 3994 ἀρέσκοντες

2150 4009 2473 4080 ἀνθρώποις,
2502 4009 2636 4063 ἀλλὰ
2655 4011 2735 4081 τῷ
2757 4011 2875 4081 Θεῷ
2893 4011 2970 4082 τῷ
2997 4011 3345 4083 δοκιμάζοντι
3374 4015 3466 4076 τὰς
3488 4005 3682 4078 καρδίας

2151 4100 2330 4171 ἡμῶν.
2366 4098 2502 4152 Οὔτε
2524 4100 2632 4170 γὰρ
2662 4101 2871 4171 (φησὶν)
2899 4103 2956 4155 ἐν
2981 4103 3123 4173 λόγῳ
3151 4103 3436 4166 κολακείας
3460 4093 3678 4167 ἐγενήθη·

2157 4207 2255 4260 μεν
2277 4190 2416 4261 πρὸς
2436 4192 2604 4261 ὑμᾶς,
2631 4191 2813 4254 καθὼς
2837 4194 3036 4257 οἴδατε,
3069 4192 3194 4247 οὔτε
3220 4196 3487 4266 προφάσει
3521 4188 3672 4241 πλεον-

2155 4285 2304 4349 εξίας
2330 4284 2481 4355 (Θεὸς
2515 4283 2784 4354 μάρτυς),’
2819 4282 2942 4336 οὕτε
2993 4283 3283 4354 ζητοῦντες
3316 4285 3376 4349 ἐξ
3423 4277 3676 4348 ἀνθρώπων

481 4365 611 4421 lam.
663 4365 812 4432 Quos
861 4376 1089 4421 externe
1141 4366 1399 4436 selegerit
1446 4364 1722 4432 ﬂosculos,
1774 4365 1953 4420 defert
2001 4367 2041 4420 ir

2157 4374 2334 4440 δόξαν.
2357 4393 2376 4427 ι
2397 4403 2466 4414 ——-
2491 4393 2508 4424 σ
2536 4375 2608 4427 Οὐ
2639 4373 2750 4444 γὰρ
2774 4376 2802 4427 ὁ
2831 4373 3020 4428 ἑαυτὸν
3041 4376 3394 4440 συνιστάνων,
3418 4372 3596 4426 ἐκεῖνος
3610 4360 3676 4413 δέ·

483 4457 806 4520 alvearium,
850 4459 1063 4512 interne
1097 4446 1432 4512 mellifieium
1456 4457 1751 4527 {avumque
1775 4458 2063 4527 operosius

485 4547 724 4603 conficit.
744 4549 822 4602 Ne
844 4548 1060 4602 labores
1081 4548 1290 4617 1097
1309 4557 1431 4603 tuos
1446 4549 1697 4602 humanae
1713 4548 1800 4602 isti
1819 4549 2061 4618 gloriolae

485 4654 726 4708 exponas
766 4639 952 4700 venui,
978 4655 1114 4694 neve
1142 4640 1382 4694 futuram
1420 4641 1651 4710 gloriam
1701 4641 1904 4708 prodas
1949 4650 2057 4694 tam

487 4730 582 4785 vili
606 4729 936 4792 mercedula,
961 4745 1156 4799 nempe
1183 4730 1254 4784 ob
1289 4731 1728 4801 qualemcunque
1773 4732 2062 4786 hominum

488 4821 752 4877 favorem.
781 4819 1028 4875 Humana
1067 4821 1239 4891 gloria
1278 4822 1536 4876 deorsum
1559 4823 1614 4876 in
1640 4823 1863 4892 pulvere
1905 4838 2065 4876 suum

491 4912 602 4984 ﬁgit
633 4911 1048 4966 tabernaculum
1079 4928 1093 4967 :
1132 4927 1303 4982 quare
1339 4914 1458 4983 ejus
1489 4915 1611 4968 laus
1649 4922 1925 4968 momento
1974 4929 2070 4968 ex-

491 5003 787 5075 stinguitur
808 5019 872 5058 ac
893 5002 1147 5073 deperit;
1195 5019 1316 5073 quae
1371 5015 1554 5060 autem
1604 5007 1795 5060 virtuti
1839 5005 2070 5060 debetur

492 5090 683 5159 gloria,
723 5090 877 5144 nullo
921 5089 1302 5160 intercipietur
1330 5107 1468 5146 aevo.
1505 5093 1614 5147 Nos
1642 5093 1830 5164 igitur,
1857 5094 2070 5149 charis-

493 5180 640 5243 simi,
672 5181 800 5236 huic
827 5181 1024 5237 animae
1053 5183 1458 5251 perturbationi
1482 5184 1661 5239 locum
1694 5202 1762 5240 ne
1785 5186 2062 5252 cedamus,

495 5288 564 5328 ne
593 5273 814 5342 quando
871 5275 1045 5328 nostri
1099 5275 1435 5331 dominetur.
1490 5276 1628 5332 Cum
1683 5277 1879 5332 timore
1938 5292 2064 5332 eum

496 5363 853 5419 cxaudiamus
893 5364 985 5433 qui
1033 5364 1168 5420 dicit
1198 5385 1209 5420 :
1271 5385 1290 5418 ι
1328 5368 1472 5423 Deus
1502 5369 1788 5440 dissipavit
1818 5384 1941 5423 ossa
1973 5385 2067 5424 eo-

500 5467 621 5506 rum
649 5454 746 5522 qui
772 5453 1088 5512 hominibus
1114 5460 1330 5528 placent
1353 5461 1414 5514 ³⁸.
1449 5481 1465 5514 ι
1494 5463 1860 5533 Apostolicam
1883 5462 2065 5533 potius

576 5631 622 5662 "
662 5632 802 5688 Psal.
850 5649 942 5699 ιιι,
976 5635 1027 5687 6.

2159 4482 2343 4535 κιμος,
2370 4463 2480 4518 ἀλλ’
2501 4464 2560 4516 ὃν
2580 4466 2606 4518 ὁ
2631 4454 2834 4536 Κύριος
2863 4465 3196 4535 συνίστησιν·
3230 4485 3246 4517 ι
3279 4464 3456 4526 καθώς
3488 4471 3627 4528 φησιν
3650 4450 3674 4516 ἢ

2164 4557 2413 4628 μακαρία
2445 4557 2613 4610 Ἀννα
2642 4558 2675 4626 ἡ
2702 4557 2795 4608 τοῦ
2820 4557 3075 4626 Σαμουήλ
3110 4573 3123 4588 ·
3168 4577 3186 4608 ι
3220 4557 3311 4628 Μὴ
3356 4548 3615 4624 καυχάσθω
3653 4542 3673 4590 ὁ

2163 4648 2424 4717 φρόνιμος
2473 4648 2529 4698 ἐν
2579 4649 2645 4716 τῇ
2697 4648 2959 4717 φρονήσει
3000 4647 3189 4712 αὐτοῦ,
3217 4654 3312 4702 καὶ
3348 4638 3382 4701 ὸ
3412 4639 3608 4700 δυνατὸς
3632 4634 3673 4682 έν

2163 4741 2230 4808 τῇ
2254 4738 2480 4807 δυνάμει
2525 4737 2708 4798 αὑτοῦ,
2742 4739 2835 4792 καὶ
2887 4740 2916 4792 ὁ
2969 4738 3222 4802 πλούσιος
3271 4741 3327 4792 ἐν
3383 4737 3454 4806 τῷ
3499 4727 3672 4789 πλούτῳ

2165 4826 2329 4881 αὑτοῦ
2363 4843 2377 4859 ο
2407 4826 2519 4880 ἀλλ’
2546 4829 2603 4881 ἐν
2643 4827 2722 4896 τῷ
2754 4826 3012 4890 συνιέναι,
3057 4827 3150 4880 καὶ
3197 4829 3370 4880 ποιεῖν
3417 4824 3569 4894 κρῖμα
3599 4808 3672 4864 καὶ

2163 4919 2533 4990 δικαιοσύνην.
2573 4938 2593 4972 ι
2648 4919 2705 4971 '0
2732 4919 2788 4971 δὲ
2833 4918 3087 4988 βασιλεὺς
3133 4918 3398 4982 Ἐζεκίας,
3437 4915 3523 4981 τὴν
3550 4903 3672 4990 δόξαν

2165 5010 2272 5065 τῶν
2302 5010 2602 5081 ἀνθρώπων
2637 5007 2973 5080 θηρώμενος,
3006 5009 3100 5062 καὶ
3142 5007 3459 5080 περιχαρείᾳ
3492 4987 3673 5081 κρατού-

2171 5119 2349 5173 μενος,
2385 5079 2553 5164 ἔδειξε
2584 5103 2697 5163 τοῖς
2717 5079 3024 5162 Χαλδαίοις
3053 5099 3178 5162 τοὺς
3209 5097 3500 5171 θησαυροὺς
3524 5079 3666 5173 αὐτῷ·

2173 5170 2281 5246 Καὶ
2333 5192 2620 5247 ἀπέστειλε
2675 5192 2880 5260 Κύριος
2924 5191 3016 5246 τὸν
3073 5191 3303 5244 Ἡσαΐαν
3332 5232 3346 5255 ,
3393 5170 3511 5256 πρὸς
3550 5170 3670 5230 αὐτὸν

2172 5283 2344 5350 λέγων
2375 5301 2387 5313 ·
2429 5301 2448 5333 ι
2491 5280 2620 5334 Ἰδοὺ
2661 5280 2869 5352 ήμέραι
2901 5281 3172 5351 ἔρχονται,
3221 5282 3317 5336 καὶ¹
3367 5273 3673 5352 ληφθήσοντιξτ

2173 5349 2350 5428 πάντα
2395 5373 2431 5427 ἃ.
2473 5371 2602 5439 ἴδον,
2766 5349 3084 5426 Βαϐυλῶνα.
3127 5391 3144 5423 ι
3206 5372 3295 5434 Ὦς
3352 5349 3438 5424 ml.
3465 5358 3534 5430 ἐφ’
3572 5349 3670 5421 ἡμῖν

2173 5461 2266 5518 νῦν
2293 5459 2534 5531 γέγονεν.
2579 5458 2993 5531 Ἐπαχύνθημεν
3017 5459 3124 5531 γὰρ
3157 5459 3254 5515 καὶ
3275 5449 3668 5516 ἀπελακτίσαμιν,
