3986 6148
300 381 436 452 I569
1322 389 1651 450 HOMILIA
1689 391 1892 454 XLIV.
1921 415 1987 424 ·-
2021 392 2116 451 DE
2158 383 2565 454 SUPERBIA.
3427 402 3562 471 1570

297 502 391 556 καὶ
414 500 732 574 παρέδωκεν
767 502 969 574 Κύριος
1015 495 1117 569 τὴν
1165 501 1319 573 ἰσχὺν
1361 505 1539 575 ήμῶν,
1570 505 1660 558 τὸν
1695 505 1867 575 τίμιοι

1977 507 2216 560 aemulati
2277 502 2611 560 sententiam
2665 508 2880 564 sincero
2932 520 3152 580 pectore
3203 528 3557 582 promamus:

299 591 552 660 σταυρὸν,
589 593 700 653 τοῖς
731 591 1042 656 Χαλδαίοις,
1089 591 1188 646 καὶ⁹
1217 593 1286 646 τὰ
1317 593 1446 660 am
1476 593 1632 663 ἡμῶν
1657 594 1867 663 ἐρήμω-

1980 615 1997 646 ι
2040 597 2198 651 Modo
2223 599 2375 653 enim
2416 598 2734 655 hominibus
2758 603 2978 666 suadeo,
3015 619 3083 656 an
3105 604 3254 658 Deo?
3277 621 3346 659 an
3374 623 3559 676 quer

299 697 416 733 σαν.
455 680 652 743 Καλῶς
680 676 776 734 οὖν
800 683 827 734 6
870 682 1286 753 Παροιμιαστὴς
1314 682 1499 750 λέγει·
1539 702 1558 734 ι
1592 683 1867 752 Κρείσσωι

1974 687 2293 744 hominibus
2322 691 2580 760 placere?
2615 690 2672 744 Si
2702 691 2849 745 enim
2882 693 3062 748 adhuc
3092 694 3411 752 hominibus
3437 700 3556 768 pla-

295 771 432 841 ἀνὴρ
487 773 545 823 ὲν
604 773 798 842 ἀτιμίᾳ
845 773 1026 843 ἐαυτῷ
1067 773 1352 838 δουλεύων,
1390 774 1476 844 ἢὸ
1504 774 1672 844 τιμὴν
1701 773 1867 843 ἑαυτῷ

1973 793 2176 843 cerem,
2217 779 2423 834 Christi
2475 796 2668 836 servus
2717 799 2828 835 non
2878 798 3056 837 essem
3109 786 3171 836 ³⁷.
3215 805 3234 836 ι
3285 787 3499 842 Rursus
3539 811 3551 842 :

296 860 560 931 περιθεὶς,
587 864 683 915 καὶ
712 863 1027 933 ἐνδεόμενος
1057 863 1247 934 άρτου.
1271 882 1289 915 ›
1328 863 1438 916 Kal.
1465 863 1628 916 πάλιν
1651 881 1663 892 ·
1699 881 1717 914 ι
1754 864 1867 932 Ἐγ-

1978 886 1996 918 (
2037 868 2128 923 Sic
2154 870 2433 939 loquimur
2452 887 2563 925 non
2598 873 2755 941 quasi
2777 873 3098 926 hominibus
3126 875 3425 943 placentes,
3457 879 3554 931 sed

296 953 625 1022 κωμιαζέτω
657 971 714 1007 σε
737 956 765 1007 ὁ
809 956 998 1020 πέλας,
1020 958 1115 1008 καὶ
1158 955 1233 1026 μὴ
1266 955 1326 1008 τὸ
1362 954 1452 1007 σὺν
1480 955 1678 1024 στόμαο
1715 955 1867 1008 άλλό·

1971 959 2106 1025 Deo,
2138 961 2232 1029 qui
2269 962 2469 1031 probat
2497 962 2666 1016 corda
2702 973 2888 1018 nostra
2919 981 2934 1031 ;
2968 981 3148 1033 neque
3177 967 3347 1031 enim,
3375 968 3473 1030 ait,
3499 969 3556 1024 in

293 1059 463 1112 τριος,
496 1045 589 1096 καὶ
613 1044 687 1115 μὴ
710 1045 777 1098 τὰ
812 1045 882 1097 σὰ
909 1047 1086 1115 χείλη.
1126 1065 1146 1100 ι
1187 1046 1244 1098 '0
1271 1045 1327 1098 δὲ
1353 1046 1661 1117 Ψαλμῳδός
1693 1063 1708 1079 ·
1745 1064 1764 1096 ι
1812 1043 1867 1097 '(l

1973 1067 2225 1107 sermone
2249 1053 2582 1109 adulationis
2606 1054 2811 1109 luimus
2838 1057 2982 1125 apud
3003 1073 3120 1122 vos,
3147 1059 3291 1112 sicut
3311 1067 3364 1112 et
3381 1059 3552 1124 scitis,

292 1131 424 1196 Θεὸς
443 1134 829 1204 διεσκόρπισεν
863 1136 997 1190 ὀστᾶ
1017 1136 1499 1210 ἀνθρωπαρέσκων
1517 1153 1531 1168 ·
1559 1136 1867 1206 κατῃσχύν-

1971 1159 2151 1214 neque
2184 1145 2240 1198 in
2272 1146 2559 1201 occasione
2609 1147 2891 1200 avaritiae:
2925 1148 3069 1202 Deus
3123 1150 3316 1203 testis:
3377 1165 3556 1220 neque

293 1224 462 1294 θησαν
491 1226 578 1278 ὅτι
612 1229 639 1279 6
661 1227 795 1290 Θεὸς
826 1227 1190 1292 ὲξουδὲνωσεν
1220 1230 1436 1293 αὐτούς.
1475 1248 1493 1282 ι
1524 1231 1634 1283 Kal.
1653 1232 1680 1282 6
1715 1228 1867 1281 Ἀπό-

1971 1244 2276 1306 quaerentes
2303 1237 2372 1291 ab
2403 1237 2721 1292 hominibus
2744 1238 3052 1308 gloriam".
3079 1259 3097 1291 ›
3118 1269 3187 1279 -
3211 1260 3228 1290 ι
3253 1240 3374 1294 Non
3406 1241 3554 1295 enim

294 1321 511 1382 στολος·
554 1338 572 1371 ι
608 1320 672 1372 Τί
705 1321 814 1390 γὰρ
838 1319 1004 1390 ἔχεις,
1042 1319 1070 1372 6
1091 1321 1190 1373 οὐκ
1220 1319 1412 1382 ἔλαϐες
1440 1335 1454 1385 ;
1490 1323 1538 1372 εί
1569 1319 1626 1373 δὲ
1658 1319 1866 1382 ἔλαϐες,

1971 1329 2066 1398 qui
2089 1330 2331 1399 seipsum
2361 1329 2730 1394 commendat,
2753 1330 2845 1383 ille
2866 1330 3132 1399 probatus
3149 1341 3252 1395 est,
3274 1331 3368 1386 sed
3389 1345 3581 1400 quem‘

290 1409 342 1461 τί
361 1411 631 1479 καυχᾶσαι
657 1410 732 1474 ὡς
757 1411 832 1480 μὴ
853 1411 1066 1468 λαϐώνξ
1096 1430 1112 1461 ι
1139 1411 1250 1464 Καὶ
1277 1413 1389 1473 τοῖς
1411 1413 1468 1464 ὲν
1489 1411 1703 1482 Κρήτῃ·
1730 1428 1749 1461 ‹
1777 1409 1867 1480 Μὴ

1974 1421 2240 1475 Dominus
2273 1422 2622 1476 commendat
2654 1422 2718 1476 ³⁸.
2755 1440 2773 1471 ι
2817 1420 2876 1474 In
2920 1422 3068 1476 hunc
3112 1424 3278 1476 etiam
3330 1425 3553 1478 modum

292 1501 348 1551 ἐν
370 1499 870 1572 ὀφθαλμοδουλείᾳ,
908 1502 983 1564 ὠς
1035 1500 1510 1572 ἀνθρωπάρεσκοι,
1567 1501 1683 1554 ἀλλ’
1714 1501 1742 1553 ὃ
1776 1503 1867 1554 ἐὰν

1972 1511 2219 1580 loquitur
2247 1512 2406 1566 beata
2440 1513 2530 1566 illa
2557 1512 2828 1568 Samuelis
2851 1522 3025 1567 mater
3049 1514 3205 1568 Anna
3237 1531 3249 1566 :
3281 1534 3298 1564 ι
3327 1515 3405 1569 Νε
3439 1515 3556 1585 glo-

291 1595 516 1654 ποιείτε,
550 1596 614 1646 ὲκ
642 1593 817 1665 ψυχῆς
852 1594 1176 1665 ἐργάζεσθε,
1211 1594 1285 1658 ὡς
1305 1595 1384 1664 τῷ
1415 1594 1624 1666 Κυρίῳ,
1648 1595 1739 1648 καὶ
1768 1594 1867 1648 ούκ

1973 1602 2151 1655 rietur
2195 1603 2437 1671 prudens
2475 1603 2530 1656 in
2577 1604 2871 1673 prudentia
2903 1621 3022 1672 sua,
3050 1616 3106 1659 et
3136 1615 3330 1674 potens
3361 1607 3416 1660 in
3453 1621 3554 1676 po-

289 1684 597 1755 ἀνθρώποις
621 1681 982 1750 δουλεύοντες.
1013 1688 1038 1739 ἰ

1974 1692 2147 1746 tentia
2189 1708 2308 1756 sua,
2345 1702 2402 1747 et
2431 1693 2586 1748 dives
2609 1695 2664 1747 in
2703 1695 2914 1749 divitiis
2938 1697 3074 1762 suis,
3104 1696 3199 1750 sed
3233 1697 3287 1750 in
3313 1697 3418 1751 hoc
3439 1697 3554 1766 glo-

291 1782 488 1846 rietur,
515 1784 561 1837 si
587 1784 843 1855 intelligit
875 1793 931 1838 et
954 1784 1372 1856 facitjudiciu'm
1401 1792 1459 1840 et
1498 1785 1766 1856 justitiam
1802 1785 1868 1838 ⁸ο.
1919 1805 1936 1836 ι
1982 1786 2098 1840 Rex
2139 1788 2440 1842 etiamnum
2479 1789 2746 1843 Ezechias
2793 1789 3080 1844 hominum
3129 1792 3361 1860 gloriam‘
3397 1795 3554 1861 quasi

288 1873 522 1943 quadam
555 1877 944 1930 venatiuncula
980 1884 1227 1946 captans,
1278 1892 1342 1930 ac
1382 1876 1699 1946 profusiore
1732 1875 1934 1946 gaudio
1955 1877 2156 1940 victus,
2202 1892 2332 1932 suos
2389 1892 2583 1932 omnes
2639 1878 2932 1932 thesauros
2960 1878 3232 1932 Chaldaeis
3299 1879 3554 1934 visendos

288 1966 610 2036 explicuit“
635 1968 934 2023 :etecceiu
949 1968 1181 2038 vestigio
1197 1968 1347 2022 misit
1367 1966 1866 2030 Dominuslsaiam,
1909 1965 2005 2035 qui
2043 1966 2296 2022 diceret:
2335 1985 2353 2018 ‹
2388 1969 2530 2023 Ecce
2558 1969 2676 2023 dies
2696 1970 2924 2023 venient
2956 1977 3010 2022 et
3032 1976 3260 2024 'sument
3294 1985 3414 2038 quae
3468 1971 3552 2025 vi-

291 2059 496 2114 derunt
530 2061 737 2128 omnia,
772 2062 829 2116 in
871 2062 1209 2133 Babylonem
1235 2063 1302 2128 "',
1339 2083 1357 2114 ι
1391 2063 1536 2117 sicut
1585 2061 1744 2115 nobis
1777 2075 1999 2129 quoque
2037 2075 2187 2114 nunc
2225 2062 2478 2131 contigit;
2524 2062 2807 2118 Dedecore
2855 2071 3019 2132 atque
3066 2063 3366 2134 ignominia
3421 2077 3548 2132 per-

288 2156 394 2210 fusi
428 2171 640 2222 sumus,
681 2165 737 2212 et
779 2172 906 2213 ecce
938 2157 1259 2213 rebellionis
1294 2159 1472 2212 calces
1511 2157 1882 2212 obtrudimus.
1927 2155 2178 2210 Tradidit
2223 2157 2488 2210 Dominus
2533 2157 2660 2212 lldei
2719 2167 2921 2213 nostra:
2960 2158 3134 2212 robur
3174 2159 3550 2214 venerabilem

288 2261 345 2306 et
381 2252 591 2306 honore
624 2253 904 2322 pracipuo
943 2253 1164 2323 dignam
1215 2268 1436 2308 crucem
1485 2251 1776 2317 Chaldaeis,
1827 2251 2141 2305 sanctuaria
2188 2260 2376 2304 nostra
2431 2250 2486 2303 in
2527 2243 2884 2306 solitudinem
2936 2254 3158 2308 redacta
3222 2260 3369 2305 sunt.
3422 2249 3553 2304 Pul-

288 2347 420 2401 chre
473 2347 646 2417 igitur
681 2348 1068 2403 Parcemiastes
1097 2348 1270 2404 dicit:
1308 2369 1324 2400 ε
1380 2347 1574 2402 Melior
1605 2347 1691 2402 vir
1718 2346 1812 2416 qui
1839 2346 1895 2400 in
1933 2344 2232 2416 ignominia
2268 2359 2367 2398 sua
2423 2345 2612 2410 servit,
2658 2361 2821 2414 quam
2880 2347 2974 2415 qui
3026 2345 3248 2399 asciscit
3290 2343 3394 2398 sibi
3453 2341 3555 2396 ali-

288 2442 466 2497 cunde
514 2443 802 2509 honorem,
861 2451 917 2498 et
971 2443 1182 2514 indiget
1232 2458 1375 2513 pane
1430 2443 1494 2496 ”.
1534 2461 1552 2493 ›
1609 2442 1864 2496 Rursus:
1914 2439 2170 2494 «Laudet
2191 2447 2242 2493 te
2274 2440 2575 2509 proximus,
2629 2448 2685 2494 et
2731 2456 2842 2494 non
2871 2456 2932 2494 os
2968 2448 3167 2505 tuum;
3217 2439 3452 2505 alienus,
3495 2444 3554 2491 et

286 2549 398 2588 non
424 2534 568 2589 labia
599 2541 692 2589 tua
748 2533 816 2586 “.
857 2553 875 2584 ι
935 2534 1148 2589 Psaltes
1201 2533 1333 2589 item
1391 2533 1617 2604 regius:
1682 2552 1698 2582 ι
1728 2533 1874 2586 Deus
1909 2530 2198 2600 dissipavit
2235 2545 2359 2584 ossa
2400 2545 2593 2584 eorum
2651 2531 2747 2600 qui
2785 2531 3105 2586 hominibus
3131 2532 3368 2601 placent,
3419 2545 3552 2585 con-

289 2629 397 2685 lusi
419 2638 548 2684 sunt
569 2630 829 2700 quoniam
851 2629 998 2684 Deus
1019 2631 1228 2700 Sprevit
1255 2645 1352 2686 eos
1376 2632 1443 2683 ⁸⁵.
1484 2649 1504 2682 ι
1547 2629 1879 2698 Apostolus:
1924 2645 1942 2679 ι
1974 2627 2117 2694 Quid
2148 2627 2305 2682 enim
2349 2627 2520 2681 habes
2553 2628 2700 2696 quod
2727 2644 2838 2682 non
2871 2629 3134 2698 accepisti
3163 2629 3187 2681 ?
3249 2627 3380 2697 quid
3433 2627 3550 2698 glo-

289 2721 472 2787 riaris,
503 2724 661 2792 quasi
687 2738 798 2777 non
827 2725 1106 2793 acceperis
1156 2723 1242 2777 “1'
1269 2743 1288 2777 ι
1338 2719 1696 2779 Colossenses
1735 2722 1868 2776 item
1905 2721 2210 2775 admonens
2241 2738 2253 2773 :
2291 2739 2308 2770 ‹
2357 2723 2478 2774 Non
2509 2721 2576 2774 ad
2611 2723 2831 2776 oculum
2859 2723 3164 2777 servientes
3184 2722 3341 2790 quasi
3369 2719 3551 2775 homi-

286 2816 778 2886 nibusplacentes,
818 2817 916 2873 sed
943 2818 1314 2888 quodcunque
1351 2817 1554 2883 facitis,
1593 2831 1662 2872 ex
1692 2816 1876 2870 animo
1914 2814 2243 2885 operemini,
2295 2814 2454 2884 quasi
2503 2814 2736 2868 Domino
2783 2823 2838 2868 et
2891 2830 3002 2867 non
3051 2813 3368 2867 hominibus
3415 2826 3537 2866 sero

287 2911 504 2968 vientes
532 2913 597 2968 ⁸⁷.
635 2932 652 2964 ι

358 3007 541 3059 Δεινδν
565 3001 657 3060 οὖν
681 3007 850 3073 ἐστιν,
889 3006 966 3072 ὡς
1013 3007 1250 3080 εἴρηται,
1308 3007 1387 3077 τδ-
1414 3007 1514 3078 τῆς
1564 3004 1867 3072 κενοδοξίας

2045 2982 2174 3054 Haec
2207 2999 2387 3053 inanis
2417 2999 2604 3069 gloriae
2629 2997 2848 3053 aﬂ‘ectio
2877 3013 3005 3052 sane
3043 3013 3208 3068 quam
3258 2999 3556 3058 vehemens

285 3097 460 3161 πάθος
488 3113 502 3126 ·
536 3099 630 3152 καὶ
654 3100 834 3164 πάσας
857 3100 957 3165 τὰς
986 3101 1192 3173 ἀρετὰς
1246 3100 1313 3166 ἃς
1345 3100 1639 3172 ἐργάζεται
1692 3101 1720 3152 6
1774 3098 1870 3153 άν-

284 3189 523 3258 ορωπος,
559 3191 930 3262 παρεμϐάλλει
979 3193 1158 3263 ἑαυτῷ
1179 3208 1195 3223 ·
1221 3193 1317 3246 καὶ
1354 3192 1645 3256 σπουδάζει
1676 3192 1871 3261 ἀχρει-

282 3281 423 3333 ῶσαι
467 3281 592 3344 τοὺς
646 3285 896 3352 καρποὺς
944 3284 1040 3338 τοῦ
1097 3284 1358 3355 μοναχοῦ.
1391 3285 1501 3338 Kal.
1532 3284 1593 3338 τὸ
1622 3281 1903 3354 χαλεπώο·

281 3387 441 3441 τερον
472 3389 486 3405 ·
518 3372 601 3426 ὅτι
661 3373 756 3427 ἐπὶ
803 3375 902 3445 μὲν
956 3375 1064 3428 τῶν
1125 3375 1300 3430 ἄλλων
1349 3374 1560 3437 παθῶν,
1609 3373 1869 3444 πορνείας

283 3460 452 3530 φημὶ,
477 3463 569 3515 καὶ
597 3462 789 3533 ὀργῆς,
826 3465 1146 3536 λυπούμεθα
1186 3466 1354 3530 είκδς,
1401 3465 1495 3518 καὶ
1531 3464 1865 3534 θρηνοῦμεν,

284 3554 382 3606 καὶ
415 3554 686 3623 εὐχόμεθα
711 3557 1097 3627 ἀπαλλαγῆναι
1123 3575 1138 3588 ο
1176 3557 1270 3610 ἐπὶ
1312 3556 1370 3608 δὲ
1413 3557 1511 3626 τῆς
1562 3555 1870 3620 κενοδοξίας

283 3641 410 3694 οὕτε
440 3643 730 3712 πονοῦμεν,
772 3646 896 3700 οὕτε
937 3637 1282 3717 λυπούμεθα,
1319 3645 1445 3699 οὒτε
1471 3647 1564 3700 τὸν
1601 3645 1731 3698 Θεὸν
1759 3661 1868 3697 πα-

287 3733 634 3804 ρακαλοῦμεν
687 3737 1128 3807 ὲλευθερωθῆναι
1180 3739 1238 3805 ἐξ
1277 3738 1469 3808 αὐτῆς.
1528 3737 1869 3808 Μισήσωμεν

282 3818 400 3885 οὖν,
449 3821 695 3892 ἀδελφοὶ,
736 3823 797 3877 τὸ
844 3824 1051 3877 τέλειον
1097 3829 1272 3896 μῖσος,
1320 3825 1381 3878 τὸ
1417 3825 1519 3895 τῆς
1560 3823 1867 3890 κενοδοξίας

282 3911 477 3977 πάθος,
502 3911 590 3965 ἵνα
611 3912 684 3984 μὴ
706 3913 1067 3983 ἀπολέσωμεν
1103 3915 1229 3977 τοὺς
1257 3913 1537 3983 καμάτους
1558 3912 1714 3983 ἡμῶν
1734 3928 1748 3943 ο
1769 3913 1867 3982 τῆς

281 4006 392 4077 γὰρ
424 4003 515 4058 τοῦ
541 4004 783 4076 Χριστοῦ
805 4006 1053 4070 δουλείας
1078 4007 1171 4060 καὶ
1206 4007 1306 4077 τῆς
1333 4007 1412 4069 είς
1448 4005 1583 4059 Θεὸν
1627 4004 1865 4066 πίστεως

281 4097 576 4168 ἀφίστησιν
595 4098 685 4151 τὸν
704 4098 1010 4168 ἄνθρωπον,
1030 4098 1212 4162 καθώς
1227 4115 1389 4167 φησιν
1407 4099 1434 4150 6
1450 4097 1670 4166 Κύριος·
1699 4113 1717 4146 ι
1742 4094 1867 4158 Πῶς

280 4187 512 4240 δύνασθε
542 4188 827 4242 πιστεύειν
862 4190 942 4251 είς
964 4188 1085 4258 ἐμὲ,
1106 4185 1263 4251 δόξαν
1291 4187 1420 4256 παρ’
1447 4185 1694 4254 ἀλλήλων
1719 4182 1862 4252 λαμ-

1975 3098 2032 3146 ει
2053 3090 2312 3160 perplexa
2347 3099 2451 3155 est,
2475 3091 2632 3160 juxta
2662 3089 3005 3158 superiorem
3034 3089 3364 3144 sententiam
3389 3109 3400 3144 :
3427 3092 3554 3146 nul-

1971 3181 2083 3236 lam
2133 3181 2278 3235 enim
2314 3181 2579 3249 relinquit
2604 3180 2871 3233 virtutum
2903 3195 3040 3248 quas
3069 3189 3332 3249 operetur
3366 3181 3553 3247 homo,

1972 3271 2062 3325 cui
2095 3285 2208 3324 non
2231 3269 2609 3339 impudentius
2632 3269 2968 3333 obluctetur,
3005 3284 3176 3338 seque
3212 3271 3458 3340 objiciat.
3493 3271 3554 3325 In

1969 3361 2076 3415 hoc
2100 3375 2320 3430 operam
2344 3370 2506 3414 navat
2526 3361 3014 3426 accuratissimam,
3048 3360 3262 3414 fructus
3293 3361 3548 3416 monachi

1972 3453 2306 3522 intercipere
2350 3461 2410 3505 ut
2454 3452 2630 3520 possit
2681 3460 2736 3506 et
2765 3451 2994 3505 reddere
3029 3451 3273 3506 inutiles.
3300 3453 3554 3506 Habetin

1969 3558 2027 3597 se
2063 3543 2250 3597 ethoc
2308 3543 2524 3596 caeteris
2571 3543 2957 3610 periculosius.
3022 3543 3170 3596 lutcr
3223 3544 3358 3598 alias
3403 3545 3551 3599 enim

1969 3633 2138 3686 animi
2190 3633 2632 3702 perturbationes
2682 3635 2980 3689 constituta
3036 3635 3188 3707 (puta
3223 3637 3276 3689 in
3306 3621 3555 3690 'fornica-

1973 3724 2144 3788 tione,
2185 3732 2242 3778 et
2280 3723 2379 3794 ira)
2430 3738 2668 3778 maerore
2710 3725 3057 3791 conﬁcimur,
3091 3742 3194 3782 nec
3218 3727 3440 3796 injuria,
3472 3728 3555 3780 lu-

1964 3828 2163 3884 gemus
2216 3828 2457 3882 quoque,
2511 3829 2734 3869 oramus
2787 3815 3012 3883 insuper
3049 3817 3212 3870 eximi
3247 3833 3436 3871 earum
3478 3818 3556 3872 la-

1970 3906 2177 3978 queis:
2231 3906 2498 3961 adversus
2554 3906 2773 3962 inanem
2831 3909 3060 3978 gloriam
3113 3925 3182 3963 ne
3237 3909 3555 3965 laboramus

1969 3999 2214 4071 quidem,
2266 3997 2402 4052 nihil
2454 4003 2565 4053 nos
2597 4001 2927 4054 contris’tant
2956 4002 3194 4071 pellaces
3242 4001 3389 4056 illius
3435 4002 3554 4057 ille-

1969 4093 2171 4158 cebrae,
2205 4091 2300 4147 sed
2337 4106 2440 4146 nec
2465 4090 2637 4145 Deum
2663 4092 3036 4156 obsecramus,
3062 4109 3162 4148 nos
3195 4101 3254 4148 ut
3281 4094 3476 4149 liberet
3498 4105 3553 4148 ct

1967 4169 2239 4236 subducat
2277 4179 2427 4235 illius
2468 4182 2620 4252 jugo.
2646 4181 2789 4236 Sane
2838 4182 3248 4238 blandissimam
3284 4186 3424 4239 hanc
3456 4186 3550 4239 sed

281 4277 558 4340 ϐάνοντες,
596 4279 691 4332 καὶ
722 4277 824 4349 τὴν
850 4278 1007 4342 δόξαν
1031 4278 1130 4348 τὴν
1173 4277 1327 4347 παρὰ
1368 4275 1463 4328 τοῦ
1516 4276 1678 4345 μόνου
1725 4272 1862 4326 Θεοῦ

1971 4281 2022 4327 et
2049 4274 2448 4328 veteratoriam
2483 4273 2869 4342 intemperiem
2906 4275 3097 4347 gloria:
3146 4276 3328 4332 inanis
3371 4277 3553 4330 oderi-

277 4368 344 4422 οὐ
386 4362 719 4440 ζητοῦντες;
759 4390 777 4422 ι
833 4369 995 4440 Αύτῷ
1046 4371 1079 4440 ἡ
1127 4368 1254 4435 δόξα
1317 4369 1396 4432 είς
1450 4368 1578 4430 τοὺς
1627 4365 1853 4428 αἰῶνας.

1971 4379 2110 4429 mus,
2142 4379 2350 4434 quaeso,
2383 4363 2603 4428 fratres,
2635 4364 2764 4418 odio
2792 4380 3022 4433 prorsus
3056 4366 3322 4436 perfecto,
3377 4375 3438 4421 ut
3482 4383 3551 4420 ne

279 4461 462 4529 Λμήν.

1955 4471 2055 4527 per
2080 4471 2200 4510 eam
2246 4456 2660 4525 quanticunque
2689 4457 2864 4511 nostri
2898 4457 3118 4513 labores
3151 4468 3277 4513 eant
3301 4475 3544 4528 pessum.

277 4551 503 4623 sintque
531 4555 690 4609 vacui
715 4562 770 4640 ει
792 4555 984 4609 inanes
1008 4552 1182 4626 {rugis
1220 4553 1398 4609 bonae.
1440 4552 1728 4608 Hominem
1771 4550 1922 4606 enim
1980 4551 2097 4621 ipsa
2130 4559 2378 4606 evocata
2407 4549 2611 4606 Christi
2647 4552 2949 4607 servitute:
3002 4553 3239 4622 denique
3281 4564 3336 4610 et
3370 4570 3400 4609 a
3443 4554 3548 4613 ﬁde

277 4661 390 4712 qua
439 4645 494 4699 in
529 4647 701 4701 Deum
781 4648 1078 4714 credimus,
1127 4647 1467 4719 transfugam
1515 4647 1700 4703 reddit
1766 4654 1823 4701 et
1883 4645 2248 4710 desertorem,
2300 4645 2388 4699 vel
2439 4654 2580 4700 teste
2638 4646 2872 4700 Domino
2909 4665 2921 4701 :
2957 4666 2974 4698 ι
3005 4647 3311 4714 Quomodo.
3351 4650 3547 4720 inquit,

277 4736 512 4803 potestis
559 4737 787 4792 credere
833 4739 889 4792 in
921 4753 1030 4804 me,
1065 4739 1159 4808 qui
1189 4740 1418 4810 gloriam
1447 4739 1747 4810 vobisipsis
1813 4737 2035 4806 capitis,
2100 4745 2156 4792 et
2219 4736 2446 4808 gloriam
2495 4753 2619 4806 qua).
2666 4753 2697 4791 a
2747 4738 2867 4792 solo
2907 4739 3028 4816 __Deo
3073 4749 3182 4805 est,
3236 4757 3343 4795 non
3394 4758 3550 4810 qua:-

279 4825 404 4882 ritis
429 4827 514 4882 “?
546 4847 563 4879 δ
588 4827 696 4898 1ρεί
728 4829 901 4900 gloria
932 4830 990 4884 in
1017 4831 1236 4886 saecula.
1269 4833 1465 4886 Amen.

880 4942 1100 4996 ΛΟΓΟΣ
1129 4935 1258 4996 ΜΔ’.

759 5053 899 5122 Περὶ
938 5056 1375 5125 ὑπερηφανίας.

353 5161 427 5215 Τὸ
451 5162 550 5233 τῆς
572 5163 954 5234 ὑπερηφανίας
984 5164 1200 5236 νόσημα
1230 5167 1411 5236 χεῖρον
1434 5164 1694 5234 τυγχάνει
1722 5163 1859 5218 ὅλων

272 5253 390 5307 τῶν
417 5255 630 5322 παθῶν,
662 5256 760 5310 καὶ⁸
779 5255 1143 5326 θεοστύγητον
1183 5259 1326 5310 πάνυ
1363 5259 1458 5310 κα)⁹
1505 5257 1581 5329 μὴ
1618 5257 1859 5326 ἁρμόζον

273 5345 417 5408 ὅλως
450 5343 779 5416 ἀνθρώποις,
818 5345 934 5398 ἀλλ’
971 5345 1121 5416 αύτῷ
1165 5329 1423 5417 pompam?)
1457 5345 1714 5416 δυσμενεί
1740 5347 1856 5399 δια-

271 5436 443 5508 ϐόλῳ,
477 5435 614 5507 πρὸς
642 5437 741 5509 τὴν
769 5436 936 5492 αὐτοῦ
977 5439 1198 5504 κακίαν,
1233 5437 1310 5507 τῷ
1357 5436 1425 5490 δι’
1477 5437 1855 5509 ὑπερηφανίαν

387 5615 429 5648 ³⁷
465 5615 638 5673 Galat.
674 5631 713 5680 ι,
741 5615 824 5669 l0.

278 5688 330 5717 “
387 5687 520 5743 ibid.
557 5685 642 5740 17.
807 5687 852 5718 ⁵³
879 5685 1039 5740 Prov.
1068 5702 1160 5751 xu,
1191 5688 1244 5741 9.

276 5758 328 5790 “
361 5756 514 5811 ⁸ίοίιιι.
546 5771 597 5817 v,
621 5754 708 5807 Μ.

933 5615 977 5648 ³⁸
1011 5615 1030 5669 l
1063 5615 1258 5672 Thess.
1297 5633 1356 5682 ιι,
1391 5616 1508 5671 4ο6.

1613 5615 1656 5649 ³⁸
1684 5617 1728 5672 II
1757 5617 1883 5672 Cor.
1923 5635 1976 5677 x.
2017 5619 2102 5673 18.

1352 5687 1398 5718 ⁸⁸
1427 5687 1585 5742 Prov.
1619 5703 1781 5751 xxvu,
1817 5689 1869 5742 2.
1951 5690 1994 5722 "
2017 5689 2156 5745 Psal.
2186 5705 2276 5756 ιιι,
2303 5692 2356 5745 6.

2493 4939 2777 4995 HOMILIA
2840 4941 3025 4999 XLIV.

2435 5051 2651 5123 1098
2681 5053 2759 5107 De
2801 5055 3067 5124 superbia.

2038 5160 2326 5233 Superbiae
2387 5167 2656 5237 aegritudo
2732 5169 3000 5238 gravitate
3055 5168 3277 5222 malitia!
3325 5179 3556 5225 caeteras

1963 5257 2133 5312 animi
2197 5261 2548 5316 turbulentas
2600 5261 2924 5316 aﬂ‘ectiones
2980 5261 3140 5331 longe
3217 5272 3550 5330 exsuperat:

1963 5365 2127 5420 quam
2177 5361 2234 5407 et
2285 5353 2430 5408 Deus
2481 5353 2599 5408 odit
2630 5353 3022 5416 infensissime,
3063 5369 3166 5408 nec
3198 5355 3292 5408 ulli
3327 5369 3556 5424 prorsus

1962 5441 2250 5496 hominum
2285 5451 2655 5498 consentanea
2689 5451 2774 5497 εει
2800 5451 2896 5497 aut
2936 5458 3267 5513 congruens.
3315 5443 3550 5498 Pulchre

2205 5620 2251 5652 ‘°
2287 5620 2490 5677 Jerem.
2541 5637 2616 5685 rx,
2668 5621 2758 5687 25,
2815 5623 2904 5676 24.

2469 5692 2514 5723 ⁸⁸
2546 5691 2566 5746 l
2604 5691 2728 5746 Cor.
2765 5709 2836 5759 Iv,
2870 5695 2920 5748 7.

3008 5621 3050 5653 “
3083 5618 3308 5690 IV'Bcg.
3345 5637 3434 5684 xx,
3463 5621 3550 5674 l3.

3035 5695 3077 5724 ⁵⁷
3107 5689 3325 5750 Coloss.
3355 5707 3436 5758 ιιι,
3460 5691 3552 5746 212.
