3986 6148
519 369 663 436 15⁸11

1738 388 1753 407 κ
1800 361 2164 425 ANTIOCHI
2207 362 2551 425 MONACHI

3636 361 3744 427 1572

520 480 604 536 illi
625 475 888 549 competit
916 485 973 531 et
998 474 1099 532 soli
1134 475 1229 546 qui
1256 482 1457 532 nostra
1499 484 1587 531 est
1617 476 1849 531 amulos
1885 477 2099 544 salutis,

2203 475 2261 542 ἐξ
2288 475 2519 547 οὐρανοῦ
2551 490 2792 529 πεσοντι.
2836 475 2897 529 '0
2938 474 3047 547 γάρ
3089 472 3534 545 καυχητάμινος,
3571 477 3653 531 καὶ
3677 476 3744 534 λι.

519 584 720 639 nempe
750 568 988 633 diabolo,
1007 567 1075 622 a’d
1100 582 1254 623 suam
1281 566 1453 636 ipsius
1467 568 1792 636 explendam
1810 568 2096 632 malitiam,

520 677 646 718 cum
680 676 778 731 per
798 676 919 715 eam
955 659 1284 714 deturbatus
1303 659 1375 714 sit
1397 674 1565 730 regno
1590 660 1875 715 calorum.
1905 660 1955 714 Is
1974 674 2098 714 cum

520 752 816 822 gloriosius
880 749 1256 811 subsultaret,
1314 764 1379 802 ac
1411 749 1768 819 pragestiens
1830 750 2091 803 diceret:

525 856 543 889 ι
582 839 785 894 Ροιιιιιιι
818 837 1077 891 thronum
1113 851 1299 890 meum
1356 852 1525 906 super
1588 846 1737 891 astra
1784 836 1907 891 cali
1968 836 2035 902 δ’,
2075 855 2093 887 ι

515 939 797 986 momento
820 930 1078 984 inventus
1093 935 1176 981 est
1200 944 1311 983 non
1340 928 1551 983 habens
1585 930 1755 982 ullum
1790 928 2101 998 tranquilla

527 1022 734 1092 quietis
757 1025 964 1081 locum,
999 1021 1096 1075 sed
1128 1020 1283 1090 quasi
1315 1034 1458 1073 unus
1484 1020 1683 1089 aliquis
1718 1034 1977 1089 manceps
2000 1020 2103 1072 mi-

518 1112 767 1167 serrima
801 1112 1172 1181 captivitatis,
1219 1111 1415 1181 quovis
1447 1110 1696 1166 locorum
1733 1111 2102 1180 triumphatus

521 1212 832 1259 ostentatur
861 1204 926 1257 ad
957 1203 1185 1273 gloriam
1227 1202 1427 1257 summi
1460 1203 1577 1257 Dei.
1616 1204 1794 1273 Atque
1831 1204 1903 1257 ita
1935 1219 2103 1273 pecu-

518 1296 671 1351 liaris
698 1296 789 1350 hic
828 1295 1045 1348 damon
1072 1294 1366 1363 superbiae,
1398 1308 1520 1348 cum
1554 1303 1752 1364 prater
1771 1302 1997 1349 cateras
2023 1292 2104 1347 af-

519 1389 784 1443 fectiones
806 1388 1047 1441 animam
1097 1385 1411 1465 miserrime
1470 1384 1693 1439 aﬂlictet
1746 1392 1803 1439 et
1850 1384 2099 1452 cruciet;

520 1494 616 1535 eos
647 1489 827 1534 tamen
853 1480 1375 1534 omnium'maxime
1406 1479 1707 1549 impugnat,
1736 1492 1791 1533 et
1822 1486 1880 1532 ut
1909 1478 2101 1532 detur-

520 1572 614 1627 bet
641 1580 805 1640 atque
832 1579 1067 1632 evertat,
1098 1570 1437 1641 aggreditur,
1494 1571 1591 1641 qui
1636 1570 1886 1640 profectu
1924 1574 2103 1627 virtu-

519 1670 635 1717 tum
664 1663 1030 1731 aliquousque
1051 1663 1164 1732 jam
1213 1671 1627 1731 promoverunt.
1669 1662 1935 1733 Superbia
1975 1681 2103 1734 per-

519 1753 649 1809 inde
696 1763 783 1809 est
831 1770 896 1809 ac
944 1755 1174 1808 morbus
1209 1755 1430 1823 quidam
1457 1756 1719 1824 pestilens
1741 1764 1798 1809 et
1828 1757 2099 1822 tabiﬁcus,

2203 582 2342 634 γωψ
2384 584 2402 617 ι
2434 565 2598 637 Θήσω
2629 565 2723 620 τὸν
2760 565 2950 637 θρόνον
2981 582 3083 636 μου
3127 564 3213 618 ἐπ’
3257 565 3375 619 ἄνω
3416 563 3523 619 τῶν
3568 566 3743 637 ἄστρων

2201 657 2296 723 τοῦ
2321 656 2575 727 οὐρανοῦ,
2609 676 2627 709 ι
2669 656 2873 728 εὑρέθη
2904 657 2981 727 μὴ
3017 656 3155 729 ἔχων
3180 656 3370 728 χώραν
3404 657 3739 726 ἀναπαύσεως,

2203 750 2320 804 ἀλλ’
2351 751 2427 814 ὡς
2467 750 2815 819 αἰχμάλωτος
2856 748 3134 818 πανταχοῦ
3163 747 3579 819 θριαμϐεὑεται.
3608 744 3741 814 Οὑτος

2201 842 2230 892 ό
2286 840 2386 911 τῆς
2439 838 2820 911 ὑπερηφανίας
2874 839 3085 909 δαίμων
3130 838 3523 909 χαλεπώτατος
3564 840 3740 894 πάντων

2202 929 2312 982 τῶν
2341 930 2528 984 παθῶν
2554 930 2836 1000 ὑπάρχων,
2864 930 3005 983 πάνυ
3030 929 3155 993 τοὺς
3176 930 3235 982 έν
3258 932 3515 999 προκοπῇ
3537 929 3736 997 πολεμεῖ,

2202 1023 2297 1077 καὶ¹
2322 1023 2595 1093 ἐπιχειρεῖ
2623 1024 3046 1094 καταστρέφειν.
3080 1023 3192 1077 Καὶ
3221 1023 3484 1094 καθάπερ
3508 1025 3643 1089 νόσος
3661 1026 3741 1080 λοι-

2206 1114 2341 1185 μικὴ
2398 1116 2495 1169 καὶ
2525 1116 2852 1186 φθοροποιδς
2880 1116 2979 1185 οὑχ
3024 1114 3083 1168 ἓν
3138 1114 3305 1185 μέλος
3361 1115 3458 1170 τοῦ
3510 1117 3738 1188 σώματος,

2202 1204 2315 1257 ἀλλ’
2345 1205 2464 1258 ὅλον
2504 1206 2826 1276 διαφθείρει,
2861 1206 3004 1259 οὑτω
3040 1206 3132 1260 καὶ
3168 1207 3231 1260 τὸ
3262 1206 3441 1270 πάθος
3473 1207 3637 1262 τοῦτο.
3659 1210 3741 1263 Kal

2202 1296 2270 1348 τὰ
2294 1296 2391 1366 μὲν
2422 1295 2558 1351 ἄλλα
2587 1297 2737 1366 πάθη
2761 1298 2825 1350 ὲκ
2865 1297 3064 1366 μέρους
3087 1297 3444 1351 ἐπισκοποῦσι
3464 1299 3557 1365 τὴν
3581 1298 3739 1369 ψυχὴν,

2202 1382 2235 1455 ἢ
2267 1388 2361 1440 καὶ
2398 1388 2769 1458 ταράσσουσιν
2812 1387 2985 1458 αὑτήν
3010 1402 3025 1418 ⁸
3077 1388 3142 1442 τὸ
3171 1388 3231 1442 δὲ
3267 1389 3374 1458 τῆς
3409 1390 3741 1460 ὑπερηφανίας

2203 1477 2377 1540 πάθος
2409 1479 2589 1532 πᾶσαν
2619 1480 2794 1550 αὑτὴν
2831 1484 3036 1546 σκοτεῖ,
3070 1479 3165 1534 καὶ
3190 1481 3274 1543 είς
3299 1479 3544 1549 μεγάλην
3575 1480 3740 1532 πτῶσιν

2202 1566 2452 1634 κατάγει.
2510 1565 2575 1619 Ἦ
2608 1569 2716 1637 γὰρ
2773 1567 2922 1638 ψυχὴ
2966 1567 3059 1621 τοῦ
3108 1565 3468 1636 ὑπερηφάνου
3519 1565 3593 1627 είς
3637 1561 3739 1630 ὑψος

2207 1657 2354 1727 μέγα
2384 1657 2665 1711 ἀναϐαίνει
2684 1675 2698 1689 ⁸
2727 1658 2984 1713 κάκεῖθεν
3005 1657 3195 1712 ἑαυτὸν
3221 1659 3303 1720 είς
3327 1656 3490 1726 βυθὸν
3513 1653 3741 1708 καταϐάλ-

2203 1745 2306 1801 λει.
2360 1748 2572 1819 ’Ὥσπερ
2616 1749 2723 1820 γὰρ
2771 1750 2936 1820 βάρος
2991 1747 3226 1815 κατέαξε
3266 1749 3455 1802 κλῶνα
3482 1749 3738 1819 ἔγκαρπον,

518 1843 751 1922 qui'non
777 1859 948 1898 unum
974 1844 1140 1897 modo
1162 1844 1410 1914 corporis
1431 1845 1762 1909 membrum,
1781 1847 1875 1901 sed
1907 1862 2105 1916 corpus

2207 1836 2382 1901 οὑτως
2420 1838 2772 1909 ὑπερηφανία
2798 1840 2972 1911 ψυχὴν
3006 1840 3261 1910 ἐνάρετον
3292 1838 3629 1893 καταϐάλλει.
3660 1836 3741 1891 Kal

518 1932 703 2003 ipsum
741 1934 863 1989 dira
911 1934 1244 2004 putrilagine
1287 1934 1626 2003 depascitur,
1655 1936 1834 1999 vitiat,
1858 1937 2099 1992 conficit.

517 2022 658 2078 Alia
709 2025 860 2079 enim
925 2034 1364 2095 quantacunque
1414 2027 1700 2095 passiones
1754 2027 1886 2091 sint,
1936 2042 2104 2083 unam

519 2116 760 2185 aliquam
787 2117 1097 2185 portionem
1125 2116 1321 2171 anima
1357 2117 1472 2170 suis
1501 2116 1794 2171 oll'undunt
1835 2117 2100 2183 tenebris,

518 2216 684 2278 atque
700 2224 820 2262 eam
843 2209 1145 2262 obturbant
1168 2227 1180 2260 :
1209 2209 1486 2277 superbia
1511 2208 1865 2279 intemperies
1893 2210 2102 2264 nullam

521 2313 632 2351 non
663 2298 861 2353 anima
886 2298 996 2352 vim
1022 2298 1300 2352 horrenda
1324 2297 1554 2367 caligine
1584 2297 1997 2362 circumfundit,
2021 2300 2107 2354 in-

520 2405 628 2459 que
646 2405 755 2444 non
780 2390 1089 2459 simplicem
1113 2389 1333 2444 ruinam
1358 2390 1471 2459 agit
1515 2390 1871 2460 pracipitem.
1908 2391 2103 2447 Anima
2137 2448 2147 2461 ,

517 2481 668 2535 enim
710 2462 943 2555 superbi
976 2481 1031 2535 in
1065 2480 1386 2550 pracelsum
1408 2470 1633 2550 aliquod
1667 2496 1731 2535 ac
1757 2470 1991 2536 sublime
2020 2482 2109 2536 fa«
2130 2466 2145 2525 ι’

510 2570 742 2641 ‘stigium
780 2566 981 2626 sinitur
1016 2556 1410 2636 conscendere,
1459 2569 1606 2623 unde
1641 2556 2154 2665 commodius‘de-L'

521 2661 775 2716 turbetur
818 2661 874 2715 in
931 2662 1234 2732 subjectam
1283 2660 1518 2716 foveam.
1576 2660 1648 2717 Ut
1693 2676 1901 2715 ramum
1948 2661 2105 2731 copia

520 2752 804 2808 fructuum
837 2753 1230 2807 exuberanlem
1290 2752 1464 2806 moles
1501 2767 1736 2807 onerosa
1784 2753 2103 2823 dilfringere

522 2844 686 2909 solet,
746 2844 830 2898 sic
879 2845 1117 2898 animam
1178 2860 1498 2915 generosam
1553 2844 1957 2915 multiplicique
1987 2845 2103 2900 l'etu

521 2934 790 2988 virtutum
829 2935 1181 3003 prafertilem
1234 2936 1559 3005 plerumque
1608 2936 1863 3006 superbia
1918 2936 2106 3007 dejicit

522 3023 719 3095 gradu.
749 3023 1220 3090 Quemadmodum
1278 3027 1495 3081 fructus
1539 3043 1789 3083 marcore
1821 3037 1915 3083 aut
1956 3028 2105 3084 carie

526 3115 751 3170 vitiatus
779 3117 979 3170 cultori
1007 3130 1109 3170 suo
1135 3117 1275 3171 nihil
1301 3117 1462 3172 affert
1489 3119 1783 3185 commodi,
1826 3120 1900 3174 ita
1928 3129 1984 3175 et
2005 3135 2102 3175 su-

523 3206 682 3275 perbi
713 3206 889 3260 oratio
912 3206 1049 3260 nihil
1078 3222 1146 3259 ex
1166 3207 1280 3260 Deo
1332 3207 1575 3261 relatura
1605 3215 1689 3261 est
1720 3207 1894 3277 frugis
1919 3208 2101 3264 bona.

521 3293 602 3349 Ne
648 3294 867 3348 dederis
922 3294 1196 3364 superbia
1239 3294 1478 3349 animam
1515 3302 1707 3361 tuam;
1747 3307 1803 3351 et
1838 3296 2103 3368 imagines

522 3386 828 3442 horrendas
854 3394 1019 3457 atque
1043 3387 1231 3457 plenas
1259 3387 1567 3442 formidinis
1603 3404 1711 3443 non
1738 3389 1952 3460 cogeris
1978 3405 2106 3459 per-

523 3478 781 3548 spicere;
839 3478 1022 3532 anima
1082 3478 1230 3531 enim
1281 3476 1506 3546 superbi
1555 3476 1742 3532 divino
1785 3477 2107 3533 destituitur

524 3569 779 3637 prasidio
807 3586 820 3620 :
859 3584 969 3638 quo
997 3567 1078 3632 fit,
1114 3575 1176 3621 ut
1208 3567 1265 3621 in
1299 3568 1609 3638 damonum
1665 3577 1912 3624 vertatur
1958 3570 2105 3625 ludi-

525 3653 706 3709 brium
763 3670 829 3709 ac
876 3637 1238 3709 deridiculam
1301 3637 1751 3726 gratulationem.
1804 3657 2107 3713 Monachus

526 3745 800 3814 superbus
823 3745 989 3799 arbor
1014 3760 1243 3814 prorsus
1270 3745 1588 3816 infrugifera
1609 3754 1724 3801 est:
1751 3746 1954 3818 quippe
1981 3765 2103 3819 qua

524 3835 766 3890 radicem
798 3852 907 3890 non
940 3835 1126 3900 habet,
1171 3850 1349 3905 eoque
1396 3837 1669 3892 violentas
1714 3837 2105 3909 impressiones

524 3933 817 3979 ventorum
854 3925 1548 3995 assilientium_nunquam
1613 3926 1773 3982 feret.
1827 3926 2104 3994 Quemad-

524 4019 748 4073 modum
790 4020 1116 4085 inundantis
1149 4036 1304 4090 aqua
1337 4020 1508 4086 bulla,
1546 4036 1671 4075 mox
1708 4030 1769 4077 ut
1806 4024 2132 4093 rumpitur,.

524 4125 652 4165 mox
682 4110 983 4174 evanescit,
1022 4110 1096 4165 ita
1139 4111 1365 4181 superbi
1397 4113 1664 4167 memoria
1713 4130 1744 4168 a
1793 4124 1971 4169 morte
2018 4117 2105 4171 vel

523 4205 804 4265 momento
835 4197 1052 4268 deperit
1071 4209 1235 4268 atque
1257 4200 1609 4270 intercipitur
1629 4202 1925 4258 oblivione.
1952 4204 2106 4261 Sicut

523 4290 761 4344 modesti
799 4290 914 4345 sive
937 4290 1163 4345 humilis
1190 4291 1368 4346 oratio
1415 4291 1513 4345 Dei
1554 4291 1784 4348 inflectit
1818 4294 1982 4360 iram,
2029 4296 2105 4350 ita

526 4380 751 4450 superbi
803 4379 1122 4449 deprecatio
1176 4381 1470 4436 exacerbat
1526 4381 1719 4436 Deum.
1778 4382 2104 4454 Quicunque

2202 1926 2390 1999 ὥσπερ
2438 1931 2649 2000 καρπὸς
2692 1930 2949 1999 σεσηπὼς
2998 1931 3279 2001 ἄχρηστος
3321 1927 3572 2003 γεωργῷ,
3600 1929 3740 1991 οὑτως

2202 2016 2372 2089 ἀρετὴ
2419 2019 2771 2091 ὑπερηφάνου
2815 2022 2875 2074 οὑ
2916 2020 3246 2092 χρησιμεύει
3281 2020 3364 2091 τῷ
3388 2020 3523 2092 Θεῷ.
3554 2021 3635 2089 Μὴ
3658 2018 3737 2089 δῷς

2204 2109 2554 2182 ὑπερηφανίᾳ
2584 2111 2682 2183 σὴν
2718 2112 2921 2184 ψυχὴν,
2955 2114 3052 2166 καὶ
3081 2113 3141 2165 οὑ
3189 2111 3267 2183 μὴ
3317 2112 3451 2176 ίδοις
3485 2110 3738 2182 φαντασίας

2205 2202 2456 2271 φρικτάς.
2514 2202 2675 2272 Ψυχὴ
2728 2204 2835 2275 γὰρ
2888 2203 3243 2276 ὑπερηφάνου
3313 2202 3735 2273 καταλιμπάνεται

2205 2293 2311 2347 ὑπὸ
2360 2293 2454 2346 τοῦ
2508 2293 2665 2360 Θεοῦ,
2731 2298 2827 2349 καὶ
2879 2296 3094 2365 γίνεται
3146 2296 3425 2367 δαιμόνων
3471 2294 3735 2363 έπίχαρμα.

2215 2380 2594 2456 ’Υπερήφανος
2620 2386 2851 2458 μοναχδς
2877 2388 3096 2460 δένδρον
3115 2388 3396 2461 ἄκαρπον,
3420 2389 3511 2442 καὶ
3532 2386 3734 2459 ἄρριζον.

2204 2468 2300 2527 καὶ
2352 2475 2415 2567 οὐ
2471 2475 2546 2547 μὴ
2598 2468 2827 2552 ὲνέγκῃ⁵
2863 2480 2997 2534 ποτὶ
3056 2479 3368 2551 προσϐολὴν
3416 2480 3623 2548 ἀνέμου.
3651 2473 3737 2528 Kal

2194 2562 2393 2636 ὥσπερ
2442 2568 2726 2638 πομφόλυξ
2753 2572 2983 2640 ραγείσα
3015 2570 3343 2638 ἀφανίζεται
3373 2584 3387 2599 ”
3422 2569 3557 2623 οὑτω
3585 2567 3734 2638 μνήμη

2187 2652 2306 2706 ’ὑπε
2316 2646 2574 2727 ρηφάνδυ“
2592 2658 2731 2728 μετά
2757 2658 2986 2713 Θάνατον
3010 2659 3232 2715 ὄλλυται
3252 2677 3269 2692 ·
3296 2661 3393 2714 καὶ
3411 2658 3587 2729 ὥσπερ
3610 2668 3738 2725 προσ·

2204 2744 2339 2815 ευχη
2368 2747 2628 2800 ταπεινοῦ
2686 2749 2928 2818 κάμπτει
2964 2749 3119 2815 Θεὸν,
3149 2748 3299 2803 οὑτω
3332 2749 3613 2821 παροξύνει
3630 2745 3734 2801 Θεὸν

2203 2834 2387 2905 δέησις
2415 2838 2788 2908 ὑπερηφάνου.
2822 2839 2934 2893 Kal
2964 2840 3078 2894 ὅσοι
3118 2841 3186 2895 δι’
3224 2843 3596 2914 ὑπερηφανίαν
3649 2837 3735 2906 ἀφ-

2204 2928 2488 2997 ηνιάζουσι
2516 2929 2607 2982 τὸν
2637 2928 2887 2999 ἀδελφὺν,
2934 2930 3013 3002 τῷ
3054 2932 3287 3003 διαϐόλῳ
3320 2931 3652 3004 ἁμίλλῶνται.
3674 2926 3732 2981 οὐ

2204 3022 2314 3088 γάρ
2361 3021 2568 3094 φυσική
2614 3021 2764 3075 ἐστιν
2794 3024 2828 3094 ἡ
2866 3024 3240 3094 ὑπερηφανία,
3288 3025 3408 3079 ἀλλ’
3436 3023 3640 3092 ίνδαλμα
3657 3016 3731 3071 τοῦ

2129 3161 2173 3221 Γ
2204 3112 2541 3179 ἀφηνιαστοῦ
2589 3113 2843 3183 δαίμονος
2867 3131 2883 3147 ο
2933 3114 3119 3179 καθὼς
3173 3119 3448 3189 μαρτυρεῖ
3484 3117 3519 3187 ἡ
3555 3109 3729 3184 Γραφή-

2157 3200 2174 3222 ⁴
2204 3202 2375 3271 Φησὶν
2414 3203 2523 3273 γάρ
2548 3220 2564 3235 ο
2608 3223 2626 3256 ι
2663 3204 2739 3259 Οὑ
2776 3206 3125 3260 συνέκτισται
3151 3207 3473 3278 ἀνθρώποις
3496 3208 3733 3275 ὑπερηφῠ

2205 3294 2310 3347 νεα.
2351 3314 2369 3346 ι
2414 3296 2521 3348 Kal
2547 3292 2702 3362 αὖθις
2729 3313 2744 3329 ο
2793 3317 2812 3349 ι
2839 3298 3078 3368 Θρόνους
3107 3300 3390 3370 ἀρχόντων
3416 3294 3730 3369 ὑπερηφάνων

2204 3386 2422 3438 καθεῖλε
2453 3386 2679 3459 Κύριος.
2721 3408 2739 3441 ι
2800 3388 2971 3462 Ἀρχὴ
3021 3388 3132 3460 γὰρ
3171 3389 3548 3462 ὑπερηφανίας
3564 3382 3732 3455 ἀνθρώ-

2205 3494 2307 3530 που
2327 3478 2629 3550 άποστῆναι
2660 3481 2767 3535 ἀπὸ
2795 3481 3041 3554 Κυρίου,
3098 3485 3180 3539 ὅτι
3228 3502 3249 3535 ι
3299 3481 3465 3553 Ἀρχὴ
3503 3474 3730 3548 ἁμαρτίας

2203 3568 2557 3639 ὑπερηφανία
2587 3587 2603 3602 ο
2640 3572 2738 3625 καὶ
2779 3574 2808 3625 ό
2841 3573 3061 3643 κρατῶν
3092 3572 3288 3643 αὑτὴν,
3315 3571 3609 3642 ὲξομϐρίσει
3636 3563 3727 3635 βδέο

2204 3659 2409 3732 λυγμα,
2434 3663 2528 3717 καὶ
2562 3666 3081 3736 καταστραφήσεται
3109 3666 3190 3729 είς
3219 3665 3395 3728 τέλος.
3426 3681 3445 3715 ι
3477 3661 3575 3716 Kal
3602 3660 3651 3711 ὲν
3670 3651 3727 3723 τῷ

2204 3753 2356 3824 νόμῳ
2382 3752 2440 3805 δὲ
2475 3754 2785 3826 γέγραπται
2812 3774 2824 3786 ·
2860 3775 2878 3808 ι
2907 3755 3068 3828 Ψυχὴ
3106 3757 3231 3827 ητις
3260 3756 3512 3826 ἐποίησεν
3535 3756 3587 3807 ὲν
3617 3746 3728 3820 χειρὶ

2206 3842 2610 3913 ὑπερηφανίας,
2654 3845 3043 3915 ἐκτριϐήσεται
3082 3848 3146 3898 ἐκ
3190 3845 3289 3898 τοῦ
3337 3845 3488 3899 λαοῦ.
3517 3861 3536 3896 ι
3582 3838 3727 3894 Καὶό

2217 3929 2489 3994 Ἠσαῖαςο
2564 3948 2584 3982 ι
2616 3932 2727 3985 Kal
2794 3932 2981 3986 ἀπολῶ
3037 3933 3249 3996 πάντας
3306 3931 3722 4004 ὑπερηφάνους.»

2207 4021 2319 4076 Kal.
2376 4023 2404 4073 ό
2436 4020 2740 4091 Ψαλμῳδός
2764 4037 2777 4052 ο
2838 4039 2857 4075 ι
2886 4022 2986 4076 Διὰ
3031 4021 3195 4076 τοῦτο
3241 4023 3539 4093 ἐκράτησεν
3570 4014 3727 4075 αὐτοὺς

2207 4098 2559 4182 ὑπερηφανία
2595 4112 2677 4176 είς
2724 4111 2898 4179 τέλος,
2957 4114 3039 4167 ὅτι
3091 4113 3507 4184 περιεϐάλλοντο
3556 4108 3725 4166 ἀδικίαν

2206 4199 2303 4252 καὶ
2326 4201 2584 4255 ἀσέϐειαν
2645 4201 2849 4278 αὑτῶν.
2890 4221 2909 4254 ι
2952 4204 3065 4258 Καί
3092 4217 3106 4231 ⁸
3154 4222 3174 4254 ι
3223 4202 3499 4269 Ἐξέλιπον
3530 4199 3613 4252 καὶ
3640 4196 3724 4248 ἀπ·

2207 4290 2406 4345 ώλοντο
2433 4291 2521 4345 διὰ
2554 4292 2653 4363 τὴν
2686 4294 2916 4365 ἀνομίαν
2966 4294 3166 4347 αὑτῶν.
3198 4313 3217 4347 ι
3258 4295 3372 4349 Kal
3403 4288 3550 4355 αὖθις
3577 4305 3590 4320 ·
3621 4306 3639 4340 ι
3676 4283 3724 4337 Ἦ

2209 4379 2559 4452 ὑπερηφανία
2592 4381 2699 4436 τῶν
2723 4383 3028 4453 μισούντων
3064 4400 3125 4436 σε
3156 4384 3327 4454 ἀνέϐη
3358 4383 3443 4437 διά
3487 4375 3675 4439 παντός.
3702 4388 3718 4422 ³

527 4480 816 4540 turgentes
842 4471 1118 4540 superbia
1159 4479 1372 4527 tumore
1398 4487 1461 4527 ac
1493 4472 1822 4529 dissidentes
1848 4490 1969 4530 cum
1994 4476 2105 4531 fra-

2211 4472 2377 4526 Ὄθεν
2410 4473 2559 4544 πάσῃ
2589 4474 2788 4546 σπουδῇ
2820 4475 3115 4546 κέχρηνται
3142 4475 3211 4528 τά
3240 4476 3363 4546 ίερά
3392 4491 3482 4527 σου
3503 4468 3717 4559 καθελεῖν.

526 4561 705 4625 tribus
739 4562 1051 4617 detrectant
1091 4562 1408 4632 imperium,
1439 4564 1687 4619 eamdem
1725 4580 1848 4619 cum
1885 4566 2105 4623 diabolo

2208 4562 2305 4616 καὶ⁸
2343 4563 2409 4616 τά
2445 4563 2578 4632 ἅγιά
2618 4580 2713 4617 σου
2742 4566 3056 4637 ἐρημῶσαι.
3116 4564 3256 4618 Ἀλλ’
3293 4565 3491 4636 έπαρον
3523 4561 3609 4623 τὰς
3636 4555 3719 4626 χεῖυ

524 4661 823 4706 conserunt
868 4669 1127 4723 pugnam.
1171 4653 1357 4724 Neque
1396 4655 1544 4708 enim
1593 4658 1860 4713 naturalis
1901 4668 1985 4715 est
2011 4676 2106 4715 su-

522 4738 743 4807 perbia,
775 4740 883 4813 sed
923 4740 1391 4795 contumacissimi
1439 4742 1704 4798 damonis
1726 4746 2105 4813 simulacrum,

520 4833 825 4879 atlestante
847 4826 1133 4894 Scriptura
1164 4843 1177 4878 :
1214 4847 1231 4877 ‹
1270 4827 1391 4881 Non
1441 4839 1731 4883 concreata
1774 4839 1859 4885 est
1896 4833 2105 4888 homini

521 4916 807 4986 superbia.
837 4935 855 4968 ι
887 4917 1133 4971 Rursus:
1166 4936 1183 4969 ι
1214 4917 1387 4973 Sedes
1404 4920 1719 4990 principum
1742 4924 2105 4991 superborum

524 5006 798 5059 destruxit
824 5004 1091 5059 Dominus
1119 5005 1184 5057 '°.
1226 5023 1243 5058 ι
1297 5005 1636 5075 Principium
1684 5007 1833 5061 enim
1882 5011 2104 5078 superbi

526 5095 767 5149 hominis
816 5102 901 5149 est
947 5094 1206 5148 recedere
1257 5110 1289 5148 a
1340 5094 1594 5159 Domino,
1646 5098 1776 5172 quia
1828 5101 2101 5155 «Initium

526 5188 735 5258 peccati
769 5186 1028 5257 superbia
1056 5204 1070 5254 ;
1105 5197 1162 5242 et
1194 5188 1287 5257 qui
1327 5189 1566 5243 tenuerit
1608 5188 1779 5255 illam,
1812 5192 2106 5248 inundabit

527 5279 583 5331 in
612 5279 766 5333 illum
793 5280 1154 5343 abominatio,
1196 5288 1253 5336 et
1303 5280 1360 5335 in
1412 5279 1521 5335 line
1566 5281 1922 5338 subvertetur
1968 5286 2036 5338 δι.
2077 5305 2097 5338 ι

525 5369 583 5423 In
630 5371 747 5441 lege
786 5371 915 5426 item
966 5373 1231 5442 scriptum
1269 5381 1398 5427 est:
1444 5390 1462 5423 ι
1495 5373 1688 5427 Anima
1728 5389 1849 5444 qua
1881 5375 2102 5444 quidvis

530 5460 722 5516 fecerit
752 5464 805 5517 in
835 5480 996 5517 manu
1033 5464 1324 5533 superbia,
1349 5472 1631 5520 exteretur
1664 5464 1733 5519 de
1762 5467 1964 5535 populo
1994 5467 2095 5520 ⁸³.»

533 5554 748 5625 Ῑῧθθ
797 5557 857 5610 lu
898 5558 1037 5611 lsaia
1077 5574 1089 5609 :
1157 5576 1174 5609 ‹
1206 5558 1274 5613 Ει
1326 5558 1640 5629 disperdam
1684 5574 1878 5613 omnes
1910 5575 2101 5629 supcr-

598 5724 1029 5796 "lsa-m.44.
1108 5731 1562 5799 "Eccli.x,22.
1641 5732 1962 5791 "ibid.l5.
2041 5738 2087 5769 ιι

2208 4654 2310 4723 ράς
2342 4671 2435 4707 σου
2464 4654 2559 4707 ἐπὶ
2589 4654 2689 4716 τὰς
2716 4656 3097 4727 ὑπερηφανίας
3124 4656 3307 4710 αὐτῶν
3333 4658 3414 4720 είς
3435 4654 3591 4716 τέλος,
3611 4651 3717 4705 ὅπως

2204 4745 2629 4815 αἰσχυνθείησαν
2670 4748 2722 4799 oi
2754 4748 3113 4819 ὑπερήφανοι,
3149 4750 3231 4803 ὅτι
3264 4749 3463 4812 ἀδίκως
3492 4744 3714 4816 ὴνόμησαν

2204 4839 2285 4899 είς
2315 4838 2485 4908 ἡμᾶς.
2540 4839 2650 4891 ’Δεὶ
2680 4840 2788 4911 γὰρ
2823 4840 3168 4929 ὑπερηφάνει
3202 4842 3277 4905 ὡς
3308 4842 3359 4894 oi
3386 4842 3445 4929 ἐν
3476 4839 3537 4929 τῇ

2205 4927 2444 4998 πατέρες
2474 4929 2653 4982 αὐτῶν
2677 4931 3029 5003 παρηνόμουν
3175 4932 3399 5002 σφόδρα.
3436 4928 3493 4984 ’0
3506 4928 3557 4981 δὲ
3574 4918 3712 4977 δοῦλός

2206 5034 2299 5071 σου
2329 5019 2493 5072 Δαυῒδ
2521 5020 2630 5074 ἀπὸ
2655 5021 2747 5075 τοῦ
2794 5023 2961 5093 νόμου
3003 5040 3098 5077 σου
3142 5025 3245 5077 οὑκ
3303 5021 3535 5087 ἐξέκλινε
3560 5033 3574 5048 ο
3623 5008 3711 5065 οὔτε

2207 5127 2226 5161 ι
2266 5111 2601 5184 ὑπερηφάνῳ
2630 5113 2891 5187 ὀφθαλμῷ
2918 5115 3012 5169 καὶ
3054 5114 3319 5187 ἀπλήστῳ
3359 5111 3545 5183 καρδίᾳ
3573 5125 3589 5158 ι
3622 5116 3711 5158 συν·

2205 5200 2416 5271 ήσθιεν,
2446 5203 2555 5256 οὐδ’
2601 5205 2738 5269 ὅλως
2776 5206 3017 5277 κατῴκει
3060 5224 3080 5259 ι
3116 5209 3173 5260 ὲν
3221 5207 3369 5277 μέσῳ
3402 5203 3498 5272 τῆς
3528 5196 3707 5254 οἰκίας»

2206 5292 2394 5357 αὑτοῦ,
2421 5294 2683 5365 λογισμὸς
2712 5296 2881 5350 ποιῶν
2936 5298 3334 5369 ὑπερηφανίαν.
3387 5297 3491 5352 Καὶ
3512 5295 3537 5346 ὁ
3560 5292 3712 5358 [lapat-

2212 5383 2445 5454 μιαστής
2468 5399 2482 5412 ⁹
2517 5403 2534 5435 ι
2570 5385 2737 5450 Φάσος
2757 5385 2966 5458 Κύριοι)
2993 5390 3142 5460 μισεί
3166 5389 3382 5454 κακίαν,
3414 5385 3557 5456 ῦϐριν
3574 5395 3619 5432 τε
3644 5372 3711 5428 καὶ

2211 5472 2613 5545 ὑπερηφανίαν,
2642 5474 2734 5528 καὶ
2762 5475 2915 5540 ὁδοὺς
2938 5477 3199 5549 πονηράς.
3221 5496 3239 5530 ι
3283 5476 3497 5543 Ἐπάγει
3519 5488 3532 5503 ο
3560 5488 3574 5521 ι
3601 5467 3709 5528 ’0⁸³1³

2214 5564 2386 5633 μέγας
2420 5559 2492 5631 εἷ,
2543 5565 2797 5620 τοσοῦτον
2844 5568 3077 5623 ταπείνα
3114 5567 3359 5634 σεαυτὸν,
3393 5564 3481 5621 καὶ
3514 5559 3707 5630 εὖρὴαίί

2210 5738 2368 5799 Num.
2406 5758 2495 5809 xv,
2531 5742 2620 5805 30.
2648 5734 2658 5741 ’
