3986 6148
354 390 491 459 1573

838 383 1172 456 ΠΟΜΠᾸΑ
1210 392 1382 457 XLV.
1414 392 1711 465 —QUOD
1749 388 1902 453 NON
1944 393 2063 453 SIT
2105 393 2201 454 DE
2240 393 2331 455 SE
2366 383 2565 452 ALTE
2603 388 3123 457 SENTIENDUM.

3461 394 3481 457 1
3494 395 3598 461 574

352 507 514 579 χάριν
548 505 726 564 ἔναντι
756 504 978 577 Κυρίου.
1010 520 1029 554 ι
1066 498 1187 554 Καί
1222 519 1235 533 ·
1279 522 1297 555 ι
1329 502 1421 574 Μὴ
1452 502 1650 573 ἐξὺψου
1694 501 1921 555 σεαυτὸν

2024 502 2124 556 bos
2153 502 2222 554 ".
2252 521 2267 552 ι
2307 498 2522 555 Psaltcs
2556 499 2742 569 regius
2776 518 2788 553 :
2824 519 2840 551 ι
2871 500 2997 556 ldeo
3043 504 3220 558 tenuit
3266 519 3361 562 cos
3395 520 3594 575 super-

352 598 440 651 ῖνα
473 598 548 671 μὴ
585 596 776 666 τιέσῃς,
809 597 892 649 ὅτι
932 590 1156 666 μισητὺς
1186 593 1366 647 ἔναντι
1415 594 1618 661 Κυρίου
1683 594 1779 646 καὶ
1825 593 1921 646 ἀν-

340 674 568 758 υυρὼπόυ
601 687 708 749 πᾶς
737 687 1107 757 ὑπερήφανος.
1147 704 1167 736 ι
1205 684 1361 738 Καὶὁ
1402 682 1695 744 Ἰάκωὸοςο
1733 682 1924 754 ’Υπερ⁴

350 778 576 847 ηφάνοις
606 774 814 847 Κύριος
847 774 1252 840 ἀντιτάσσεται,
1294 775 1575 836 ταπεινοῖς
1606 772 1788 826 δίδωσι
1835 774 1925 843 χά-

354 884 458 938 ριν.
501 885 520 917 ι
558 868 665 919 Καὶ
706 866 958 934 ἐπιφέρει
985 882 999 897 ·
1042 882 1062 915 ι
1094 864 1482 935 Ταπεινώθητε
1524 860 1617 917 οὖν
1674 864 1781 916 ὑπὸ
1824 866 1923 934 τὴν

352 955 621 1025 κραταιὰν
650 957 809 1024 χεῖρα
840 953 933 1008 τοῦ
959 953 1118 1020 Θεοῦ,
1151 948 1236 1006 ἴνα
1273 953 1473 1024 ὑψώσῃ
1493 954 1658 1023 ὑμᾶς.
1696 972 1715 1005 ι
1747 952 1920 1023 Φοόηο

354 1044 539 1115 θῶμεν
574 1040 689 1107 οὖν,
731 1044 971 1113 ἀδελφοὶ,
1016 1044 1110 1097 καὶ
1157 1044 1308 1117 πάσῃ
1352 1045 1564 1113 φυλακῇ
1594 1045 1924 1115 τηρήσωμεν

350 1134 449 1204 τὴν
472 1133 679 1187 ἑαυτῶν
702 1133 933 1204 καρδίαν
953 1135 1061 1186 ἀπὸ
1090 1134 1185 1187 τοῦ
1212 1134 1586 1205 θανατηφόρου
1616 1135 1924 1205 πνεύματος

351 1223 451 1292 τῆς
511 1223 914 1294 ὑπερηφανίας.
970 1223 1138 1278 Ὅταν
1189 1223 1298 1295 γὰρ
1350 1224 1761 1296 κατακυριεύσῃ
1824 1224 1924 1294 τῆς

351 1314 544 1376 ἀθλίας
572 1315 775 1384 ψυχῆς,
801 1314 993 1383 ὥσπερ
1014 1331 1096 1377 τις
1124 1313 1509 1384 χαλεπώτατος
1539 1318 1800 1387 τύραννος
1825 1332 1923 1386 με-

351 1406 525 1475 γάλην
557 1405 710 1457 πόλιν
761 1405 855 1458 καὶ
911 1404 1123 1474 ὑψηλὴν
1170 1405 1526 1476 παραλαϐὼν,
1578 1406 1707 1477 ὅλην
1754 1408 1925 1476 αὐτὴν

353 1497 713 1568 καταστρέφει
752 1497 847 1549 καὶ
879 1496 1277 1550 κατασκάπτει.
1316 1498 1424 1551 Καὶ
1450 1498 1511 1551 τὸ
1544 1499 1922 1564 ὲλεεινότατον,

352 1589 431 1640 ὅτι
464 1582 618 1651 οὗτος
643 1589 668 1640 ό
700 1587 1106 1659 ὲπικατάρατος
1141 1588 1352 1658 δαίμων
1384 1590 1509 1652 τοὺς
1549 1589 1809 1654 τελείους,
1850 1589 1925 1653 ὡς

352 1677 590 1747 εἴρηται,
632 1679 888 1749 μάλιστα,
914 1679 1009 1730 καὶ
1048 1680 1129 1742 είς
1150 1677 1210 1732 τὸ
1250 1677 1385 1749 ὕψος
1411 1679 1522 1732 τῶν
1553 1680 1764 1751 ἀρετῶν
1796 1683 1926 1733 ἁνα-

354 1766 656 1835 6ε6ηκότας
703 1768 973 1837 ἐπιχειρεῖ
1019 1769 1459 1837 καταστρέφειν·
1507 1769 1601 1821 καὶ
1632 1769 1754 1821 οὐδὲ
1788 1769 1925 1840 πρὸς

2022 593 2110 648 bia
2147 595 2202 647 in
2232 593 2418 657 tinem,
2446 590 2575 661 quia
2597 592 2773 660 operti
2808 600 2936 647 sunt
2963 591 3252 662 iniquitate
3297 603 3353 652 et
3401 596 3597 665 impie-

2022 695 2133 742 tate
2164 703 2263 741 sua
2295 687 2363 741 ⁸³.
2397 705 2415 737 ›
2455 685 2560 739 Et:
2598 704 2615 735 ι
2646 684 2974 739 Defecerunt
3020 694 3076 740 et
3122 688 3408 756 perierunt
3458 702 3591 758 pro-

2021 789 2144 849 pter
2172 776 2511 846 impietatem
2544 790 2698 829 suam
2735 775 2802 830 ⁸⁸.
2843 795 2861 827 ι
2890 776 2957 829 Ει
2988 794 2998 828 ;
3039 795 3057 827 ι
3097 776 3369 846 Superbia
3397 794 3590 834 eorum

2021 871 2115 939 qui
2141 877 2193 923 te
2217 869 2472 935 oderunt,
2503 866 2749 921 ascendit
2777 882 2994 935 semper
3024 867 3090 925 “.
3110 887 3129 920 ι
3169 868 3323 924 Unde
3356 878 3415 924 et
3442 869 3593 924 omni

2022 961 2207 1015 studio
2240 959 2323 1013 usi
2355 967 2501 1024 sunt,
2530 967 2720 1013 sancta
2763 966 2855 1012 tua
2884 967 2944 1012 ut
2992 958 3409 1023 demolirentur,
3467 974 3592 1014 san-

2022 1054 2231 1111 ctuaria
2254 1065 2346 1109 tua
2376 1054 2432 1107 in
2459 1053 2811 1107 solitudinem
2837 1052 3168 1122 redigerent.
3209 1051 3500 1114 Caeterum,
3532 1060 3591 1108 tu

2021 1147 2194 1202 alleva
2221 1160 2416 1199 manus
2439 1154 2561 1199 tuas
2590 1145 2645 1198 in
2691 1144 2975 1213 superbias
3006 1158 3200 1199 eorum
3235 1143 3290 1197 in
3328 1143 3494 1198 tinem
3522 1144 3589 1210 ",

2023 1247 2085 1292 ut
2113 1235 2522 1291 confundantur
2568 1235 2815 1303 superbi,
2864 1235 2992 1304 quia
3039 1235 3240 1305 injuste
3289 1243 3345 1289 et
3406 1235 3592 1304 inique

2021 1330 2256 1393 egerunt
2277 1330 2468 1375 contra
2494 1336 2598 1374 nos
2640 1321 2708 1375 ⁸⁸.
2747 1320 2975 1390 Semper
3019 1323 3168 1376 enim
3211 1322 3434 1391 superbi
3478 1323 3590 1387 isti,

2024 1411 2483 1481 quemadmodum
2510 1420 2695 1481 patres
2718 1427 2909 1466 eorum
2936 1413 2990 1466 in
3013 1427 3217 1476 eremo,
3244 1413 3408 1469 nimis
3431 1429 3592 1482 quam

2023 1502 2362 1572 praevaricati
2412 1510 2541 1557 sunt
2598 1502 2771 1571 legem
2809 1511 2977 1558 tuam.
3032 1504 3198 1573 Atqui
3237 1520 3430 1559 servus
3468 1513 3596 1560 tuus
3638 1532 3642 1537 ~

2027 1592 2197 1645 David
2227 1608 2335 1651 non
2364 1592 2659 1647 declinavit
2685 1609 2714 1647 a
2740 1594 2858 1664 lege
2882 1605 2990 1658 tua,
3026 1610 3129 1649 nec
3157 1610 3282 1649 cum
3311 1614 3328 1645 ι
3355 1596 3594 1664 superbo

2024 1684 2186 1738 oculo
2213 1692 2269 1737 et
2295 1684 2590 1738 insatiabili
2622 1685 2790 1739 corde
2824 1687 2869 1718 "
2908 1705 2927 1738 ι
2968 1687 3130 1741 simul
3156 1687 3374 1752 edebat,
3406 1695 3462 1740 et
3492 1702 3596 1742 nec

2025 1775 2250 1828 omnino
2284 1775 2409 1829 talis
2436 1776 2720 1831 habitabat
2747 1797 2762 1827 ι
2801 1777 2855 1831 in
2883 1778 3064 1833 medio
3091 1779 3286 1833 domus
3310 1781 3383 1830 ⁸ο»
3406 1779 3591 1844 illius;

358 1858 646 1929 μετάνοιαν
696 1859 896 1920 αὐτοὺς
942 1861 1218 1929 συγχωρεῖ
1263 1858 1610 1929 ἐπιπρέψαι.
1661 1858 1787 1923 Πῶς
1815 1860 1923 1929 γὰρ

2024 1868 2285 1938 cogitatio
2329 1867 2586 1922 videlicet
2613 1868 2721 1922 ulla
2748 1868 3018 1938 resipiens
3045 1869 3381 1937 superbiam.
3411 1869 3599 1924 Pare-

357 1948 765 2018 μετανοήσωσιν
807 1950 857 2002 οί
895 1949 1014 2002 ὅλον
1042 1950 1285 2003 διάὄολον
1316 1950 1595 2020 δεχόμενοι
1626 1952 1682 2003 ἐν
1711 1952 1925 2014 ἑαυτοῖς

353 2039 443 2093 διὰ
466 2040 564 2109 τῆς
592 2040 998 2109 ὑπερηφανίας,
1037 2042 1130 2094 καὶ
1166 2040 1257 2092 τὸν
1297 2038 1427 2092 Θεὸν
1470 2041 1925 2109 ἀντιτασσόμενον

354 2132 538 2193 αὐτοῖς
579 2131 982 2196 καθιστῶντες;
1026 2132 1218 2201 Ἡμεῖς
1254 2130 1347 2183 οῦν
1378 2128 1467 2183 διὰ
1521 2129 1620 2199 τῆς
1674 2145 1926 2183 ταπεινο-

355 2221 630 2292 φροσύνης
667 2220 1141 2292 ἀποκρουσώμεθα
1166 2220 1259 2274 τὸν
1296 2220 1645 2291 ὑπερήφανον
1673 2220 1921 2289 δαίμονα·

354 2313 699 2380 ἐπιλέγοντες
737 2313 947 2376 ἑαυτοῖς
975 2313 1038 2365 τὸ
1056 2311 1153 2365 τοῦ
1195 2311 1540 2373 Ἀποστόλου,
1569 2311 1696 2365 ὅταν
1726 2312 1925 2381 ἀρετήν

354 2421 473 2458 τινα
520 2403 961 2475 κατορθώσωμεν
996 2420 1012 2434 ·
1074 2422 1092 2457 ι
1135 2404 1249 2457 Οὑκ
1293 2401 1410 2473 ,ἐγὼ
1431 2402 1507 2469 δὲ,
1541 2402 1733 2472 ἀλλὰὴ
1767 2400 1926 2472 χάρις

353 2494 448 2548 τοῦ
485 2494 622 2548 Θεοῦ
666 2497 699 2567 ή
742 2495 842 2547 σὺν
873 2495 997 2565 ἐμοί
1034 2510 1050 2526 ·
1098 2512 1118 2546 ι
1161 2494 1257 2547 καὶ¹
1299 2492 1463 2547 πάλιν
1496 2509 1509 2524 ⁸
1556 2509 1575 2543 ι
1607 2491 1681 2546 Οὐ
1711 2491 1804 2545 τοῦ
1840 2491 1927 2544 θέ-

353 2585 540 2649 λοντος
562 2585 682 2639 οὑδὲ
704 2585 801 2638 τοῦ
822 2587 1136 2656 τρέχοντος,
1161 2584 1294 2638 ἀλλά
1315 2582 1410 2638 τοῦ
1428 2582 1703 2646 ελεοῦντος
1719 2580 1876 2635 Θεοῦ.
1902 2600 1921 2634 ι

336 2675 465 2753 ~Rati
500 2677 561 2729 τὸ
599 2675 704 2729 ὑπὸ
739 2674 835 2729 τοῦ
890 2676 1097 2745 Κυρίου
1140 2674 1433 2743 εἰρημένον
1458 2689 1472 2703 ο
1506 2690 1526 2724 ι
1567 2673 1751 2743 Χωρὶς
1791 2670 1925 2743 ἐμοῦ

351 2770 412 2822 οὑ
441 2768 669 2823 δύνασθε
714 2770 888 2822 ποιεῖν
926 2768 1097 2821 οὐδέν.
1136 2785 1155 2818 ι
1207 2765 1394 2830 Οῦτως
1442 2765 1552 2835 γὰρ
1586 2764 1927 2835 δυνησόμεθα

355 2861 518 2915 πάλιν
547 2858 778 2914 ἀκοῦσαι
804 2859 973 2913 αὑτοῦ
1002 2859 1096 2913 τοῦ
1125 2858 1332 2928 Κυρίου
1360 2857 1606 2926 λέγοντος
1626 2873 1639 2887 ·
1670 2873 1690 2907 ι
1732 2856 1926 2909 Ἐθεὼ-

358 2967 486 3023 ρουν
532 2951 623 3003 τὸν
663 2952 911 3006 Σατανᾶν
935 2949 1011 3013 ὡς
1040 2949 1328 3020 ἀστραπὴν
1360 2949 1423 3001 ὲκ
1449 2945 1544 3001 τοῦ
1571 2945 1798 3017 οὐρανοῦ
1833 2962 1928 2999 πε-

356 3043 516 3096 σόντα
542 3058 557 3075 ο
600 3043 731 3106 ίδοῦ,
757 3042 931 3096 ἔδωκα
963 3043 1091 3111 ὑμῖν
1111 3040 1208 3111 τὴν
1244 3040 1491 3103 ἐξουσίαν
1522 3041 1712 3094 πατεῖν
1743 3038 1927 3091 ἐπάνω

2027 1959 2251 2013 miastes
2286 1975 2300 2011 :
2336 1975 2355 2008 ι
2395 1957 2582 2011 Timor
2613 1958 2828 2012 Domini
2854 1959 2972 2013 odit
2999 1959 3284 2024 malitiam,
3314 1965 3599 2013 contume-

2027 2048 2291 2116 liamque,
2319 2054 2376 2101 et
2403 2047 2741 2117 superbiam,
2766 2062 2829 2102 ac
2849 2048 2966 2101 vias
2990 2063 3184 2116 pravas
3211 2047 3276 2101 ⁶¹.
3307 2065 3325 2098 ι
3357 2047 3593 2102 lnducit:

2032 2154 2051 2187 ι
2088 2134 2304 2200 Quanto
2329 2136 2611 2206 majores,
2638 2142 2790 2190 tanto
2820 2136 3050 2191 humilia
3074 2136 3330 2207 teipsum,
3363 2144 3421 2190 et
3444 2136 3597 2190 iuve-

2025 2226 2147 2281 nies
2174 2228 2403 2296 gratiam
2431 2227 2486 2281 in
2523 2235 2825 2294 conspectu
2858 2226 3075 2281 Domini
3119 2227 3185 2279 “.
3216 2244 3235 2277 ι
3291 2224 3362 2279 Ει
3391 2241 3404 2277 :
3464 2244 3483 2276 ι
3514 2222 3594 2278 Ne

2024 2317 2231 2372 exaltes
2272 2318 2528 2385 teipsum,
2570 2326 2630 2372 ut
2667 2332 2737 2372 ne
2770 2317 2935 2372 cadas
2966 2317 3032 2383 ",
3061 2317 3189 2387 quia
3219 2316 3442 2372 odibilis
3465 2324 3595 2371 ante

2025 2406 2317 2461 Dominum
2345 2415 2402 2460 et
2432 2405 2685 2460 homines
2717 2406 2898 2460 omnis
2941 2406 3212 2475 superbus
3269 2405 3335 2460 “.
3367 2424 3385 2456 ι
3439 2404 3597 2459 Jaco-

2029 2499 2171 2551 hus:
2200 2515 2218 2548 ι
2249 2496 2514 2550 Dominus
2537 2496 2791 2565 superbis
2820 2496 3047 2561 resistit,
3077 2495 3381 2551 humilibus
3410 2504 3594 2550 autem

2026 2586 2121 2640 dat
2139 2585 2370 2656 gratiam
2408 2587 2475 2637 θ’.
2510 2586 2529 2635 ὁ
2565 2585 2734 2640 Infert
2769 2602 2782 2638 :
2833 2603 2851 2636 ι
2883 2585 3258 2640 Humiliamini
3291 2585 3460 2654 igitur
3491 2583 3595 2640 sub

2024 2675 2237 2746 potenti
2268 2690 2439 2729 manu
2454 2674 2574 2738 Dei,
2606 2682 2666 2729 ut
2703 2690 2802 2729 vos
2848 2675 3053 2729 e'xaltet
3101 2673 3166 2728 “.
3196 2692 3215 2725 ι
3280 2672 3595 2727 Timeamus

2027 2765 2233 2834 itaque,
2272 2764 2491 2824 fratres.
2530 2775 2588 2819 et
2621 2765 2770 2819 omni
2800 2764 3053 2819 custodia
3086 2779 3182 2820 cor
3212 2764 3318 2818 hoc
3341 2770 3594 2818 nostrum

2026 2856 2263 2911 liberum
2289 2869 2702 2921 conservemus,
2723 2870 2787 2910 ac
2811 2870 3013 2925 purum
3038 2855 3275 2909 exitialis
3313 2862 3370 2909 et
3398 2853 3595 2908 morti-

2025 2946 2128 3001 feri
2156 2946 2382 3015 spiritus
2401 2946 2691 3015 superbiae.
2729 2944 2784 3000 Si
2809 2946 3027 3016 quando
3047 2945 3194 3000 enim
3229 2944 3376 2999 illius
3409 2950 3595 3017 tyran-

2026 3039 2083 3092 ni
2129 3038 2392 3093 adversus
2433 3038 2800 3092 miserabilem
2828 3052 3054 3108 prorsus
3078 3037 3315 3091 animam
3346 3035 3595 3090 invalue-

354 3133 529 3202 ὕφεων
561 3134 656 3186 καὶ
684 3134 963 3205 σκορπίων
994 3132 1090 3186 καὶ
1117 3132 1211 3184 ἐπὶ
1240 3132 1420 3186 πᾶσαν
1446 3130 1544 3201 τὴν
1572 3129 1800 3200 δύναμιν
1828 3127 1923 3182 τοῦ

2028 3128 2121 3192 rit,
2154 3128 2298 3182 haud
2322 3143 2483 3182 secus
2505 3128 2635 3182 facit
2666 3144 2730 3182 ac
2755 3128 2801 3182 si
2833 3137 3096 3199 tyrannus
3129 3127 3399 3197 quispiam
3431 3140 3595 3195 supra

353 3194 572 3297 ἐχθροῦ.
618 3245 636 3276 ι
672 3194 934 3298 Αὑτίῇοτῷ
963 3210 1154 3295 ἀγαθῷ
1198 3224 1397 3295 πρέπει
1445 3224 1479 3292 ή
1501 3194 1646 3287 ’δόξα
1681 3194 1761 3284 είς
1794 3221 1921 3284 τοὺς

2028 3220 2251 3274 modum
2284 3219 2434 3274 ferox
2458 3227 2514 3274 et
2547 3220 2820 3282 immanis,
2853 3235 3017 3273 unam
3050 3219 3289 3288 aliquam
3319 3218 3594 3273 civitatem

356 3317 578 3380 αἰῶνας.
642 3318 699 3370 Ἀ
709 3318 833 3387 μήν.

2030 3319 2087 3367 et
2128 3310 2489 3381 amplitudine
2522 3311 2628 3366 loci
2663 3322 2720 3367 et
2763 3310 2900 3366 situs
2940 3311 3275 3367 Sublimitate
3320 3310 3595 3365 celebrem

355 3409 509 3463 velut
560 3424 658 3479 per
691 3423 886 3463 manus
931 3415 1146 3479 captam
1189 3425 1221 3463 a
1280 3405 1653 3462 fundamentis
1687 3412 1856 3461 totam
1902 3402 2143 3471 suh'ruit,
2196 3414 2471 3475 aequatum
2508 3405 2646 3469 solo,
2677 3404 2922 3459 suﬂ‘odit.
2950 3403 3134 3474 Longe
3182 3410 3240 3458 et
3284 3403 3390 3457 hoc
3442 3405 3592 3457 omni

354 3501 783 3568 comploratione
813 3501 1234 3570 dignissimum;
1288 3501 1640 3556 exsecrabilis
1686 3500 1958 3569 siquidem
1996 3500 2209 3554 daemon
2262 3499 2375 3559 hic.
2429 3500 2599 3564 viros,
2633 3507 2694 3553 ut
2739 3498 2873 3553 mihi
2915 3498 3124 3552 dictum
3162 3504 3266 3563 est,
3311 3496 3367 3550 in
3416 3494 3599 3565 perfe-

354 3590 554 3644 ctionis
600 3592 838 3644 culmine
895 3591 1007 3660 jam
1050 3592 1408 3654 constitutos,
1446 3606 1511 3645 ac
1549 3590 1805 3653 maxime,
1854 3591 1949 3659 qui
1987 3590 2244 3645 sublimis
2282 3588 2510 3643 theoriae
2550 3588 2750 3642 merito
2785 3587 2853 3643 ad
2898 3587 3165 3641 cmlorum
3210 3599 3385 3655 usque
3440 3584 3596 3639 fasti—

358 3685 505 3757 gium
567 3683 954 3738 conscendisse
1017 3683 1385 3748 videbantur,
1440 3682 1620 3736 modis
1674 3681 1932 3736 omnibus
1968 3680 2268 3735 admolitur
2322 3687 2384 3734 ut
2429 3680 2661 3734 subruat
2709 3694 2773 3734 ac
2816 3679 3141 3748 prmeipitet.
3199 3676 3306 3739 Sed
3353 3692 3423 3731 ne
3469 3676 3599 3730 illos

356 3777 577 3848 quidem
617 3783 741 3845 post
782 3776 996 3844 lapsum
1043 3775 1177 3829 sinit
1220 3774 1287 3828 ad
1328 3773 1665 3843 pmnitentire
1703 3780 1924 3842 portum
1994 3788 2096 3827 ceu
2155 3771 2492 3843 postliminio
2539 3770 2762 3826 reverti.
2804 3769 2924 3835 Quo
2982 3770 3130 3823 enim
3173 3776 3333 3837 pacto
3385 3767 3475 3821 isti
3522 3764 3589 3818 ad

318 3868 717 3941 paenitudinis
741 3881 804 3922 ac
847 3867 1241 3937 resipiscentiaa
1274 3868 1456 3921 sinum
1517 3882 1576 3921 se
1621 3867 1927 3930 conferant,
1966 3866 2062 3935 qui
2123 3874 2300 3920 totum
2348 3866 2626 3920 diabolum
2667 3865 2723 3919 in
2763 3880 2822 3919 se
2856 3863 3195 3931 excipientes
3240 3875 3339 3931 per
3392 3875 3589 3929 super-

359 3959 525 4023 biam,
560 3959 735 4014 Deum
757 3973 857 4028 per
882 3958 991 4013 hoc
1032 3959 1448 4014 colluctatorem
1498 3958 1605 4013 sibi
1625 3960 1967 4013 constituere
2002 3965 2061 4012 et
2108 3957 2532 4012 adversarium?
2577 3957 2689 4011 Nos
2730 3956 2900 4025 igitur
2940 3950 3271 4006 humilitatis
3333 3949 3593 4020 praesidio

351 4051 596 4117 subnixi,
631 4049 942 4120 principem
988 4047 1140 4104 hunc
1196 4049 1476 4119 superbiae
1522 4048 1706 4103 omnis
1741 4063 1769 4102 a
1823 4047 1986 4102 nobis
2024 4062 2189 4118 quam
2244 4045 2561 4117 longissime
2605 4043 2960 4115 profligcmus
2999 4049 3056 4095 et
3099 4040 3447 4102 amoliamur,
3485 4054 3591 4094 no-

354 4145 571 4201 hiscum
603 4144 756 4199 taciti
793 4144 1155 4198 mussitantes
1186 4142 1322 4197 illud
1360 4143 1607 4213 Apostoli
1665 4142 1929 4213 elogium,
1969 4157 2097 4197 cum
2127 4141 2410 4212 quidpiam
2436 4141 2622 4210 operis
2668 4137 3073 4194 confecerimus
3099 4135 3319 4189 virtutis
3364 4138 3619 4189 nomine»

352 4236 622 4307 dignum:
689 4256 707 4289 ι
742 4238 865 4291 Non
920 4250 1024 4307 ego
1079 4242 1286 4301 autem,
1351 4236 1446 4290 sed
1479 4236 1653 4306 gratia
1678 4237 1776 4290 Dei
1808 4250 2027 4291 mecum
2052 4235 2119 4288 ⁸⁷.
2155 4253 2173 4286 ι
2208 4234 2415 4303 lterum
2461 4250 2475 4286 :
2523 4252 2540 4284 ι
2570 4233 2690 4287 Νοη
2733 4229 2991 4287 volentis.
3046 4242 3226 4298 neque
3286 4225 3589 4290 currentis,

350 4329 448 4384 sed
509 4330 828 4385 miserentis
878 4330 977 4385 Dei
1040 4330 1107 4385 ⁸⁸.
1156 4348 1175 4381 ι
1226 4329 1333 4385 Sed
1381 4338 1439 4385 et
1506 4331 1643 4386 illud
1680 4347 1710 4385 a
1742 4332 1976 4385 Domino
2013 4330 2227 4385 dictum
2289 4343 2492 4384 arcana
2552 4327 2888 4398 cogitatione
2961 4326 3255 4382 adversum
3309 4321 3593 4393 superbia:

354 4421 717 4476 tentationem
771 4420 1308 4475 admurmurandum
1362 4421 1560 4475 venit:
1600 4439 1617 4476 ι
1651 4422 1784 4477 Sine
1840 4436 1929 4477 me
1963 4422 2107 4475 nihil
2135 4419 2373 4490 potestis
2419 4419 2603 4473 facere
2638 4419 2703 4471 δ’.
2738 4436 2757 4468 ι
2828 4417 2902 4471 Ita
2935 4417 3084 4471 enim
3112 4415 3182 4470 ab
3231 4414 3426 4470 eodem
3486 4413 3586 4468 Do-

351 4517 503 4571 mino
544 4516 992 4587 promerebimur
1050 4515 1246 4570 audire
1295 4525 1353 4571 et
1384 4516 1522 4571 illud
1567 4534 1579 4569 :
1620 4536 1637 4568 ι
1675 4517 1940 4573 Videbam
1981 4516 2241 4572 Satanam
2280 4523 2541 4583 tanquam
2560 4512 2753 4598 fulgur
2798 4511 2866 4567 de
2912 4512 3053 4567 ctelo
3097 4510 3385 4565 cadentem
3417 4525 3431 4567 :
3462 4522 3593 4563 ecce

350 4611 480 4667 dedi
518 4612 682 4665 vobis
715 4620 1047 4679 potestatem
1077 4610 1329 4669 ealcandi
1354 4626 1523 4680 super
1561 4620 1849 4680 serpentes
1877 4617 1933 4665 et
1970 4608 2324 4678 scorpionem
2355 4617 2601 4677 etsuper
2629 4621 2847 4661 omnem
2895 4605 3156 4659 virtutem
3184 4602 3394 4657 inimici
3425 4601 3498 4655 ⁷ο.
3564 4617 3589 4652 ι

348 4703 692 4759 Clementem
740 4710 799 4758 et
837 4704 1138 4777 benignum
1176 4705 1351 4760 Deum
1399 4704 1630 4759 addecet
1663 4704 1837 4775 gloria
1881 4703 1937 4757 in
1975 4702 2174 4757 saecula
2213 4701 2565 4757 saeculorum.
2589 4700 2785 4754 Amen.

945 4816 1163 4868 ΛΟΓΟΣ
1188 4817 1321 4871 ME'.
1738 4814 1747 4821 ”

2446 4812 2488 4880 1
2503 4812 2660 4881 Ῑοο
2695 4809 2981 4865 HOMILIA
3018 4809 3178 4867 XLV.

767 4929 909 4997 Περὶ
960 4930 1503 4998 ὐψηλυφροσύνης.
1808 5009 1820 5018 ᾗ

2024 4924 2100 4979 De
2127 4925 2299 4997 specie
2325 4923 2602 4994 superbia,
2642 4941 2746 4993 qua
2779 4925 2895 4995 quis
2938 4924 3003 4977 de
3046 4939 3102 4977 se
3146 4939 3305 4992 quam
3356 4921 3423 4974 sit
3464 4935 3587 4988 par,

2593 4995 2752 5046 sentit
2790 4995 3015 5046 altiora.

2593 5002 2752 5047 sentit
2790 5002 3015 5049 altiora.

426 5103 486 5156 Ὀ
515 5102 843 5175 ὑψηλόφρων
872 5101 1060 5172 ἕτερος
1095 5101 1195 5172 μέν
1228 5102 1377 5155 ἐστιν
1398 5101 1493 5155 τοῦ
1538 5100 1920 5173 ὑπερηφάνουο

2088 5105 2192 5173 Qui
2214 5106 2284 5161 de
2311 5122 2391 5172 se,
2432 5123 2594 5178 quam
2623 5124 2842 5178 arquum
2876 5109 2969 5185 sit,
3003 5107 3170 5161 sentit
3190 5105 3405 5166 altiora,
3436 5117 3589 5155 com-

346 5195 728 5266 παρήλλακται
765 5194 822 5247 δὲ
855 5194 991 5263 πρὸς
1019 5193 1111 5245 τὸν
1140 5193 1437 5258 κενόδοξον.
1486 5191 1636 5255 Ἐνὸς
1668 5193 1775 5263 γὰρ
1806 5192 1921 5246 δέν-

2024 5194 2146 5266 plex
2193 5196 2385 5266 utique
2432 5199 2660 5268 superbi
2705 5208 2811 5263 est,
2859 5207 2914 5253 et
2952 5198 3147 5252 eodem
3176 5193 3474 5263 conspirat.
3505 5192 3585 5245 Ad

342 5286 471 5356 δρου
502 5286 684 5340 κλάδοι
715 5287 872 5350 είσὶν,
894 5287 923 5339 ό
951 5286 1008 5339 δὲ
1027 5286 1238 5356 καρπὸς
1267 5283 1668 5356 ὲνηλλαγμένος
1696 5299 1711 5315 ο
1750 5285 1779 5337 ό
1814 5283 1914 5353 μὲν

2024 5288 2383 5357 vaniglorium
2448 5298 2632 5344 tamen
2689 5290 2924 5343 collatus
2976 5286 3224 5341 nonnihil
3274 5284 3483 5338 evariat
3530 5293 3585 5339 et

343 5378 420 5447 τῷ
447 5377 624 5433 δοκεῖν
652 5377 928 5448 κεκυφὼς,
966 5379 995 5431 ό
1026 5377 1084 5432 δὲ
1118 5376 1577 5448 μετεωρόκλαδος.
1612 5375 1721 5429 Καὶ
1750 5377 1778 5428 ὀ
1812 5375 1913 5446 μὲν

2024 5378 2135 5433 abit
2164 5378 2440 5435 diversus.
2468 5381 2534 5435 Et
2557 5379 2779 5450 quidem
2831 5379 2997 5433 unius
3040 5378 3256 5433 arboris
3295 5391 3418 5431 cum
3477 5374 3587 5428 sint

347 5469 760 5534 πιστακοκενὸς,
822 5472 850 5523 ό
906 5469 965 5522 δὲ
1016 5470 1392 5541 καρυόκουφος
1417 5485 1429 5498 ·
1498 5467 1799 5539 ἀμφότεροι
1857 5467 1913 5521 δὲ

2024 5470 2180 5537 rami,
2210 5469 2426 5525 fructus
2460 5472 2784 5540 utriusque,
2838 5470 3046 5526 habent
3085 5466 3438 5524 discerniculi
3486 5466 3585 5520 ali-

426 5624 475 5656 "
526 5624 631 5678 lsa.
664 5641 724 5689 ιι,
758 5625 844 5679 12.
951 5626 997 5661 "
1028 5626 1171 5681 Psal.
1200 5642 1366 5690 uxn,
1429 5625 1482 5679 6.
1594 5626 1640 5660 "
1673 5625 1809 5680 ibid.
1848 5626 1924 5682 19.

2044 5629 2089 5660 "
2118 5628 2263 5682 Psal.
2309 5643 2495 5692 Lxxnt,
2528 5627 2616 5680 25.
2717 5627 2761 5658 ⁸⁷
2799 5626 2935 5681 ibid.
2977 5628 3032 5683 '5.
3140 5627 3186 5659 ⁸³
3216 5626 3358 5681 Psal.
3391 5639 3577 5689 cxvm,

345 5692 432 5747 78.
510 5694 554 5727 ”
584 5695 726 5749 Psal.
767 5710 816 5751 c.
842 5696 895 5750 5.
966 5695 1014 5728 '°
1048 5696 1182 5750 ibid.
1212 5697 1263 5749 7.
1355 5696 1399 5727 ⁶²
1433 5696 1595 5749 Prov.
1628 5712 1743 5759 vm,
1786 5697 1873 5750 15.
1914 5715 1919 5723 ι
1950 5697 1994 5728 ⁶¹
2021 5698 2189 5752 Eccli.
2218 5716 2293 5759 ut,
2328 5698 2418 5751 20.
2497 5698 2544 5728 “
2568 5696 2734 5751 Eccli.
2762 5713 2816 5761 χ,
2844 5698 2933 5753 29.
3012 5697 3057 5729 “
3083 5696 3217 5751 ibid.
3252 5698 3303 5750 7.
3382 5695 3426 5727 "
3458 5694 3577 5759 Jac.

344 5776 416 5832 tv,
451 5763 502 5819 6.
583 5766 629 5797 “
653 5764 672 5817 l
700 5764 843 5818 Petr.
877 5781 930 5831 v,
959 5766 1010 5820 6.
1088 5767 1131 5799 ⁸⁷
1174 5766 1191 5820 l
1219 5766 1344 5819 Cor.
1376 5781 1464 5830 xv,
1495 5763 1577 5818 10.
1657 5766 1701 5797 ’π
1726 5767 1882 5821 Rom.

2039 5769 2117 5820 16.
2195 5769 2417 5823 “Joan.
2445 5783 2530 5831 xv,
2564 5767 2616 5822 εἰ.
2698 5767 2740 5798 ⁷ο
2764 5767 2895 5823 Luc.
2932 5784 2984 5835 ι,
3019 5767 3231 5835 18,19.
