3986 6148
486 374 631 440 1575

1754 366 2123 428 ANTIOCHI
2162 367 2502 427 MONACIII

3599 360 3706 426 1.375

484 483 642 555 quid.
669 481 804 536 Nam
832 478 1032 544 hic,'ut
1055 493 1124 533 ne
1153 475 1424 543 videatur,
1458 475 1766 546 propendet
1793 478 1849 530 in
1872 485 2077 530 terram

2184 477 2465 547 ἄχρηστοι.
2503 477 2565 530 Ol
2598 476 2654 530 δὲ
2681 477 2965 548 μισοῦντες
2987 479 3084 542 τὰς
3114 477 3289 548 ψυχὰς
3315 478 3474 546 ἡμῶν
3495 477 3705 548 δαίμονες

485 572 762 637 declivis;
805 570 898 624 ille
936 584 1070 623 vero
1095 583 1248 622 vana:
1275 567 1463 636 gloriae
1524 581 1708 620 ramus
1762 567 1817 619 in
1867 567 2071 620 cmlum

487 679 663 736 usque
693 669 1031 734 prospect-at.
1059 659 1181 723 Hic,
1213 659 1376 713 [idem
1429 665 1488 712 ut
1523 657 1840 712 commodet
1891 658 2070 720 vanis,

487 757 625 811 mire
676 755 856 808 alacer
889 766 952 806 ac
1005 751 1317 815 credulus;
1380 751 1496 816 ille,
1565 750 1634 804 ad
1698 748 2074 804 consectanda

486 849 627 918 gula:
678 845 1026 900 irritamenta
1079 843 1240 913 agilis
1277 843 1576 897 admodum
1612 850 1668 896 et
1691 849 2072 910 expromptus.

486 939 582 993 Vis
611 936 838 991 dicam?
867 936 1037 989 Plane
1075 933 1282 1002 infrugi
1318 933 1410 986 isti
1455 932 1672 986 fructus
1722 941 1778 986 et
1826 931 2072 984 inutiles.

488 1028 592 1093 Qui
616 1027 766 1080 enim
791 1026 1008 1078 animas
1036 1033 1256 1077 nostras
1285 1023 1499 1077 infense
1523 1009 2075 1084 oderuntdaemoues,

489 1098 825 1187 quibusdam
895 1115 1252 1168 insusurrant
1294 1128 1361 1166 ac
1395 1119 1720 1182 suggerunt,
1759 1112 1917 1181 quasi
1951 1126 2075 1180 gra-

490 1209 618 1263 tuiti
666 1207 922 1263 beneﬁcii
964 1208 1087 1260 loco
1136 1205 1300 1258 nobis
1342 1219 1464 1258 eam
1510 1203 1780 1258 instillent
1806 1212 1862 1256 et
1891 1201 2080 1256 confe-

489 1309 615 1356 rant
684 1301 854 1354 animi
908 1298 1270 1352 inﬂationem.
1329 1295 1539 1350 Deinde
1589 1304 1649 1348 ut
1701 1295 2077 1363 indulgentius

491 1394 656 1448 solito
681 1408 782 1447 nos
835 1392 986 1461 ipsos
1033 1391 1304 1453 laxemus,
1362 1387 1754 1443 adhortantur.
1818 1386 1976 1452 Quod
2031 1385 2078 1439 si

489 1485 675 1538 animo
712 1483 1050 1553 praemolliti,
1075 1481 1259 1535 locum
1308 1479 1642 1534 cesserimus
1683 1479 1863 1532 stultae
1895 1477 1987 1530 isti
2010 1477 2078 1530 de

489 1576 650 1630 nobis
677 1571 1077 1629 existimationi
1108 1589 1122 1635 ;
1169 1570 1310 1624 nihil
1345 1580 1430 1623 est
1469 1569 1616 1638 quod
1651 1567 1918 1636 deinceps
1971 1567 2077 1620 ini-

489 1667 620 1721 mici
672 1665 927 1719 laborent
979 1672 1039 1716 ut
1090 1658 1192 1714 uos
1233 1661 1289 1713 in
1341 1659 1718 1729 captivitatem
1775 1659 2076 1713 abducant.

490 1757 900 1812 Providendum
928 1755 1098 1824 igitur
1135 1767 1206 1806 ne
1251 1751 1335 1806 vel
1371 1761 1619 1820 tempore
1663 1749 1932 1804 orationis
1983 1765 2082 1803 no-

2180 572 2527 626 ὑποτίθενταί
2566 590 2710 627 τισιν
2734 573 2876 626 ὥστε
2902 572 3023 628 τινὰ
3060 574 3328 643 φυσίωσιν
3363 573 3493 640 ἡμῖν
3522 575 3709 643 χαρίσα-

2181 664 2304 717 σθαι
2339 681 2351 694 ·
2395 661 2513 718 εἶτα
2563 666 2700 737 πρὸς
2743 665 2948 734 ταύτην
2980 667 3128 736 ἡμᾶς
3171 664 3488 735 διαλυθῆναι
3522 667 3709 737 προτρέ-

2181 772 2396 810 πουσιν.
2450 757 2576 810 Ἐὰν
2625 759 2806 811 τοίνυν
2854 756 3220 828 χαυνωθέντες
3249 759 3315 826 τῇ
3349 757 3538 825 οἰήσει,
3566 757 3708 830 δῶμεν

2180 846 2344 898 τόπον
2377 849 2442 916 τῇ
2496 846 2943 920 ὑψηλοφροσύνῃ,
3001 847 3060 898 οὑ
3128 846 3434 916 κάμνουσιν
3492 845 3649 899 λοιπὸν
3671 846 3707 898 οἱ

2182 938 2369 1007 ἐχθροί
2396 939 2551 1007 ήμῶν
2585 937 2990 1008 αἰχμαλωτίσαι
3019 940 3187 1008 ἡμᾶς.
3227 937 3320 1008 Μὴ
3345 936 3440 990 οὖν
3468 935 3708 1005 γενώμεθα

2181 1028 2509 1099 δοξοχαρεῖς,
2553 1030 2648 1083 καὶ
2688 1030 3080 1101 ὑψηλόφρονες,
3124 1029 3210 1080 ἵνα
3256 1029 3332 1099 μὴ
3376 1028 3436 1080 οὑ
3481 1027 3620 1097 μόνον
3642 1028 3709 1078 ἐπὶ

2183 1119 2277 1174 τοῦ
2310 1122 2502 1185 νώτου,
2536 1121 2674 1174 ἀλλὰ
2711 1123 2804 1174 καὶ
2839 1123 2895 1174 ὲν
2929 1122 3006 1191 τῷ
3037 1119 3319 1191 προσώπῳ
3350 1117 3506 1189 ἡμῶν
3535 1117 3710 1170 τεκταί-

2184 1229 2345 1266 νωσιν
2368 1213 2417 1264 οἱ
2441 1213 2774 1284 ἁμαρτωλοὶ,
2803 1213 2899 1265 καὶ
2927 1210 3218 1281 γενώμεθα
3256 1209 3538 1279 ἐπεχαρμα
3569 1207 3712 1270 αὐτοῖς

2184 1303 2326 1355 κατὰ
2365 1303 2455 1356 τὸν
2499 1303 2686 1371 καιρὸν
2725 1304 2823 1372 τῆς
2864 1301 3194 1372 προσευχῆς,
3249 1299 3604 1369 ὲξελκόμενοι,
3643 1297 3712 1348 καὶ

2185 1390 2560 1461 δελεαζόμενοι
2600 1393 2693 1446 ὑπ’
2752 1392 2932 1446 αὐτῶν
2979 1394 3036 1445 ὲν
3076 1392 3360 1460 λογισμοῖς
3403 1387 3710 1449 ducaliter;-

2185 1483 2369 1545 καθὼς
2426 1484 2522 1536 καὶ
2576 1486 2604 1536 ὁ
2652 1482 3065 1552 Παροιμιαστὴς
3110 1481 3354 1535 διδάσκει
3389 1481 3571 1550 ἠμᾱςξ
3606 1477 3714 1545 «Μὴ

2187 1571 2571 1642 ὑψηλοφρονει,
2601 1575 2787 1642 φησὶν,
2816 1572 2911 1626 καὶ
2941 1572 3016 1642 μὴ
3051 1572 3200 1640 γίνου
3227 1571 3438 1633 δίκαιος
3464 1569 3604 1634 πολὺ,
3644 1569 3715 1620 καὶ

2189 1663 2262 1731 μὴ
2296 1662 2516 1731 σοφίξου
2555 1664 2811 1735 περισσὰ,
2861 1665 3073 1734 μήποτε
3113 1663 3390 1734 ἐκκλίνῃς.
3437 1663 3574 1714 Καί·
3623 1658 3715 1713 (⁸0

2187 1751 2390 1820 ὑψηλὸν
2436 1753 2604 1805 ποιῶν
2650 1753 2741 1806 τὸν
2790 1753 2983 1806 ἑαυτοῦ
3026 1749 3197 1817 οἶκον,
3234 1752 3394 1822 ζητεῖ
3421 1749 3712 1822 συντριϐήν²

491 1851 740 1919 straaipsi
771 1849 1115 1903 occasionem
1138 1845 1302 1898 ullam
1339 1842 1644 1898 insultaudi
1679 1841 1842 1895 nobis
1872 1840 2077 1896 demus

2184 1842 2206 1892 ό
2236 1840 2292 1892 δὲ
2331 1840 2632 1904 σκολιάζων
2660 1843 2756 1896 τοῦ
2805 1844 3020 1914 μαθεῖν,
3063 1846 3391 1914 ἐμπεσεῖται
3421 1845 3498 1905 εἰς
3525 1841 3666 1894 κακά.
3697 1859 3710 1890 ι

493 1939 722 1992 inimico
771 1955 785 1990 :
829 1937 978 2006 quod
1019 1937 1081 1990 fit
1118 1937 1250 1991 dum
1278 1937 1622 1990 extrahimur
1656 1945 1861 1998 mente,
1890 1945 1946 1989 et
1975 1950 2077 2004 per

492 2046 687 2085 eorum
740 2032 1147 2099 suggestionem
1187 2029 1442 2084 absurdis
1465 2043 1723 2097 prorsum
1755 2036 1811 2080 et
1832 2027 2079 2081 externis

494 2117 812 2172 inescamur
835 2117 1286 2186 cogitationibus,
1308 2115 1770 2185 quemadmodum
1789 2114 1951 2170 docet
1973 2115 2078 2169 Pa-

493 2208 836 2264 raamiastes:
887 2226 905 2258 ι
941 2207 1062 2262 Noli
1109 2208 1283 2260 altum
1335 2221 1552 2275 sapere,
1586 2214 1643 2259 et
1683 2220 1752 2258 ne
1796 2206 1870 2259 sis
1900 2206 2079 2275 justus

493 2299 772 2362 multum;
803 2305 956 2350 etne
986 2297 1168 2366 sapias
1216 2296 1516 2364 superflua,
1572 2309 1642 2348 ne
1702 2294 1845 2348 forte
1897 2294 2078 2348 decli-

494 2403 595 2443 nes
639 2389 706 2440 τί.
749 2407 766 2438 ι
827 2388 942 2441 Et:
992 2407 1009 2438 ι
1044 2388 1221 2441 Altam
1275 2386 1368 2455 qui
1432 2386 1566 2439 facit
1620 2386 1844 2439 domum
1899 2401 2077 2450 suam,

495 2481 698 2552 quaerit
730 2480 1122 2534 eontritionem
1155 2497 1169 2545 ;
1195 2477 1290 2548 qui
1317 2487 1504 2532 autem
1530 2476 1717 2531 renuit
1737 2475 1972 2541 discere,
2001 2476 2081 2528 in-

498 2573 646 2628 cidet
681 2573 736 2626 in
761 2573 902 2625 mala
921 2573 992 2623 ⁷³.
1025 2591 1043 2622 υ
1093 2572 1335 2626 Rursum
1363 2587 1375 2622 :
1418 2588 1437 2622 ι
1472 2561 1796 2623 Immundus
1828 2577 1914 2622 est
1936 2567 2080 2637 apud

495 2665 792 2720 Dominum
823 2663 1004 2717 omnis
1024 2663 1119 2732 qui
1156 2663 1267 2716 alto
1313 2669 1399 2715 est
1427 2660 1593 2715 corde
1649 2661 1713 2713 ⁷³.
1749 2678 1767 2711 ι
1828 2660 2030 2714 lterum
2063 2676 2077 2711 :
2147 2659 2150 2661 ’

503 2777 521 2812 ι
556 2758 634 2812 Ne
660 2758 936 2828 gloriosus
964 2768 1456 2825 appareascoram
1510 2767 1663 2822 rege,
1715 2760 1772 2806 et
1829 2752 1886 2805 in
1947 2751 2083 2805 locis

497 2848 814 2917 principum
833 2862 903 2901 ne
929 2847 1187 2911 steteris;
1211 2845 1412 2899 melius
1437 2843 1584 2898 enim
1611 2852 1671 2897 ut
1697 2843 1914 2897 dicatur
1946 2843 2080 2896 tibi:

497 2937 746 2992 Ascende
777 2938 844 2992 ad
875 2953 984 3000 me,
1011 2952 1176 3005 quam
1209 2945 1269 2990 ut
1300 2936 1558 2991 humiliet
1589 2941 1640 2988 te
1669 2949 1850 2988 coram
1879 2934 2086 3003 princi-

500 3029 667 3100 pibus
691 3029 759 3084 7".
803 3048 820 3080 ι
855 3029 1010 3083 Alius
1039 3047 1052 3081 :
1095 3048 1111 3079 ι
1141 3029 1218 3083 Ne
1246 3027 1562 3098 gloriemini
1593 3035 1650 3081 et
1681 3042 1750 3080 ne
1779 3026 2084 3095 loquamini

2179 1931 2304 1992 Kal.
2353 1932 2515 1986 πάλιν
2544 1949 2558 1963 ·
2615 1954 2633 1986 ‹
2683 1935 3018 2007 Ἀκάθαρτος
3046 1937 3196 2007 παρὰ
3223 1936 3429 2006 Κυρίου
3464 1937 3562 1997 πᾶς
3605 1935 3713 2004 ὑψη-

2179 2021 2483 2094 λοκάρδιος.
2522 2043 2540 2076 ι
2581 2027 2691 2079 Kal
2729 2023 2885 2092 αὖθις
2919 2045 2932 2058 ·
2984 2046 3002 2079 ι
3032 2030 3123 2098 Μὴ
3158 2028 3486 2092 ἀλαζονεύου
3526 2027 3714 2080 ἐνώπιον

2181 2113 2470 2183 βασιλέως,
2525 2119 2620 2170 καὶ
2661 2119 2720 2171 ἐν
2777 2121 2966 2181 τόποις
3015 2119 3300 2172 δυναστῶν
3358 2119 3430 2190 μὴ
3480 2119 3714 2186 ὲφίστασο.

2180 2211 2448 2278 Κρεῖσσον
2481 2211 2590 2281 γάρ
2629 2227 2711 2262 σοι
2739 2211 2991 2281 ῥηθῆναι,
3026 2211 3288 2281 Ἀνάὸηθι
3321 2212 3455 2282 πρός
3483 2210 3611 2281 με,ἢ
3637 2226 3712 2261 τα·
3765 2236 3767 2238 -

2181 2300 2448 2353 πεινῶσαί
2477 2317 2535 2353 σε
2563 2300 2794 2354 ἐνώπιον
2827 2301 3122 2356 δυναστῶν.
3160 2319 3178 2351 ι
3213 2302 3327 2354 Kal
3374 2301 3523 2362 ἄλλος
3553 2313 3566 2324 °
3605 2316 3620 2348 ι
3647 2295 3715 2363 Μὴ

2181 2394 2484 2464 καυχᾶσθε,
2520 2395 2614 2446 καὶ
2648 2394 2723 2464 μὴ
2743 2393 2953 2460 λαλεῖτε
2985 2393 3163 2464 ὑψηλὰ
3197 2397 3280 2457 εἰς
3312 2374 3588 2463 ὑπεροχὴν,
3611 2387 3715 2458 μηδὲ

2183 2485 2446 2553 ἐξελθέτω
2489 2486 2981 2556 μεγαλορημοσύνη
3017 2489 3080 2540 ὲκ
3106 2486 3202 2538 τοῦ
3233 2486 3499 2556 στόματος
3527 2481 3670 2552 ὑμῶν.
3696 2497 3708 2529 ι

2182 2576 2293 2628 Kal
2315 2577 2343 2628 ὁ
2377 2576 2590 2640 Παῦλος
2619 2578 2872 2647 Τιμοθέῳ
2911 2577 3075 2646 φησίν
3109 2594 3122 2608 ·
3173 2597 3191 2628 ι
3229 2578 3361 2638 Τοῖς
3395 2575 3642 2634 πλουσίοις
3671 2573 3712 2622 ὲν

2181 2667 2260 2736 τῷ
2278 2667 2372 2720 νῦν
2395 2668 2548 2721 αἰῶνι
2573 2670 2924 2740 παράγγελλε
2956 2670 3029 2739 μὴ
3060 2669 3473 2740 ὑψηλοφρονεῖν,
3499 2665 3617 2736 μηδὲ
3636 2662 3712 2730 ὴλ-

2185 2768 2406 2818 πικέναι
2435 2768 2526 2820 ἐπὶ
2555 2766 2787 2821 πλούτου
2823 2767 3132 2836 ἀδηλότητι,
3159 2767 3277 2820 ἀλλ’
3297 2769 3392 2820 ἐπὶ
3418 2764 3490 2834 τῷ
3518 2757 3712 2830 Θεῷιτῷ

2186 2851 2483 2921 παρέχοντι
2552 2855 2732 2907 πάντα
2781 2855 2912 2924 ἡμῖν
2949 2853 3239 2916 πλουσίως.
3278 2873 3298 2904 ι
3348 2853 3455 2906 Kal
3483 2844 3711 2917 ἑτέρωθιο

2191 2962 2210 2994 ‹
2255 2943 2520 3012 Ἀδελφολ,
2563 2945 2636 3014 μὴ
2670 2945 2737 2998 τὰ
2769 2945 2950 3017 ὑψηλὰ
2985 2945 3331 3015 φρονοῦντες,
3365 2942 3494 2996 ἀλλὰ
3513 2941 3612 3000 τοῖς
3642 2952 3714 2988 τει-

2187 3037 2394 3097 πεινοῖς
2423 3035 2878 3105 συνεπαγόμενοι.
2915 3055 2932 3089 ι
2973 3037 3084 3090 Kal
3133 3037 3432 3105 Ῥωμαίοις
3461 3049 3474 3063 ·
3517 3049 3535 3084 ι
3575 3030 3713 3100 Ἐρεῖς

500 3121 761 3175 sublimia
798 3120 865 3173 ad
899 3119 1124 3184 fastum,
1170 3134 1352 3188 neque
1389 3118 1709 3188 egrediatur
1742 3118 1975 3171 verbum
2004 3119 2078 3187 ja-

2190 3125 2284 3178 οὖν
2315 3142 2426 3194 μοι,
2471 3126 2904 3196 Ἐξεκλάσθησαν
2935 3126 3142 3192 κλάδοι,
3193 3127 3286 3180 ἵνα
3327 3125 3436 3195 ἐγὼ
3481 3128 3714 3192 ὲγκεντρι-

501 3213 724 3268 οιαηιίω
752 3212 820 3266 de
845 3227 942 3265 ore
972 3219 1180 3265 vestro.
1220 3229 1239 3262 ι
1275 3210 1478 3264 Paulus
1523 3224 1744 3278 quoque
1792 3208 2085 3262 Timotheo

501 3303 581 3357 ait
610 3321 624 3357 :
663 3322 680 3354 ι
714 3302 960 3356 Dominis
990 3301 1156 3370 hujus
1190 3300 1382 3354 saeculi
1430 3299 1665 3368 praecipe
1697 3314 1808 3352 non
1850 3299 2087 3354 sublime

502 3411 720 3466 sapere,
754 3410 933 3463 neque
957 3408 1179 3462 sperare
1204 3392 1258 3445 in
1291 3392 1502 3446 incerto
1529 3391 1872 3455 divitiarum,
1907 3391 2000 3446 sed
2031 3391 2086 3444 in

503 3483 616 3538 Deo
640 3485 734 3553 qui
767 3490 991 3554 praestat
1015 3483 1070 3535 in
1094 3482 1257 3536 nobis
1282 3481 1468 3535 omnia
1489 3480 1711 3534 abunde
1743 3482 1808 3532 "'.
1852 3499 1870 3531 ι
1904 3481 2085 3535 Alibi:

510 3594 528 3625 ι
565 3573 812 3636 Fratres,
856 3588 966 3626 non
1013 3573 1123 3625 alta
1169 3571 1470 3640 sapientes,
1501 3569 1597 3624 sed
1629 3568 1930 3625 humilibus
1953 3585 2088 3625 con-

504 3666 806 3720 sentientes
829 3665 896 3716 ".
932 3683 949 3715 ι
994 3664 1259 3718 Romanis
1290 3664 1420 3717 item
1454 3680 1467 3715 :
1503 3681 1522 3712 ι
1556 3663 1701 3716 Dicis
1731 3677 1864 3733 ergo
1895 3663 2028 3718 mihi
2069 3681 2084 3718 :

504 3753 686 3810 Fracti
742 3763 872 3809 sunt
933 3754 1072 3807 rami
1111 3762 1171 3806 ut
1217 3768 1319 3823 ego
1378 3753 1613 3806 inserar.
1667 3753 1814 3806 Bene
1885 3771 1899 3806 :
1962 3769 2089 3823 pro-

503 3857 630 3918 pter
653 3847 1096 3902 incredulitatem
1127 3845 1285 3899 fracti
1301 3853 1441 3899 sunt
1464 3887 1478 3909 ,
1509 3853 1565 3900 tu
1597 3855 1780 3900 autem
1815 3845 1920 3901 fide
1951 3855 2086 3914 stas,

504 3937 618 3992 noli
650 3937 820 3992 altum
850 3952 1066 4006 sapere,
1105 3936 1203 3990 sed
1239 3937 1368 3989 time
1398 3955 1412 4000 ;
1453 3936 1499 3989 si
1523 3937 1666 3990 enim
1694 3937 1838 3990 Deus
1863 3945 2088 3991 natura-

504 4028 654 4082 libus
671 4029 839 4083 ramis
855 4043 966 4082 non
986 4028 1258 4097 pepercit,
1276 4043 1344 4081 ne
1359 4027 1498 4082 forte
1516 4043 1618 4083 nec
1648 4028 1743 4082 tibi
1775 4036 1962 4098 parcat
1982 4030 2047 4083 ⁷⁷.
2061 4047 2081 4082 ι

2189 3217 2320 3270 σθῶ.
2362 3217 2580 3284 Καλῶς,
2609 3221 2674 3289 τῇ
2715 3219 2946 3289 ἀπιστίᾳ
2983 3218 3392 3289 ἐξεκλάσθησαν
3425 3234 3438 3249 ·
3487 3219 3544 3268 σὺ
3582 3214 3628 3267 δὲ
3663 3211 3712 3278 τῇ

2185 3309 2365 3360 πίστει
2407 3308 2646 3377 ἕστηκας
2679 3325 2694 3340 ο
2741 3309 2816 3378 μὴ
2853 3309 3221 3378 ὑψηλοφρόνει
3243 3348 3258 3372 ,
3311 3306 3445 3362 ἀλλὰ
3473 3303 3637 3373 φοϐοῦ.
3666 3298 3713 3352 Εἰ

2185 3394 2293 3465 γὰρ
2321 3395 2350 3446 ὁ
2380 3395 2514 3456 Θεὸς
2553 3393 2664 3448 τῶν
2703 3395 2847 3448 κατὰ
2896 3394 3057 3462 φύσιν
3103 3394 3316 3448 κλάδων
3352 3395 3448 3448 οὑκ
3483 3389 3710 3460 ἐφείσατο,

2188 3489 2262 3556 μή
2293 3502 2408 3548 πως
2435 3486 2557 3538 οὐδὲ
2599 3486 2692 3539 σοῦ
2747 3487 3019 3555 φείσεται.
3052 3505 3072 3538 ι
3133 3486 3328 3555 Ἦμεῖς
3365 3481 3454 3538 οὖν
3495 3480 3615 3553 μετὰ
3641 3474 3711 3529 τοῦ

2184 3574 2349 3627 Δαυῖδ
2397 3575 2789 3646 διαπράξωμεν
2818 3616 2834 3641 ,
2890 3576 3203 3646 εἰλικρινῶς
3255 3576 3396 3647 μετὰ
3452 3573 3538 3626 τοῦ
3585 3565 3712 3622 Δαυίδ

2184 3663 2480 3734 ψάλλωμεν
2509 3681 2524 3698 ·
2562 3683 2581 3716 ι
2613 3667 2809 3736 Κύριε,
2845 3666 2943 3736 οὐχ
2973 3665 3161 3737 ὑψώθη
3201 3669 3234 3737 ἡ
3261 3665 3455 3738 καρδία
3487 3679 3596 3732 μου,
3619 3652 3710 3710 οὐδὲ

2186 3757 2605 3828 ἐπορεύθηνιὲν
2660 3757 2940 3828 μεγάλοις,
2995 3758 3118 3811 οὐδὲ
3164 3760 3222 3811 ὲν
3264 3757 3570 3827 θαυμασίοις
3602 3748 3710 3812 ὑπὲρ

2186 3844 2286 3915 ὲμέ
2317 3861 2330 3875 ·
2364 3845 2481 3898 ἀλλ’
2511 3845 2994 3918 ἐταπεινοφρόνουν
3025 3845 3102 3908 ὡς
3133 3847 3193 3898 τὸ
3221 3835 3710 3914 ἀπογεγαλακτισμέ·

2189 3953 2279 3989 νον
2315 3938 2409 3990 ἐπὶ
2445 3935 2544 4007 τὴν
2591 3940 2805 4008 μητέρα
2846 3938 3034 3994 αὑτοῦ.
3076 3958 3095 3991 ι
3160 3938 3429 4000 Ὡσαύτως
3471 3936 3553 3989 καὶ
3602 3925 3708 4000 μετά

2191 4028 2300 4082 τῶν
2325 4027 2492 4098 τριῶν
2515 4029 2721 4082 παίδων
2749 4045 2763 4060 ⁸
2807 4050 2826 4082 ι
2857 4029 3002 4098 Ὅτι,
3024 4030 3292 4094 Δέσποτα,
3320 4023 3708 4100 ὲσμικρύνθημεν

504 4119 616 4173 Nos
649 4119 826 4190 igitur‘
852 4120 1146 4175 sinceriter
1182 4133 1246 4173 ea
1305 4121 1422 4189 ipsa
1481 4135 1604 4188 quae
1646 4134 1812 4188 opere
1857 4119 2091 4189 perfecit
2143 4127 2148 4130 '

506 4211 677 4266 David
709 4252 723 4276 ,
761 4213 959 4267 melico
987 4220 1260 4266 concentu
1305 4210 1732 4265 emodulemur:
1779 4228 1799 4261 σ
1836 4211 2088 4277 Domine,

2193 4121 2346 4192 παρὰ
2367 4120 2545 4174 πάντα
2573 4120 2642 4173 τὰ
2664 4120 2814 4192 ἔθνη,
2845 4123 2939 4175 καὶ
2970 4121 3135 4191 ἐσμὲν
3163 4122 3411 4174 ταπεινοί
3430 4121 3484 4173 ὲν
3505 4118 3632 4184 πάσῃ
3658 4109 3706 4176 τῇ

2193 4215 2264 4283 γῇ
2295 4213 2560 4283 σήμερον,
2585 4211 2671 4265 διὰ
2687 4213 2783 4275 τὰς
2809 4213 3085 4283 ἁμαρτίας
3104 4212 3284 4283 ἡμῶν,
3325 4233 3344 4266 ι

507 4322 619 4361 non
655 4315 740 4361 est
758 4307 1062 4360 exaltatum
1087 4320 1184 4359 cor
1209 4320 1416 4370 meum,
1442 4321 1623 4376 neque
1645 4305 1775 4360 elati
1800 4307 2093 4361 suntoculi
2128 4307 2235 4361 mei
2269 4324 2284 4373 ;
2321 4323 2502 4377 neque
2529 4307 2804 4362 ambulavi
2859 4309 2915 4362 in
2940 4311 3172 4380 magnis,
3205 4325 3387 4380 neque
3418 4310 3470 4363 in
3526 4297 3704 4360 mirabi-

505 4400 653 4454 libus
675 4415 844 4470 super
865 4415 974 4462 me,
1000 4399 1096 4452 sed
1125 4398 1417 4452 humiliter
1473 4398 1802 4462 sentiebam,
1865 4399 2008 4452 sicut
2029 4399 2335 4454 ablactatus
2366 4415 2533 4468 super
2557 4407 2787 4453 matrem
2819 4416 2972 4455 suam
2995 4401 3064 4455 ⁷⁸.
3093 4422 3111 4454 ›
3136 4401 3482 4457 Consimilcm
3512 4398 3560 4451 in
3615 4402 3704 4445 m0'

506 4494 637 4548 dum
719 4509 845 4548 cum
901 4493 1080 4547 tribus
1131 4493 1242 4548 illis
1299 4491 1529 4563 pueris:
1589 4511 1606 4542 ‹
1679 4491 1854 4557 Quia,
1899 4491 2151 4558 Domine,
2194 4493 2472 4547 imminuti
2519 4507 2712 4547 sumus
2769 4507 2935 4562 super
2979 4509 3172 4550 omnes
3226 4501 3434 4565 gentes,
3473 4499 3524 4546 et
3558 4495 3703 4542 sumus

506 4586 744 4642 humiles
771 4586 933 4640 hodie
958 4593 1185 4655 propter
1217 4595 1438 4655 peccata
1461 4596 1646 4641 nostra
1675 4586 1742 4637 τ’.
1778 4603 1796 4637 ι

583 4677 790 4745 1101
825 4695 842 4726 ι
874 4675 1008 4740 Quis
1031 4677 1179 4730 enim
1231 4677 1558 4748 gloriabitur
1611 4677 1878 4732 mundum
1907 4693 1964 4732 se
1999 4677 2081 4731 hat

2273 4692 2290 4724 ι
2332 4673 2436 4735 Τίς
2479 4672 2588 4742 γὰρ
2641 4673 2976 4743 καυχήσεται
3007 4673 3178 4742 ἁγνὴν
3201 4672 3346 4744 ἔχειν
3369 4674 3461 4742 τὴν
3491 4669 3698 4738 καρδίαν,

509 4767 642 4821 bere
687 4765 964 4819 cor?Aut
1015 4767 1140 4835 quis
1195 4767 1553 4835 proﬁtebitur
1610 4783 1807 4838 purum
1858 4783 1916 4821 se
1973 4781 2081 4821 esse

2196 4766 2266 4817 Ἢ
2299 4764 2383 4828 τίς
2406 4765 2844 4836 παρόησιάσεται
2865 4765 3102 4834 καθαρὸς
3122 4763 3264 4818 εἰναι
3296 4765 3402 4819 ἀπὸ
3429 4759 3698 4832 ἁμαρτιῶνὶ

512 4872 540 4910 a
574 4855 813 4926 peccatis
838 4852 916 4906 3°?
944 4853 1000 4907 Si
1029 4855 1177 4908 enim
1214 4855 1532 4925 iniquitates
1560 4854 1956 4916 observaveris,
1990 4854 2081 4905 Dos

2218 4854 2327 4907 Εὰν
2363 4855 2471 4923 γὰρ
2501 4855 2732 4925 ἀνομίας
2776 4858 3194 4927 παρατηρήσῃς,
3231 4857 3421 4927 Κύριε,
3449 4853 3617 4924 Κύριε,
3639 4846 3700 4905 τίς

513 4947 682 5006 mine,
713 4944 961 5008 Domine,
997 4946 1121 5014 quis
1163 4947 1460 5000 sustinebit
1488 4948 1510 4998 ?
1539 4947 1668 5015 quia
1704 4944 1845 5013 apud
1892 4951 1942 4996 te
1967 4959 2081 5010 pro-

2190 4947 2557 5017 ὑποστήσεται
2595 4947 2676 5000 σοι
2709 4965 2724 5013 ;
2754 4949 2836 5001 ὅτι
2883 4948 3034 5018 παρὰ
3079 4950 3162 5000 σοὶ
3201 4950 3229 5000 ό
3271 4948 3486 5017 ἱλασμός
3523 4947 3694 4996 ἐστιν.»

513 5037 723 5109 pitiatio
746 5045 829 5115 est
857 5037 922 5088 ⁸⁸.
952 5056 968 5087 ›
1010 5037 1080 5092 Ut
1111 5037 1254 5090 hanc
1287 5038 1445 5106 plane
1471 5038 1718 5092 melicam
1749 5035 2081 5089 harmoniam

2189 5037 2406 5108 Ταύτην
2441 5033 2534 5091 οὖν
2580 5041 2636 5092 ὲν
2681 5039 2964 5110 εἰλικρινεῖ
3001 5038 3198 5110 καρδίᾳ
3238 5039 3612 5108 ἀναμέλποντες
3641 5024 3698 5092 τῷ

513 5135 818 5188 recinentes
863 5130 1026 5186 corde
1072 5130 1310 5192 sincero,
1357 5129 1424 5183 ab
1465 5131 1585 5199 ipso
1627 5131 1859 5184 Domino
1900 5127 2081 5181 audire

2189 5129 2307 5198 θεῷ
2332 5131 2430 5200 τὴν
2459 5129 2621 5200 ᾠδὴν,
2662 5129 2952 5197 ἀκούωμεν
2993 5131 3124 5199 παρ’
3158 5129 3341 5192 αὑτοῦ,
3385 5128 3460 5179 ὅτι
3505 5141 3521 5174 ι
3557 5120 3605 5172 Ὅ
3629 5132 3696 5167 τίιο

514 5239 920 5295 promereamur
958 5241 968 5274 :
1013 5242 1029 5273 ι
1058 5221 1161 5287 Qui
1202 5236 1261 5276 se
1295 5221 1569 5285 humiliat,
1597 5221 1924 5276 exallabitur
1946 5221 2028 5272 32:
2066 5237 2081 5268 ι

2186 5217 2390 5271 πεινῶν
2410 5219 2622 5284 ἑαυτὸν,
2647 5218 3014 5288 ὑψωθήσεται,
3037 5238 3055 5268 ι
3086 5220 3134 5272 οἰ
3159 5218 3214 5271 δὲ
3242 5211 3694 5288 ὑψηλοφρονοῠντες,

511 5325 562 5370 et
598 5315 690 5384 qui
723 5314 790 5367 de
813 5329 869 5368 se
897 5330 1060 5382 quam
1083 5330 1182 5382 par
1212 5314 1302 5379 sit,
1344 5312 1638 5367 sublimius
1689 5311 1895 5381 aliquid
1953 5324 2081 5363 sen-

2188 5311 2636 5382 ἐλεγχθήσονται,
2689 5311 2775 5374 Ὠς
2802 5313 2849 5363 οἰ
2879 5303 3160 5380 Φαρισαῖοι
3185 5310 3333 5382 παρὰ
3357 5307 3445 5362 τοῦ
3474 5300 3693 5370 miros

513 5404 677 5464 tiunt.
697 5405 1168 5472 coarguentur.Ut
1191 5413 1244 5457 et
1268 5404 1524 5459 Pharisaei
1555 5404 1624 5457 ab
1650 5404 1767 5473 ipso
1797 5403 2078 5458 Salvatore

2186 5401 2436 5471 λέγοντος
2467 5403 2603 5473 πρὸς
2624 5403 2819 5466 αὑτούς
2846 5421 2860 5435 ·
2889 5421 2908 5451 α
2963 5403 3148 5473 Ὑμεῖς
3203 5405 3320 5456 ἐστε
3349 5404 3396 5454 οἱ
3420 5393 3692 5452 δικαιοῦντες

513 5503 720 5558 nostro,
755 5493 846 5562 qui
880 5503 933 5548 et
966 5493 1074 5547 illis
1102 5495 1276 5549 dixit:
1308 5517 1325 5547 ‹
1359 5497 1468 5551 Vos
1491 5496 1624 5550 estis
1651 5495 1743 5565 qui
1767 5493 2078 5566 iustiﬁcatis

2187 5495 2410 5556 ἑαυτοὺς
2439 5492 2667 5546 ἐνώπιον
2697 5494 2805 5546 τῶν
2836 5493 3161 5565 ἀνθρώπων.
3196 5513 3214 5546 ι
3268 5495 3322 5548 ’0
3354 5492 3406 5545 δὲ
3431 5488 3546 5548 Θεὸς
3571 5476 3690 5549 γινιίν

616 5612 658 5641 ⁷⁸
686 5611 862 5665 Eccle.
893 5626 984 5672 vn,
1020 5612 1104 5664 Π.
1184 5613 1224 5643 ⁷³
1253 5615 1412 5668 Prov.
1453 5629 1582 5676 xvu,
1607 5613 1690 5666 16.
1766 5613 1810 5643 ⁷³
1839 5612 1997 5665 Prov.
2030 5628 2081 5663 ru

2184 5612 2221 5662 ἰ.
2297 5611 2343 5642 ⁷⁵
2375 5611 2534 5664 Prov.
2568 5627 2688 5675 xxv,
2726 5611 2778 5669 6.
2815 5612 2866 5664 7.
2944 5611 2989 5642 ⁷⁸
3020 5611 3038 5664 l
3079 5610 3221 5664 Tim.
3253 5626 3326 5672 τι,
3359 5609 3439 5660 l7.
3509 5597 3684 5676 "_R°_m'

516 5694 606 5740 xu,
636 5664 718 5733 16.
793 5681 836 5711 ⁷⁷
869 5664 1020 5733 Rom.
1059 5696 1128 5744 xi,
1160 5683 1220 5735 19
1372 5664 1624 5737 "epsit
1649 5664 1814 5742 ex“,
1845 5664 1896 5743 ί,
1927 5681 1979 5735 2.
2061 5683 2076 5709 ⁷

515 5747 560 5778 ⁶²
587 5748 713 5802 Luc.
745 5766 850 5814 xiv,
881 5750 961 5802 ll.

2184 5697 2266 5734 an.
2301 5697 2377 5746 ιιι,
2415 5681 2503 5736 57.
2581 5682 2626 5712 ⁸⁸
2652 5664 2809 5735 ιῑτοὺ.
2849 5697 2936 5746 xx,
2977 5681 3027 5734 9.
3103 5683 3146 5712 ⁸⁸
3181 5664 3324 5734 Psal.
3355 5689 3515 5736 cxxix,
3549 5669 3598 5732 3,
3621 5664 3660 5714 ‘-
