3986 6148
529 292 668 360 1579
1795 294 2163 356 ANTIOCHI
2204 295 2545 357 MONACHI
3642 306 3745 371 1530

523 408 813 466 exsultatis
867 407 922 461 in
982 405 1263 477 superbiis
1309 406 1529 461 vestris.
1569 404 1763 461 Omnis
1814 405 2097 461 exsultatit

2174 436 2186 467 ι
2215 421 2343 459 των.
2382 426 2400 458 ι
2433 405 2560 469 Τοῖς
2595 406 2653 460 δὲ
2692 408 3002 479 Κορινθίοις
3040 412 3068 463 6
3106 409 3313 475 Παῦλος
3342 428 3354 440 ·
3392 431 3411 463 ι
3441 412 3601 482 Κάγὼ
3619 417 3748 473 ἐλθὼν

528 503 652 557 talis
680 500 917 572 maligna
947 506 1029 554 est
1054 497 1122 550 ".
1160 516 1177 548 ι
1209 496 1416 552 Eodem
1444 496 1726 567 conspirat
1760 497 1895 552 illud
1919 492 2102 552 Pauli:

2214 498 2352 567 πρὸς
2379 497 2545 568 ὑμᾶς,
2582 498 2825 568 ἀδελφοὶ,
2857 496 3023 571 ἦλθον
3050 501 3112 554 οὐ
3151 502 3273 556 καθ’
3304 504 3580 576 ὑπεροχὴν
3604 507 3747 575 λόγου,

532 614 549 645 ι
570 592 749 649 Nolite
772 605 894 646 esse
917 587 1220 659 prudentes
1243 586 1389 659 apud
1413 587 1777 658 vosmetipsos
1792 589 1890 641 ³³.»
1918 588 2106 644 Isaias:

2212 586 2246 657 ἢ
2281 589 2498 657 σοφίας,
2549 591 2937 660 καταγγέλλων
2968 594 3100 663 ὑμῖν
3123 588 3185 648 τὸ
3214 597 3517 666 μυστήριον
3541 598 3625 650 τοῦ
3648 600 3747 672 Χρι-

530 704 549 737 ι
578 684 668 739 Vae
695 684 789 753 qui
820 680 1126 751 prudentes
1152 679 1286 736 estis
1333 680 1479 749 apud
1525 680 1910 750 vosmetipsos,
1956 688 2012 735 et
2053 674 2104 734 in

2213 680 2481 735 στοῠ.-ού
2514 684 2624 754 γὰρ
2650 682 2843 755 ἔκρινα
2880 684 3081 739 εἰδέναι
3122 687 3182 738 ἐν
3222 686 3351 755 ὑμῖν
3390 688 3440 739 εί
3475 688 3550 760 μὴ
3590 691 3749 758 Ἰησοῦν

522 783 820 845 conspectu
850 780 1038 829 vestro
1065 772 1305 827 scientes
1325 771 1393 824 “.
1424 790 1444 824 ι
1478 770 1689 826 Psaltes
1722 770 1856 825 item
1883 770 2069 842 regius
2094 789 2096 820 :

2212 772 2472 843 Χριστὸν,
2500 775 2598 828 καὶ
2624 774 2823 829 τοῦτον,
2859 778 3281 849 ἐσταυρωμένον
3312 795 3328 811 ο
3362 780 3522 847 κάγὼ
3549 782 3603 834 ἐν
3627 782 3749 836 ἀσθε-

529 864 827 920 «Βοηιίιιιιε
853 862 957 917 scit
972 861 1338 931 cogitationes
1353 859 1661 925 hominum,
1679 859 1939 928 quoniam
1956 872 2103 914 vana.l

2212 862 2331 934 νεία
2353 863 2450 917 καὶ
2480 864 2540 917 ἐν
2563 864 2717 937 φόϐῳ
2733 867 2830 920 καὶ
2843 867 2902 920 ἐν
2922 868 3114 938 τρόμῳ
3134 869 3408 939 ἐγενόμην
3432 871 3566 942 πρὸς
3584 873 3713 940 ὑμᾶς.
3732 892 3743 923 ι

522 963 653 1011 sunt
680 954 748 1006 “7.
777 972 795 1005 ι
830 953 938 1007 Et:
976 971 994 1002 ι
1024 951 1294 1007 Dominus
1318 950 1553 1020 dissipat
1579 949 1810 1005 consilia
1840 948 2096 1020 gentium,

2211 953 2324 1006 Καὶ
2352 953 2551 1023 ἐπάγει
2583 970 2597 987 ο
2634 974 2655 1008 ι
2693 958 2810 1011 Οὐκ
2839 959 2896 1013 ἐν
2918 958 3188 1023 διδακτοῖς
3223 961 3574 1032 ἀνθρωπίνης
3604 967 3750 1030 σοφίας

485 1081 489 1086 -
522 1045 785 1117 reprobat
812 1053 997 1100 autem
1024 1042 1389 1114 cogitationes
1424 1042 1777 1112 populorum,
1817 1051 1876 1096 et
1923 1055 2059 1110 reprt

2211 1045 2415 1117 167mg,
2458 1047 2576 1101 ἀλλ’
2618 1049 2677 1103 ἐν
2710 1049 2979 1113 διδακτοῖς
3008 1052 3352 1122 Πνεύματος,
3414 1059 3749 1124 πνευματικοῖς

523 1137 617 1191 bat
649 1135 881 1191 consilia
911 1133 1226 1204 principum
1263 1132 1330 1185 ’⁸.
1370 1151 1388 1183 ι
1421 1130 1727 1187 Corinthiis
1758 1146 1857 1200 per
1889 1129 2097 1199 Episto-

2212 1138 2571 1211 πνευματικὰ
2608 1142 3014 1212 συγκρίνοντες.
3047 1144 3295 1213 Ψυχικὸς
3334 1144 3395 1198 δὲ
3434 1145 3748 1215 ἄνθρωποςιιύ

524 1230 631 1283 lam
678 1229 927 1283 Paulus:
985 1226 1100 1289 (Et
1149 1241 1270 1295 ego,
1326 1226 1421 1290 ait,
1467 1223 1689 1296 quando
1736 1223 1863 1278 veni
1892 1222 1959 1277 ad
1990 1237 2098 1291 vos,

2211 1231 2429 1301 δέχεται
2459 1233 2529 1286 τὰ
2558 1233 2654 1286 τοῦ
2694 1234 3013 1305 Πνεύματος
3037 1234 3132 1289 τοῦ
3156 1236 3314 1291 Θεοῦ.
3342 1239 3544 1310 Μωρία
3566 1240 3659 1309 γὰρ
3682 1241 3750 1292 αὖ.

525 1322 746 1385 fratres,
783 1336 891 1374 non
922 1320 1045 1374 veni
1078 1319 1131 1373 in
1173 1318 1517 1373 sublimitate
1567 1317 1840 1373 sermonis
1882 1324 1978 1370 aut
2012 1330 2099 1373 ,sa-

2208 1323 2288 1393 τῷ
2322 1323 2495 1386 ἔσται,
2528 1327 2623 1378 καὶ
2656 1326 2980 1387 ούδύναται
3011 1327 3235 1396 γνῶναι,
3278 1330 3365 1383 ὅτι
3418 1331 3752 1401 πνευματικῶς

526 1412 767 1481 pientiae,
797 1411 1134 1464 annuntians
1176 1408 1336 1463 vobis
1363 1404 1686 1478 mysterium
1719 1407 1948 1463 Christi.
1991 1402 2100 1460 Non

2215 1416 2590 1486 ἀνακρίνεται.
2672 1418 2731 1470 '0
2786 1418 2843 1471 δὲ
2896 1420 3270 1488 πνευματικδς
3348 1399 3625 1492 ἀνακρίνει
3683 1399 3766 1490 μὲν

523 1502 925 1573 enimjudicavi
953 1516 1039 1556 me
1070 1501 1281 1570 aliquid
1317 1500 1459 1555 scire
1486 1501 1632 1554 inter
1660 1515 1759 1556 vos
1787 1500 1893 1571 nisi
1921 1500 2097 1581 Jesun

2215 1510 2418 1567 πάντα.
2460 1511 2626 1574 αὐτὸς
2651 1509 2708 1563 δὲ
2738 1509 2830 1563 ὑπ’
2860 1511 3075 1574 οὐδενὸς
3112 1490 3540 1584 ἀνακρίνεται.)
3568 1490 3771 1578 Καὶπάοξ

522 1597 827 1661 Christum,
881 1607 938 1651 et
984 1595 1134 1650 hunc
1164 1592 1487 1649 cruciﬁxum
1524 1603 1631 1659 ;et
1659 1609 1760 1662 ego
1792 1593 1848 1648 in
1882 1592 2096 1646 inﬁrmi-

2214 1599 2300 1652 λιν
2331 1618 2343 1630 ⁸
2380 1619 2399 1654 ι
2434 1602 2768 1672 Πεποίοησιν
2800 1602 2856 1655 δὲ
2878 1603 3137 1676 τοιαύτην
3163 1605 3368 1675 ἔχομεν
3390 1605 3525 1677 πρὸς
3547 1605 3628 1658 τὸν
3641 1601 3776 1668 Θεδν,¹

526 1699 635 1746 tate
662 1698 719 1745 et
754 1689 809 1744 in
841 1690 1037 1744 timore
1062 1697 1119 1743 ct
1146 1697 1385 1744 tremore
1407 1687 1484 1741 fui
1512 1686 1579 1741 ad
1610 1701 1709 1741 vos
1727 1688 1793 1739 ”.
1820 1704 1836 1737 ι
1870 1685 2100 1739 lnducit:

2216 1690 2315 1758 οὐχ
2347 1690 2431 1743 ὅτι
2465 1688 2559 1760 ἀφ’
2590 1690 2802 1744 ἑαυτῶν
2838 1693 3016 1746 ίκανοί
3051 1695 3220 1763 ἐσμεν
3255 1693 3582 1764 λογίσασθαί
3616 1712 3677 1759 τι,
3704 1691 3758 1754 ὡς

530 1801 548 1833 ι
581 1783 703 1837 Νοιι
733 1782 789 1836 in
821 1781 1001 1837 doctis
1023 1781 1278 1835 humanae
1317 1779 1624 1851 sapientiai.
1652 1778 1861 1842 verbis,
1907 1777 2005 1832 sed
2056 1777 2104 1831 in

2215 1779 2278 1846 ἐξ
2321 1782 2554 1861 ἑαυτῶν,
2603 1782 2721 1836 ἀλλ’
2753 1785 2788 1855 ἠ
2828 1784 3083 1855 ἱκανότης
3118 1785 3279 1856 ἡμῶν
3312 1787 3381 1839 ἐκ
3429 1785 3523 1839 τοῦ
3560 1784 3695 1850 Θεοῦ,
3718 1785 3759 1846 ὃς

525 1875 778 1929 doctrina
808 1874 1055 1945 spiritus,
1104 1872 1491 1944 spiritualibus
1535 1872 1843 1943 spiritualia
1886 1886 2099 1940 compa«

2217 1875 2314 1929 καὶ
2338 1874 2608 1941 ἱκάνωσεν
2626 1877 2773 1946 ἡμᾶς
2828 1875 3115 1940 διακόνους
3167 1880 3366 1947 καινῆς
3414 1879 3679 1949 διαθήκης,
3717 1876 3759 1929 οὗ

526 1976 734 2022 rantes.
766 1967 1033 2022 Animalis
1064 1974 1247 2020 autem
1279 1966 1445 2020 homo
1470 1980 1583 2028 non
1617 1964 1858 2037 percipit
1894 1979 1958 2019 ea
1989 1980 2100 2047 qua

2215 1967 2570 2038 γράμματος,
2600 1968 2739 2022 ἀλλὰ
2769 1970 3081 2040 πνεύματος
3108 1987 3121 2000 ·
3155 1971 3215 2031 τὸ
3253 1971 3365 2042 γὰρ
3400 1972 3627 2045 γράμμα
3658 1972 3760 2024 ἀπο-

525 2068 654 2114 sunt
675 2060 904 2130 spiritus
935 2060 1031 2115 Dei
1066 2076 1081 2111 :
1112 2059 1347 2114 stultitia
1380 2058 1528 2112 enim
1552 2066 1637 2112 est
1661 2057 1762 2122 illi,
1793 2066 1851 2111 et
1876 2073 1988 2110 non
2014 2070 2099 2126 po.

2212 2059 2438 2124 κτείνει,
2473 2059 2536 2114 τδ
2556 2061 2612 2114 δὲ
2634 2062 2858 2132 πνεῦμα
2886 2062 3162 2127 ζωοποιεῖ.
3190 2083 3209 2115 ι
3241 2060 3358 2119 Καὶ
3381 2065 3545 2118 πάλιν
3562 2080 3575 2094 ο
3600 2082 3620 2113 ι
3654 2062 3758 2128 Ἐγὼ

526 2159 633 2205 test
690 2150 1033 2221 intelligere,
1096 2149 1225 2218 quia
1286 2147 1652 2218 spiritualiter
1718 2148 2100 2212 examinatur;

2214 2151 2455 2220 ἐμαυτὸν
2470 2150 2625 2206 οὔπω
2649 2150 2936 2225 λογίζομαι
2967 2155 3383 2225 κατειληφέναι,
3418 2150 3479 2208 ἓν
3505 2154 3578 2218 δέ,
3604 2152 3663 2206 τὰ
3688 2150 3761 2221 μὶν

526 2241 834 2310 spiritualis
861 2249 1047 2296 autem
1076 2239 1346 2311 diiudicat
1371 2237 1578 2303 omnia,
1610 2247 1667 2293 et
1695 2238 1810 2308 ipse
1843 2254 1874 2292 a
1895 2238 2100 2294 nemint

2213 2241 2440 2296 ὄπισθεν
2481 2244 2995 2316 ἐπιλανθανόμενος,
3026 2246 3140 2308 τοῖς
3185 2245 3245 2300 δέ
3281 2243 3596 2317 ἔμπροσθεν
3633 2246 3760 2295 ἐπει·

521 2332 800 2402 judicatur
830 2332 868 2384 ¹.
905 2352 922 2383 ι
955 2331 1193 2386 Rursum
1219 2347 1233 2383 :
1263 2348 1282 2380 ι
1310 2326 1714 2385 Conﬁdentiam
1752 2328 1915 2383 talem
1946 2329 2095 2385 habe-

1602 2326 1714 2381 iam
1752 2328 1915 2383 talem
1946 2329 2116 2385 habe-
2217 2335 2545 2404 τεινόμενος.
2582 2355 2601 2387 ι
3166 2346 3176 2349 “

526 2440 650 2479 mus
674 2424 740 2479 ad
764 2424 961 2489 Deum,
990 2439 1102 2478 non
1125 2422 1269 2494 quod
1293 2419 1627 2477 sullicientes
1656 2421 1833 2477 simus
1858 2423 2103 2493 cogitare
2141 2424 2351 2496 aliquid
2367 2440 2404 2481 a
2428 2428 2614 2495 nobis,
2643 2429 2801 2499 quasi
2857 2445 2926 2485 ex
2984 2429 3147 2493 nobis
3213 2424 3353 2500 ipsis
3383 2447 3411 2496 ;.
3448 2429 3540 2485 sed
3578 2428 3761 2485 idoneos

527 2535 628 2575 nos
660 2518 789 2573 fecit
815 2518 1102 2574 ministros
1128 2518 1258 2572 novi
1290 2517 1628 2587 testamenti,
1654 2532 1765 2572 non
1786 2514 1992 2593 littera,
2017 2518 2113 2573 sed
2153 2518 2385 2589 spiritus
2413 2538 2426 2574 :
2452 2510 2636 2577 littera
2665 2520 2812 2577 enim
2878 2522 3101 2587 occidit,
3132 2504 3370 2593 spiritus
3423 2532 3599 2578 autem
3622 2519 3761 2575 vitili-

528 2621 625 2667 cat
649 2614 691 2666 ².
732 2629 751 2662 ι
798 2610 1001 2666 lterum
1037 2628 1048 2663 :
1089 2627 1107 2662 ι
1141 2610 1256 2681 Ego
1278 2627 1366 2666 me
1397 2612 1578 2681 ipsum
1605 2610 1853 2666 nondum
1886 2609 2129 2666 arbitror
2167 2613 2655 2682 eotuprehendisse
2684 2631 2899 2672 :unum
2931 2627 3139 2679 autem,
3204 2632 3272 2671 ea
3337 2633 3464 2687 qua}
3492 2624 3610 2673 sunt
3646 2622 3761 2667 retro

529 2706 891 2771 obliviscens;
923 2703 993 2760 ad
1017 2719 1082 2759 ea
1115 2718 1244 2759 vero
1272 2719 1395 2774 quae
1418 2713 1550 2759 sunt
1577 2702 1789 2775 priora,
1815 2701 2121 2759 extendens
2160 2705 2438 2776 meipsum
2472 2706 2516 2760 ³.
2551 2725 2570 2758 ι

599 2823 744 2876 Sane
768 2820 914 2875 hanc
941 2817 1195 2887 Apostoli
1224 2816 1553 2871 modestiam
1581 2830 1703 2870 sese
1732 2814 1801 2869 ad
1826 2829 1958 2897 eum
1982 2829 2113 2873 mo-

2290 2801 2681 2891 Μιμησῶμεθα
2714 2815 2839 2885 οὖν,
2866 2820 3117 2890 ἀδελφοὶ,
3150 2821 3254 2892 τὴν
3299 2821 3759 2894 ταπεινοφροσύνην

529 2916 660 2972 dum
686 2913 1031 2967 demittentis
1059 2925 1165 2981 pro
1201 2909 1373 2974 virili,
1418 2908 1637 2971 fratres,
1693 2907 1994 2987 imitemur.
2048 2922 2103 2961 ac

2213 2908 2314 2963 τοῦ
2358 2911 2413 2962 Ἀ
2424 2908 2711 2979 ποστόλου,
2740 2914 2837 2966 καὶ
2863 2914 3273 2984 ἀποϐαλώμεθα
3293 2902 3377 2969 τὸΔ
3400 2900 3549 2987 μέγα
3584 2914 3758 2987 φρονεῖν

529 3005 851 3061 desinamus
879 2978 1167 3071 magniliee
1186 3000 1255 3055 de
1275 2999 1439 3054 nobis
1468 2998 1605 3069 ipsis
1636 2978 1843 3063 sentire
1877 2998 1948 3052 ob
1974 3012 2103 3067 qua-

2220 3000 2325 3057 ἐπὶ¹
2346 3005 2411 3075 τῇ
2445 3005 2665 3059 ἑαυτῶν
2698 2990 2992 3080 σοφίᾳκαὶ
3047 2978 3261 3060 συνέσει
3296 3023 3311 3039 ο
3346 2978 3657 3080 φοδονύμενοι
3679 3004 3758 3076 μά-

527 3099 863 3175 lemcunque
887 3092 1051 3148 nobis
1104 3091 1373 3145 indultam
1427 3086 1754 3159 sapientiam
1806 3097 1864 3143 et
1909 3090 2101 3144 intelli-

2180 3079 2376 3155 thara
2400 3096 2497 3167 τὴν
2531 3077 2852 3174 παραδολὴν
2877 3100 2971 3154 τοῦ
3010 3101 3237 3171 Κυρίου,
3268 3102 3378 3172 τὴν
3418 3077 3546 3174 περέ
3571 3102 3653 3157 τοῦ
3681 3117 3754 3171 με·

530 3189 791 3261 gentiam,
823 3183 1083 3255 parabola
1113 3183 1362 3238 exterriti
1386 3197 1552 3252 quam
1596 3182 1817 3236 induxit
1851 3183 2104 3241 Dominus

1806 3191 1817 3236 ι
1851 3183 2118 3241 Dominus
2218 3185 2494 3256 γαλαύχου
2523 3189 2842 3258 Φαρισαὶου,
2868 3190 2963 3244 καὶ
2994 3189 3089 3253 τοῦ
3118 3190 3380 3246 τελώνου.

529 3282 599 3337 de
628 3280 908 3336 Pharisan
934 3291 1056 3332 sese
1092 3275 1389 3347 gloriosius
1442 3270 1763 3330 venditante
1792 3284 1957 3345 atque
2009 3275 2115 3328 Pu»

530 3372 766 3427 blicano.

598 3464 691 3518 Ait
718 3462 868 3518 enim
903 3480 917 3516 :
969 3480 988 3513 ι
1033 3460 1543 3517 Stans‘Pbat-isaeus
1577 3458 1723 3530 apud
1746 3459 2115 3530 semetipsum

2262 3455 2423 3525 ’Φησὶ
2496 3456 2611 3526 γάρ
2634 3472 2648 3487 ο
2689 3472 2710 3507 ‹
2732 3457 2959 3522 Σταθεὶς
2994 3460 3023 3512 6
3070 3460 3393 3533 Φαρισαῖος,
3437 3462 3568 3534 πρὶς
3602 3458 3752 3514 ἑαυτὸν

529 3553 645 3607 hac
679 3551 873 3609 Orabat
904 3569 916 3606 :
968 3551 1135 3615 Deus,
1165 3550 1368 3621 gratias
1393 3564 1497 3620 ago
1533 3548 1671 3625 tibi,
1696 3549 1825 3619 quia
1849 3564 1962 3605 non
1993 3564 2103 3604 sum

2215 3544 2395 3597 ταῦτα.
2420 3544 2618 3616 ηὔχετο
2643 3562 2657 3577 ο
2676 3547 2732 3600 ὐ
2758 3548 2915 3614 Θεὸς,
2949 3549 3259 3621 εὐχαριστῶ
3296 3569 3405 3619 σοι,
3435 3553 3514 3606 ὅτι
3534 3552 3623 3605 οὐκ
3646 3548 3749 3616 εἰμὶ.

529 3644 677 3700 sicut
718 3642 904 3699 ueteri
936 3641 1243 3708 hominum,
1276 3650 1548 3711 raptores,
1578 3640 1792 3713 iniusti,
1823 3635 1919 3696 aut
1947 3641 2103 3696 etiam

2214 3638 2291 3699 ὡς
2317 3637 2365 3689 oi
2404 3634 2580 3690 λοιποὶ
2607 3638 2722 3692 τῶν
2745 3637 3073 3711 ἀνθρώπων,
3112 3642 3391 3713 ἅρπαγες,
3424 3644 3610 3700 ἄδικοι.
3640 3640 3748 3713 [μοι-

529 3745 593 3790 ιιι
620 3734 1067 3805 hic.publicanus
1092 3775 1107 3790 .
1151 3731 1486 3787 Publicanus
1514 3738 1709 3797 contra
1762 3731 2103 3801 percutiebal

2213 3726 2345 3798 χο“ι],
2382 3727 2422 3798 ἢ
2469 3728 2565 3783 καὶ
2601 3729 2678 3792 ὼς
2715 3723 2871 3796 οὗτος
2921 3732 2951 3783 6
3008 3732 3274 3803 τελώνης.
3345 3734 3408 3788 Ὃ
3459 3735 3515 3789 δὲ
3560 3731 3751 3799 τελώνης

529 3836 735 3899 pectus
770 3842 956 3891 suum,
988 3825 1186 3885 dicens
1217 3839 1236 3879 :
1285 3823 1455 3885 Deus.
1477 3823 1751 3894 propitius
1806 3832 1926 3878 esto
1957 3824 2103 3877 zmihi

2215 3816 2415 3871 ἔτυπτε
2478 3818 2544 3872 ,τὸ
2580 3820 2778 3890 στῆθος
2827 3823 2993 3877 αὑτοῦ
3024 3806 3199 3893 λέγων
3233 3825 3326 3879 ’Ὃ
3366 3827 3517 3891 Θεὸς,
3551 3819 3751 3889 ἱλάσθητί

529 3920 806 3992 peccatori
837 3920 879 3971 ⁸.
913 3937 932 3970 ι
972 3915 1233 3972 lndueit:
1279 3935 1298 3967 ‹
1332 3916 1466 3970 Dico
1500 3916 1676 3978 vobis,
1703 3914 1992 3971 descendit
2024 3915 2103 3970 bit

2206 3928 2307 3982 9.0:
2351 3906 2429 3981 τῷ
2460 3912 2794 3985 ἁμαρτωλῷ.
2826 3933 2845 3967 ι
2881 3916 2988 3969 Καὶ
3018 3917 3214 3986 ἐπάγει
3236 3934 3259 3948 ι’
3297 3936 3316 3969 ι
3355 3919 3510 3986 Λέγω
3537 3918 3666 3987 ὑμῖν,
3689 3914 3751 3965 ὅτι

525 4010 861 4083 justiﬁeatus
890 4009 947 4064 in
978 4008 1206 4063 domum
1232 4023 1388 4063 suam
1419 4008 1591 4079 magis
1621 4022 1790 4079 quam
1820 4006 1952 4071 ille;
1985 4007 2099 4077 quia

2217 4003 2423 4073 κατέϐη
2452 3996 2616 4068 ὀὗτος
2646 4005 3070 4078 δεδικαιωμένος
3116 4010 3197 4073 εἰς
3226 4008 3320 4063 τὸν
3362 4006 3510 4064 οἷκον
3544 4003 3749 4070 αὐτοῦ,ῆ

529 4105 712 4159 omnis
730 4104 824 4175 qui
857 4118 918 4158 se
950 4100 1182 4165 exaltat,
1216 4099 1642 4181 humiliabitur;
1671 4109 1728 4154 et
1766 4101 1863 4170 qui
1908 4115 1969 4155 se
2007 4099 2103 4154 hu-

2215 4095 2441 4157 ἐκεῖνος.
2471 4094 2596 4149 ’Ὁτι
2646 4098 2756 4161 πᾶς
2797 4097 3023 4168 ὁ,ὑψῶν
3071 4099 3265 4155 ἑαυτὸν
3309 4100 3747 4168 ταπεινωθήσεται.

529 4195 726 4261 miliat,
760 4193 1094 4250 exaltabitur
1126 4192 1169 4245 ⁸.
1213 4209 1234 4241 ι
1274 4190 1383 4261 Ipsi
1411 4189 1582 4261 gloria
1618 4190 1908 4247 intsascula
1934 4204 2103 4246 saecu-

2215 4186 2310 4239 καὶ
2342 4188 2370 4240 6
2400 4188 2670 4241 ταπεινῶν
2700 4190 2915 4255 ἐαυτὸν,
2946 4189 3317 4262 ὑψωθήσεται.
3363 4212 3383 4266 ι
3421 4191 3571 4262 Αὐτῷ
3598 4190 3628 4259 ή
3652 4185 3749 4251 δόξα

527 4288 728 4344 lorum.
755 4287 952 4341 Amen.
1408 4296 1425 4309 ’
2035 4302 2043 4310 ·
2089 4292 2097 4297 ’

1408 4296 1425 4309 ,
2035 4302 2043 4310 -
2089 4292 2097 4297 ·
2216 4279 2295 4338 εἰς
2325 4278 2452 4341 τοὺς
2479 4278 2704 4343 αἰῶνας.
2752 4281 2949 4353 Ἀμήν.

917 4398 1131 4471 1103
1188 4396 1470 4453 ιιοιιιιιΑ
1508 4395 1713 4452 XLvn.
2314 4450 2319 4455 .

2314 4450 2319 4455 .
2510 4418 2575 4469 ,τ
2778 4397 3042 4469 ,ΛΟΓΟΣ
3066 4396 3197 4450 MZ'.
3284 4386 3288 4389 '

907 4515 1184 4570 Neminem
1234 4514 1419 4568 debere
1452 4513 1734 4567 contemni.

2528 4506 2673 4580 Περὶ
2707 4510 2811 4566 τοῦ
2832 4511 2919 4581 μὴ
2952 4508 3300 4576 ἑξοῖιθενεῖν
3329 4527 3480 4575 τινα.

600 4633 930 4701 Neutiquam
960 4630 1055 4685 .fas
1092 4628 1163 4687 sit
1197 4629 1372 4683 ullum
1409 4626 1695 4695 hominum
1735 4632 2109 4689 contemnere,
2141 4645 2174 4700 ι]

2165 4646 2187 4699 )
2280 4626 2368 4683 06
2396 4625 2620 4697 θεμιτόν
2650 4627 2798 4678 ἐστιν
2836 4624 3138 4689 ἐξουθενείν
3169 4640 3313 4689 τινα,
3351 4624 3387 4695 ἢ
3426 4612 3739 4683 εὐτελίζειν,ῆ

531 4732 627 4777 aut
655 4723 809 4776 illius
849 4721 1186 4775 imminuere
1225 4718 1450 4782 famam,
1500 4727 1595 4772 aut
1644 4725 1797 4771 certe
1845 4715 2105 4771 adversus

2210 4720 2532 4790 ἐπαίρεσθαι
2553 4720 2697 4773 κατά
2727 4735 2891 4781 τινος,
2915 4718 2989 4781 ὡς
3024 4717 3125 4783 ὅτι⁴
3144 4715 3364 4788 ἰδιώτης
3392 4715 3557 4779 ἐστὶν,
3580 4711 3609 4782 ἢ
3632 4704 3740 4764 ἀνεί.

529 4814 702 4869 alium
737 4826 859 4866 sese
890 4809 1090 4864 ellerre
1136 4807 1514 4878 impotentius,
1558 4814 1695 4876 puta
1741 4805 1887 4875 quod
1944 4805 2103 4861 idiota

2210 4812 2349 4878 δεος,
2371 4809 2662 4882 ἢάμαθὴς.
2681 4810 2714 4881 ἢ
2732 4809 2959 4881 ἀμελὴς,
2979 4810 3012 4881 ἢ
3032 4810 3377 4881 ἁμαρτωλὸς,
3395 4812 3427 4883 ἢ
3444 4808 3564 4877 περὶ
3584 4800 3741 4868 οίουδή·

531 4906 622 4967 sit,
653 4919 759 4960 nec
791 4911 918 4974 agat
942 4917 1041 4983 pro
1076 4908 1350 4971 potestate
1386 4900 1481 4955 sed
1521 4899 1790 4968 privatus,
1845 4905 1941 4951 aut
1984 4898 2105 4968 quia

2215 4920 2349 4957 ποτε
2404 4886 2755 4973 πράγματος.
2814 4901 2920 4965 Οὓς
2980 4903 3092 4972 γὰρ
3160 4906 3324 4974 ἡμεῖς
3384 4896 3738 4970 ἐξουθενοῦμενο

531 4996 800 5055 deformis
829 5004 936 5058 est,
972 5000 1261 5048 cunctator
1286 5000 1344 5047 et
1379 4992 1629 5063 ignavus,
1660 4997 1939 5059 peccator,
1961 4990 2105 5044 rudis

2212 4997 2437 5057 τούτους
2465 4998 2494 5048 6
2522 4994 2655 5057 Θεὸς
2685 4995 3003 5064 ἐπιλέγεται
3024 5013 3035 5025 ·
3076 5000 3173 5051 καὶ
3200 4996 3294 5062 οὓς
3338 4999 3500 5068 ἡμεῖς
3523 4986 3738 5051 εὐτελίζον

530 5102 587 5149 ct
620 5091 826 5147 inscius
856 5089 1193 5149 litterarum,
1228 5085 1470 5154 denique
1519 5085 1593 5139 ob
1632 5085 1864 5141 similem
1921 5099 2104 5156 quam-

2220 5104 2341 5157 μεν,
2365 5087 2590 5151 τούτους
2607 5089 2635 5140 6
2656 5087 2790 5151 Θεὸς
2814 5091 2897 5152 εἰς
2921 5090 3119 5161 μέτρον
3137 5089 3296 5159 ἄγει·
3323 5091 3480 5161 πλὴν,
3501 5088 3546 5141 εί
3561 5086 3740 5151 εἴληφας

531 5198 748 5253 cunque
784 5194 785 5199 ‘
826 5194 1071 5236 causam.
1132 5176 1283 5243 Quos
1339 5176 1487 5230 enim
1547 5174 1687 5229 nihil
1737 5174 1993 5231 ducimus
2062 5185 2105 5229 et

2218 5179 2467 5252 χάρισμα
2499 5179 2893 5248 πνευματικὸν,
2922 5178 3015 5232 καὶ
3034 5179 3194 5247 λόγον
3219 5181 3432 5249 σοφίας,
3457 5179 3488 5249 ἢ
3517 5174 3738 5246 γιιὶισεωςς

530 5290 915 5346 aspernamur,
951 5272 1097 5328 Deus
1133 5270 1435 5325 clementer
1470 5275 1762 5338 reSpectat,
1793 5275 1851 5323 et
1879 5282 2104 5337 quorum

2218 5269 2250 5337 ἠ
2280 5268 2632 5332 διδασκαλίας
2657 5270 2690 5335 ἢ
2724 5269 3082 5339 προφητείας,
3114 5270 3147 5339 ἢ
3173 5269 3468 5332 διακονίας,
3501 5258 3740 5327 εὐλογητὸς

534 5367 918 5424 imminuimus
952 5364 1175 5429 famam,
1226 5362 1351 5418 illos
1386 5361 1498 5417 .Dei
1543 5360 1854 5431 benignitas
1896 5368 2108 5415 revocal

2216 5362 2245 5413 6
2277 5360 2408 5422 Θεὸς
2438 5359 2466 5411 6
2493 5359 2866 5429 πάμπλουτος,
2897 5379 2915 5410 ι
2948 5360 3194 5426 ὀ·Θεὸς,.
3222 5364 3251 5415 6
3278 5362 3453 5424 διδοὺς
3494 5358 3639 5411 πᾶσιν
3671 5351 3740 5401 ἁν-

533 5461 598 5517 ad
635 5460 974 5514 moderatam
1004 5458 1130 5512 vitae
1169 5454 1513 5525 temperiem.
1549 5454 1764 5509 Rursus
1800 5472 1811 5507 :
1864 5451 1921 5507 Si
1972 5452 2107 5515 quod

2220 5451 2485 5523 θρώποις,
2512 5453 2608 5505 καὶ
2640 5451 2717 5522 μὴ
2761 5452 3059 5516 ὀνειδίζων.
3096 5472 3116 5504 ι
3179 5454 3252 5506 Σὺ
3293 5450 3382 5507 οὖν
3440 5452 3509 5523 μὴ
3550 5442 3734 5511 ἐπαίρον

608 5665 652 5693 θ’·
682 5664 798 5716 Jac.
842 5677 912 5723 tv,
968 5660 1053 5712 16.
1151 5658 1196 5689 "
1226 5657 1381 5711 Rom.
1436 5673 1536 5718 xu,
1576 5656 1661 5709 16.
1774 5654 1821 5685 ⁹⁶
1848 5654 1950 5706 lsa.
1986 5671 2039 5716 ν,
2072 5653 2162 5706 21.

2151 5694 2162 5705 .
2241 5653 2286 5685 ⁸⁷
2314 5653 2459 5706 Psal.
2489 5668 2640 5714 xcut,
2670 5653 2756 5707 11.
2835 5644 2883 5684 ⁹’³
2905 5652 3049 5708 Psal.
3082 5669 3254 5718 xxxu,
3282 5654 3363 5708 l0.
3436 5650 3526 5723 ’r’l
3553 5647 3658 5702 Cor.
3680 5657 3723 5701 tt.

543 5736 592 5797 1,
629 5735 682 5784 :2.
766 5738 777 5762 ⁸
817 5734 951 5785 ibid.
984 5731 1035 5793 ι,
1064 5727 1150 5791 14,
1191 5728 1273 5781 15.
1353 5728 1371 5756 ²
1402 5726 1446 5779 ll
1474 5727 1602 5781 Cor.
1635 5744 1715 5791 ιιι,
1747 5726 1868 5779 445.
1951 5726 1969 5754 ³
2001 5725 2117 5777 l’hil

1951 5726 1969 5754 ³
2001 5725 2238 5791 Philipp.
2269 5738 2347 5788 ιιι,
2381 5723 2468 5777 15.
2547 5725 2568 5754 ⁸
2600 5723 2732 5778 Luc.
2764 5739 2917 5789 xvut,
2964 5724 3153 5777 1115.
3227 5726 3248 5757 ⁸
3279 5723 3408 5779 ibid.
3440 5722 3518 5775 H.
