  <div class='ocr_page' id='page_1' title='image "/cluster/home/n/w/nwhite01/storage/ocr_20150623/89/mdp.39015008868328/819.png"; bbox 0 0 3986 6148; ppageno 0'>
   <div class='ocr_carea' id='block_1_1' title="bbox 515 320 651 384">
    <p class='ocr_par' dir='ltr' id='par_1_1' title="bbox 515 320 651 384">
     <span class='ocr_line' id='line_1_1' title="bbox 515 320 651 384; baseline 0 -1"><span class='ocrx_word' id='word_1_1' title='bbox 515 320 651 384; x_wconf 81' lang='grc'><strong>1533</strong></span> 
     </span>
    </p>
   </div>
   <div class='ocr_carea' id='block_1_2' title="bbox 1780 313 2529 376">
    <p class='ocr_par' dir='ltr' id='par_1_2' title="bbox 1780 313 2529 376">
     <span class='ocr_line' id='line_1_2' title="bbox 1780 313 2529 376; baseline -0.004 -1"><span class='ocrx_word' id='word_1_2' title='bbox 1780 315 2145 376; x_wconf 79' lang='lat' dir='ltr'><strong>ANTIOCHI</strong></span> <span class='ocrx_word' id='word_1_3' title='bbox 2186 313 2529 374; x_wconf 81' lang='lat' dir='ltr'><strong>MONACIII</strong></span> 
     </span>
    </p>
   </div>
   <div class='ocr_carea' id='block_1_3' title="bbox 3620 314 3728 380">
    <p class='ocr_par' dir='ltr' id='par_1_3' title="bbox 3620 314 3728 380">
     <span class='ocr_line' id='line_1_3' title="bbox 3620 314 3728 380; baseline 0.037 -4"><span class='ocrx_word' id='word_1_4' title='bbox 3620 314 3728 380; x_wconf 69' lang='grc'>1584</span> 
     </span>
    </p>
   </div>
   <div class='ocr_carea' id='block_1_4' title="bbox 507 424 3729 502">
    <p class='ocr_par' dir='ltr' id='par_1_4' title="bbox 507 424 3729 502">
     <span class='ocr_line' id='line_1_4' title="bbox 507 424 3729 502; baseline -0.003 -16"><span class='ocrx_word' id='word_1_5' title='bbox 507 434 667 497; x_wconf 80' lang='lat' dir='ltr'><strong>tiunt,</strong></span> <span class='ocrx_word' id='word_1_6' title='bbox 693 432 945 502; x_wconf 83' lang='lat' dir='ltr'><strong>nunquid</strong></span> <span class='ocrx_word' id='word_1_7' title='bbox 970 448 1079 487; x_wconf 91' lang='lat' dir='ltr'><strong>non</strong></span> <span class='ocrx_word' id='word_1_8' title='bbox 1105 433 1196 488; x_wconf 87' lang='lat' dir='ltr'><strong>hic</strong></span> <span class='ocrx_word' id='word_1_9' title='bbox 1227 443 1311 487; x_wconf 89' lang='lat' dir='ltr'><strong>est</strong></span> <span class='ocrx_word' id='word_1_10' title='bbox 1343 431 1483 487; x_wconf 79' lang='lat' dir='ltr'><strong>fabri</strong></span> <span class='ocrx_word' id='word_1_11' title='bbox 1517 431 1681 497; x_wconf 85' lang='lat' dir='ltr'><strong>(ilius,</strong></span> <span class='ocrx_word' id='word_1_12' title='bbox 1745 428 1913 484; x_wconf 72' lang='lat' dir='ltr'><strong>frater</strong></span> <span class='ocrx_word' id='word_1_13' title='bbox 1934 429 2121 485; x_wconf 84' lang='lat' dir='ltr'><strong>Iacobi</strong></span> <span class='ocrx_word' id='word_1_14' title='bbox 2163 436 2219 482; x_wconf 90' lang='lat' dir='ltr'><strong>et</strong></span> <span class='ocrx_word' id='word_1_15' title='bbox 2256 426 2505 496; x_wconf 85' lang='lat' dir='ltr'><strong>Ioseph?</strong></span> <span class='ocrx_word' id='word_1_16' title='bbox 2550 434 2605 479; x_wconf 84' lang='lat' dir='ltr'><strong>ct</strong></span> <span class='ocrx_word' id='word_1_17' title='bbox 2650 425 3165 481; x_wconf 80' lang='lat' dir='ltr'><strong>seandalizabantur</strong></span> <span class='ocrx_word' id='word_1_18' title='bbox 3220 424 3273 477; x_wconf 91' lang='lat' dir='ltr'><strong>in</strong></span> <span class='ocrx_word' id='word_1_19' title='bbox 3347 439 3414 479; x_wconf 85' lang='lat' dir='ltr'><strong>eo</strong></span> <span class='ocrx_word' id='word_1_20' title='bbox 3468 426 3532 481; x_wconf 69' lang='grc' dir='ltr'>ιτ.</span> <span class='ocrx_word' id='word_1_21' title='bbox 3567 442 3583 477; x_wconf 78' lang='grc' dir='ltr'><strong>ι</strong></span> <span class='ocrx_word' id='word_1_22' title='bbox 3633 427 3729 499; x_wconf 63' lang='lat' dir='ltr'><strong>Ipsa</strong></span> 
     </span>
    </p>
   </div>
   <div class='ocr_carea' id='block_1_5' title="bbox 506 516 3527 589">
    <p class='ocr_par' dir='ltr' id='par_1_5' title="bbox 506 516 3527 589">
     <span class='ocr_line' id='line_1_5' title="bbox 506 516 3527 589; baseline -0.003 -8"><span class='ocrx_word' id='word_1_23' title='bbox 506 533 691 581; x_wconf 87' lang='lat' dir='ltr'><strong>autem</strong></span> <span class='ocrx_word' id='word_1_24' title='bbox 730 525 1002 579; x_wconf 89' lang='lat' dir='ltr'><strong>malorum</strong></span> <span class='ocrx_word' id='word_1_25' title='bbox 1046 525 1295 580; x_wconf 89' lang='lat' dir='ltr'><strong>omnium</strong></span> <span class='ocrx_word' id='word_1_26' title='bbox 1331 527 1625 579; x_wconf 89' lang='lat' dir='ltr'><strong>immemor</strong></span> <span class='ocrx_word' id='word_1_27' title='bbox 1651 521 1787 576; x_wconf 83' lang='lat' dir='ltr'><strong>nihil</strong></span> <span class='ocrx_word' id='word_1_28' title='bbox 1818 535 1928 576; x_wconf 89' lang='lat' dir='ltr'><strong>non</strong></span> <span class='ocrx_word' id='word_1_29' title='bbox 1960 520 2229 576; x_wconf 75' lang='lat' dir='ltr'><strong>tolerabat</strong></span> <span class='ocrx_word' id='word_1_30' title='bbox 2254 518 2601 573; x_wconf 83' lang='lat' dir='ltr'><strong>mitissimus.</strong></span> <span class='ocrx_word' id='word_1_31' title='bbox 2640 518 2747 588; x_wconf 89' lang='lat' dir='ltr'><strong>Ipsi</strong></span> <span class='ocrx_word' id='word_1_32' title='bbox 2784 517 2958 589; x_wconf 80' lang='lat' dir='ltr'><strong>gloria</strong></span> <span class='ocrx_word' id='word_1_33' title='bbox 2991 517 3046 570; x_wconf 91' lang='lat' dir='ltr'><strong>in</strong></span> <span class='ocrx_word' id='word_1_34' title='bbox 3087 516 3303 570; x_wconf 67' lang='lat' dir='ltr'><strong>sazeula.</strong></span> <span class='ocrx_word' id='word_1_35' title='bbox 3339 516 3527 572; x_wconf 79' lang='lat' dir='ltr'><strong>Amen.</strong></span> 
     </span>
    </p>
   </div>
   <div class='ocr_carea' id='block_1_6' title="bbox 1019 639 1779 723">
    <p class='ocr_par' dir='ltr' id='par_1_6' title="bbox 1019 639 1779 723">
     <span class='ocr_line' id='line_1_6' title="bbox 1019 639 1779 723; baseline 0.005 -29"><span class='ocrx_word' id='word_1_36' title='bbox 1019 639 1307 696; x_wconf 79' lang='lat' dir='ltr'><strong>IIOMILIA</strong></span> <span class='ocrx_word' id='word_1_37' title='bbox 1343 640 1580 697; x_wconf 81' lang='lat' dir='ltr'><strong>XLVIII.</strong></span> <span class='ocrx_word' id='word_1_38' title='bbox 1772 720 1779 723; x_wconf 89' lang='lat'>_</span> 
     </span>
    </p>
   </div>
   <div class='ocr_carea' id='block_1_7' title="bbox 862 732 1831 804">
    <p class='ocr_par' dir='ltr' id='par_1_7' title="bbox 862 732 1831 804">
     <span class='ocr_line' id='line_1_7' title="bbox 862 732 1831 804; baseline 0.001 -18"><span class='ocrx_word' id='word_1_39' title='bbox 862 732 938 786; x_wconf 79' lang='lat' dir='ltr'><strong>Ne</strong></span> <span class='ocrx_word' id='word_1_40' title='bbox 967 734 1271 804; x_wconf 84' lang='lat' dir='ltr'><strong>quempiam</strong></span> <span class='ocrx_word' id='word_1_41' title='bbox 1305 732 1503 787; x_wconf 76' lang='lat' dir='ltr'><strong>derisui</strong></span> <span class='ocrx_word' id='word_1_42' title='bbox 1531 734 1740 788; x_wconf 79' lang='lat' dir='ltr'><strong>habeto.</strong></span> <span class='ocrx_word' id='word_1_43' title='bbox 1824 794 1831 797; x_wconf 47' lang='grc'><strong>,</strong></span> 
     </span>
    </p>
   </div>
   <div class='ocr_carea' id='block_1_8' title="bbox 575 822 2095 913">
    <p class='ocr_par' dir='ltr' id='par_1_8' title="bbox 575 822 2095 913">
     <span class='ocr_line' id='line_1_8' title="bbox 575 822 2095 913; baseline -0.001 -15"><span class='ocrx_word' id='word_1_44' title='bbox 575 842 795 898; x_wconf 90' lang='lat' dir='ltr'><strong>Derisui</strong></span> <span class='ocrx_word' id='word_1_45' title='bbox 829 842 1036 897; x_wconf 87' lang='lat' dir='ltr'><strong>habere</strong></span> <span class='ocrx_word' id='word_1_46' title='bbox 1070 858 1240 897; x_wconf 91' lang='lat' dir='ltr'><strong>unum</strong></span> <span class='ocrx_word' id='word_1_47' title='bbox 1272 842 1515 912; x_wconf 82' lang='lat' dir='ltr'><strong>aliquem</strong></span> <span class='ocrx_word' id='word_1_48' title='bbox 1549 853 1718 913; x_wconf 89' lang='lat' dir='ltr'><strong>atque</strong></span> <span class='ocrx_word' id='word_1_49' title='bbox 1750 822 2095 912; x_wconf 84' lang='lat' dir='ltr'><strong>contemptui</strong></span> 
     </span>
    </p>
   </div>
   <div class='ocr_carea' id='block_1_9' title="bbox 504 936 2095 1011">
    <p class='ocr_par' dir='ltr' id='par_1_9' title="bbox 504 936 2095 1011">
     <span class='ocr_line' id='line_1_9' title="bbox 504 936 2095 1011; baseline -0.003 -17"><span class='ocrx_word' id='word_1_50' title='bbox 504 940 678 1011; x_wconf 88' lang='lat' dir='ltr'><strong>parile</strong></span> <span class='ocrx_word' id='word_1_51' title='bbox 731 937 955 1008; x_wconf 83' lang='lat' dir='ltr'><strong>quidem</strong></span> <span class='ocrx_word' id='word_1_52' title='bbox 1004 938 1196 1008; x_wconf 69' lang='lat' dir='ltr'><strong>iugum</strong></span> <span class='ocrx_word' id='word_1_53' title='bbox 1257 947 1362 1001; x_wconf 90' lang='lat' dir='ltr'><strong>est,</strong></span> <span class='ocrx_word' id='word_1_54' title='bbox 1425 944 1481 990; x_wconf 91' lang='lat' dir='ltr'><strong>et</strong></span> <span class='ocrx_word' id='word_1_55' title='bbox 1538 952 1732 1010; x_wconf 84' lang='lat' dir='ltr'><strong>unum.</strong></span> <span class='ocrx_word' id='word_1_56' title='bbox 1786 936 2095 1006; x_wconf 88' lang='lat' dir='ltr'><strong>Utrumque</strong></span> 
     </span>
    </p>
   </div>
   <div class='ocr_carea' id='block_1_10' title="bbox 504 1026 2098 1097">
    <p class='ocr_par' dir='ltr' id='par_1_10' title="bbox 504 1026 2098 1097">
     <span class='ocr_line' id='line_1_10' title="bbox 504 1026 2098 1097; baseline -0.004 -12"><span class='ocrx_word' id='word_1_57' title='bbox 504 1033 654 1086; x_wconf 88' lang='lat' dir='ltr'><strong>enim</strong></span> <span class='ocrx_word' id='word_1_58' title='bbox 687 1029 933 1085; x_wconf 81' lang='lat' dir='ltr'><strong>vicissim</strong></span> <span class='ocrx_word' id='word_1_59' title='bbox 959 1037 1015 1083; x_wconf 89' lang='lat' dir='ltr'><strong>et</strong></span> <span class='ocrx_word' id='word_1_60' title='bbox 1037 1027 1279 1082; x_wconf 89' lang='lat' dir='ltr'><strong>absurda</strong></span> <span class='ocrx_word' id='word_1_61' title='bbox 1312 1037 1480 1097; x_wconf 87' lang='lat' dir='ltr'><strong>atque</strong></span> <span class='ocrx_word' id='word_1_62' title='bbox 1512 1026 1827 1082; x_wconf 85' lang='lat' dir='ltr'><strong>indecentia</strong></span> <span class='ocrx_word' id='word_1_63' title='bbox 1855 1036 1996 1091; x_wconf 88' lang='lat' dir='ltr'><strong>arat,</strong></span> <span class='ocrx_word' id='word_1_64' title='bbox 2041 1034 2098 1082; x_wconf 91' lang='lat' dir='ltr'><strong>et</strong></span> 
     </span>
    </p>
   </div>
   <div class='ocr_carea' id='block_1_11' title="bbox 505 1118 2097 1184">
    <p class='ocr_par' dir='ltr' id='par_1_11' title="bbox 505 1118 2097 1184">
     <span class='ocr_line' id='line_1_11' title="bbox 505 1118 2097 1184; baseline -0.004 -7"><span class='ocrx_word' id='word_1_65' title='bbox 505 1122 768 1177; x_wconf 89' lang='lat' dir='ltr'><strong>loliaeeos</strong></span> <span class='ocrx_word' id='word_1_66' title='bbox 820 1120 1054 1175; x_wconf 79' lang='lat' dir='ltr'><strong>demetit</strong></span> <span class='ocrx_word' id='word_1_67' title='bbox 1101 1119 1443 1173; x_wconf 85' lang='lat' dir='ltr'><strong>zizaniorum</strong></span> <span class='ocrx_word' id='word_1_68' title='bbox 1501 1120 1738 1184; x_wconf 77' lang='lat' dir='ltr'><strong>fruetus,</strong></span> <span class='ocrx_word' id='word_1_69' title='bbox 1772 1120 1826 1172; x_wconf 92' lang='lat' dir='ltr'><strong>in</strong></span> <span class='ocrx_word' id='word_1_70' title='bbox 1863 1118 2097 1174; x_wconf 86' lang='lat' dir='ltr'><strong>combu-</strong></span> 
     </span>
    </p>
   </div>
   <div class='ocr_carea' id='block_1_12' title="bbox 506 1208 2097 1282">
    <p class='ocr_par' dir='ltr' id='par_1_12' title="bbox 506 1208 2097 1282">
     <span class='ocr_line' id='line_1_12' title="bbox 506 1208 2097 1282; baseline -0.006 -12"><span class='ocrx_word' id='word_1_71' title='bbox 506 1215 744 1270; x_wconf 88' lang='lat' dir='ltr'><strong>stionem</strong></span> <span class='ocrx_word' id='word_1_72' title='bbox 807 1212 970 1282; x_wconf 80' lang='lat' dir='ltr'><strong>ignis.</strong></span> <span class='ocrx_word' id='word_1_73' title='bbox 1004 1211 1339 1281; x_wconf 83' lang='lat' dir='ltr'><strong>Contingerc</strong></span> <span class='ocrx_word' id='word_1_74' title='bbox 1373 1210 1428 1265; x_wconf 92' lang='lat' dir='ltr'><strong>id</strong></span> <span class='ocrx_word' id='word_1_75' title='bbox 1460 1210 1586 1264; x_wconf 87' lang='lat' dir='ltr'><strong>mali</strong></span> <span class='ocrx_word' id='word_1_76' title='bbox 1616 1210 1776 1265; x_wconf 88' lang='lat' dir='ltr'><strong>nobis</strong></span> <span class='ocrx_word' id='word_1_77' title='bbox 1808 1208 2097 1265; x_wconf 83' lang='lat' dir='ltr'><strong>consuevit</strong></span> 
     </span>
    </p>
   </div>
   <div class='ocr_carea' id='block_1_13' title="bbox 505 1302 2095 1377">
    <p class='ocr_par' dir='ltr' id='par_1_13' title="bbox 505 1302 2095 1377">
     <span class='ocr_line' id='line_1_13' title="bbox 505 1302 2095 1377; baseline -0.006 -14"><span class='ocrx_word' id='word_1_78' title='bbox 505 1323 607 1377; x_wconf 87' lang='lat' dir='ltr'><strong>per</strong></span> <span class='ocrx_word' id='word_1_79' title='bbox 641 1308 745 1362; x_wconf 87' lang='lat' dir='ltr'><strong>hoc</strong></span> <span class='ocrx_word' id='word_1_80' title='bbox 774 1305 924 1376; x_wconf 90' lang='lat' dir='ltr'><strong>quod</strong></span> <span class='ocrx_word' id='word_1_81' title='bbox 956 1304 1024 1359; x_wconf 89' lang='lat' dir='ltr'><strong>ad</strong></span> <span class='ocrx_word' id='word_1_82' title='bbox 1049 1303 1410 1374; x_wconf 76' lang='lat' dir='ltr'><strong>expendenda</strong></span> <span class='ocrx_word' id='word_1_83' title='bbox 1432 1302 1669 1373; x_wconf 33' lang='lat' dir='ltr'><strong>‘prOpria</strong></span> <span class='ocrx_word' id='word_1_84' title='bbox 1713 1310 1938 1372; x_wconf 86' lang='lat' dir='ltr'><strong>peccata</strong></span> <span class='ocrx_word' id='word_1_85' title='bbox 1984 1308 2095 1355; x_wconf 89' lang='lat' dir='ltr'><strong>tam</strong></span> 
     </span>
    </p>
   </div>
   <div class='ocr_carea' id='block_1_14' title="bbox 506 1394 2097 1473">
    <p class='ocr_par' dir='ltr' id='par_1_14' title="bbox 506 1394 2097 1473">
     <span class='ocr_line' id='line_1_14' title="bbox 506 1394 2097 1473; baseline -0.003 -19"><span class='ocrx_word' id='word_1_86' title='bbox 506 1400 865 1473; x_wconf 82' lang='lat' dir='ltr'><strong>lenteseimus</strong></span> <span class='ocrx_word' id='word_1_87' title='bbox 884 1398 1208 1463; x_wconf 80' lang='lat' dir='ltr'><strong>oscitanter,</strong></span> <span class='ocrx_word' id='word_1_88' title='bbox 1241 1396 1388 1467; x_wconf 90' lang='lat' dir='ltr'><strong>quod</strong></span> <span class='ocrx_word' id='word_1_89' title='bbox 1427 1396 1495 1450; x_wconf 90' lang='lat' dir='ltr'><strong>de</strong></span> <span class='ocrx_word' id='word_1_90' title='bbox 1529 1396 1613 1450; x_wconf 89' lang='lat' dir='ltr'><strong>eis</strong></span> <span class='ocrx_word' id='word_1_91' title='bbox 1644 1396 1785 1449; x_wconf 90' lang='lat' dir='ltr'><strong>nihil</strong></span> <span class='ocrx_word' id='word_1_92' title='bbox 1823 1394 1984 1449; x_wconf 78' lang='lat' dir='ltr'><strong>anxie</strong></span> <span class='ocrx_word' id='word_1_93' title='bbox 2032 1408 2097 1453; x_wconf 70' lang='lat' dir='ltr'><strong>ac</strong></span> 
     </span>
    </p>
   </div>
   <div class='ocr_carea' id='block_1_15' title="bbox 510 1476 2095 1565">
    <p class='ocr_par' dir='ltr' id='par_1_15' title="bbox 510 1476 2095 1565">
     <span class='ocr_line' id='line_1_15' title="bbox 510 1476 2095 1565; baseline -0.004 -18"><span class='ocrx_word' id='word_1_94' title='bbox 510 1476 705 1548; x_wconf 83' lang='lat' dir='ltr'><strong>sedulo</strong></span> <span class='ocrx_word' id='word_1_95' title='bbox 739 1491 1130 1562; x_wconf 82' lang='lat' dir='ltr'><strong>recogitemus,</strong></span> <span class='ocrx_word' id='word_1_96' title='bbox 1166 1505 1267 1544; x_wconf 91' lang='lat' dir='ltr'><strong>nec</strong></span> <span class='ocrx_word' id='word_1_97' title='bbox 1287 1488 1692 1565; x_wconf 81' lang='lat' dir='ltr'><strong>formidabilem</strong></span> <span class='ocrx_word' id='word_1_98' title='bbox 1729 1485 2095 1557; x_wconf 83' lang='lat' dir='ltr'><strong>illumjudicii</strong></span> 
     </span>
    </p>
   </div>
   <div class='ocr_carea' id='block_1_16' title="bbox 511 1577 2096 1652">
    <p class='ocr_par' dir='ltr' id='par_1_16' title="bbox 511 1577 2096 1652">
     <span class='ocr_line' id='line_1_16' title="bbox 511 1577 2096 1652; baseline -0.006 -11"><span class='ocrx_word' id='word_1_99' title='bbox 511 1586 660 1641; x_wconf 90' lang='lat' dir='ltr'><strong>diem</strong></span> <span class='ocrx_word' id='word_1_100' title='bbox 695 1583 936 1639; x_wconf 88' lang='lat' dir='ltr'><strong>sollicita</strong></span> <span class='ocrx_word' id='word_1_101' title='bbox 971 1582 1312 1652; x_wconf 87' lang='lat' dir='ltr'><strong>pensitemus</strong></span> <span class='ocrx_word' id='word_1_102' title='bbox 1340 1588 1530 1635; x_wconf 88' lang='lat' dir='ltr'><strong>mente</strong></span> <span class='ocrx_word' id='word_1_103' title='bbox 1560 1596 1574 1632; x_wconf 93' lang='lat'><strong>:</strong></span> <span class='ocrx_word' id='word_1_104' title='bbox 1614 1594 1725 1649; x_wconf 89' lang='lat' dir='ltr'><strong>quo</strong></span> <span class='ocrx_word' id='word_1_105' title='bbox 1752 1578 1975 1648; x_wconf 81' lang='lat' dir='ltr'><strong>quidem</strong></span> <span class='ocrx_word' id='word_1_106' title='bbox 2005 1577 2096 1632; x_wconf 89' lang='lat' dir='ltr'><strong>die</strong></span> 
     </span>
    </p>
   </div>
   <div class='ocr_carea' id='block_1_17' title="bbox 509 1671 2097 1742">
    <p class='ocr_par' dir='ltr' id='par_1_17' title="bbox 509 1671 2097 1742">
     <span class='ocr_line' id='line_1_17' title="bbox 509 1671 2097 1742; baseline -0.004 -10"><span class='ocrx_word' id='word_1_107' title='bbox 509 1676 644 1732; x_wconf 86' lang='lat' dir='ltr'><strong>nudi</strong></span> <span class='ocrx_word' id='word_1_108' title='bbox 681 1690 907 1731; x_wconf 85' lang='lat' dir='ltr'><strong>necesse</strong></span> <span class='ocrx_word' id='word_1_109' title='bbox 940 1674 1011 1727; x_wconf 90' lang='lat' dir='ltr'><strong>sit</strong></span> <span class='ocrx_word' id='word_1_110' title='bbox 1059 1681 1119 1727; x_wconf 90' lang='lat' dir='ltr'><strong>ut</strong></span> <span class='ocrx_word' id='word_1_111' title='bbox 1149 1681 1547 1742; x_wconf 60' lang='lat' dir='ltr'><strong>prasentemur</strong></span> <span class='ocrx_word' id='word_1_112' title='bbox 1580 1671 1775 1741; x_wconf 86' lang='lat' dir='ltr'><strong>judici,</strong></span> <span class='ocrx_word' id='word_1_113' title='bbox 1814 1678 1873 1725; x_wconf 91' lang='lat' dir='ltr'><strong>et</strong></span> <span class='ocrx_word' id='word_1_114' title='bbox 1900 1684 2097 1740; x_wconf 79' lang='lat' dir='ltr'><strong>magno</strong></span> 
     </span>
    </p>
   </div>
   <div class='ocr_carea' id='block_1_18' title="bbox 510 1763 2098 1833">
    <p class='ocr_par' dir='ltr' id='par_1_18' title="bbox 510 1763 2098 1833">
     <span class='ocr_line' id='line_1_18' title="bbox 510 1763 2098 1833; baseline -0.003 -11"><span class='ocrx_word' id='word_1_115' title='bbox 510 1777 749 1824; x_wconf 84' lang='lat' dir='ltr'><strong>tremore</strong></span> <span class='ocrx_word' id='word_1_116' title='bbox 799 1765 1270 1821; x_wconf 89' lang='lat' dir='ltr'><strong>inhorrescentes.</strong></span> <span class='ocrx_word' id='word_1_117' title='bbox 1306 1763 1482 1818; x_wconf 86' lang='lat' dir='ltr'><strong>Nemo</strong></span> <span class='ocrx_word' id='word_1_118' title='bbox 1508 1778 1617 1817; x_wconf 91' lang='lat' dir='ltr'><strong>non</strong></span> <span class='ocrx_word' id='word_1_119' title='bbox 1644 1763 1758 1817; x_wconf 88' lang='lat' dir='ltr'><strong>illic</strong></span> <span class='ocrx_word' id='word_1_120' title='bbox 1789 1777 1889 1833; x_wconf 88' lang='lat' dir='ltr'><strong>pro</strong></span> <span class='ocrx_word' id='word_1_121' title='bbox 1917 1777 1976 1817; x_wconf 89' lang='lat' dir='ltr'><strong>se</strong></span> <span class='ocrx_word' id='word_1_122' title='bbox 2010 1769 2098 1818; x_wconf 91' lang='lat' dir='ltr'><strong>est</strong></span> 
     </span>
    </p>
   </div>
   <div class='ocr_carea' id='block_1_19' title="bbox 509 1853 2097 1927">
    <p class='ocr_par' dir='ltr' id='par_1_19' title="bbox 509 1853 2097 1927">
     <span class='ocr_line' id='line_1_19' title="bbox 509 1853 2097 1927; baseline -0.003 -16"><span class='ocrx_word' id='word_1_123' title='bbox 509 1871 903 1927; x_wconf 85' lang='lat' dir='ltr'><strong>responsurus,</strong></span> <span class='ocrx_word' id='word_1_124' title='bbox 940 1870 1005 1910; x_wconf 88' lang='lat' dir='ltr'><strong>ac</strong></span> <span class='ocrx_word' id='word_1_125' title='bbox 1053 1868 1247 1925; x_wconf 63' lang='lat' dir='ltr'><strong>poenas</strong></span> <span class='ocrx_word' id='word_1_126' title='bbox 1290 1853 1640 1924; x_wconf 89' lang='lat' dir='ltr'><strong>depensurus</strong></span> <span class='ocrx_word' id='word_1_127' title='bbox 1701 1868 1815 1907; x_wconf 88' lang='lat' dir='ltr'><strong>non</strong></span> <span class='ocrx_word' id='word_1_128' title='bbox 1866 1867 2097 1922; x_wconf 89' lang='lat' dir='ltr'><strong>operum</strong></span> 
     </span>
    </p>
   </div>
   <div class='ocr_carea' id='block_1_20' title="bbox 2796 632 3181 688">
    <p class='ocr_par' dir='ltr' id='par_1_20' title="bbox 2796 632 3181 688">
     <span class='ocr_line' id='line_1_20' title="bbox 2796 632 3181 688; baseline -0.003 0"><span class='ocrx_word' id='word_1_129' title='bbox 2796 632 3015 688; x_wconf 85' lang='grc' dir='ltr'><strong>ΛΟΓΟΣ</strong></span> <span class='ocrx_word' id='word_1_130' title='bbox 3040 632 3181 687; x_wconf 86' lang='lat' dir='ltr'><strong>MII&#39;.</strong></span> 
     </span>
    </p>
   </div>
   <div class='ocr_carea' id='block_1_21' title="bbox 2588 722 3375 798">
    <p class='ocr_par' dir='ltr' id='par_1_21' title="bbox 2588 722 3375 798">
     <span class='ocr_line' id='line_1_21' title="bbox 2588 722 3375 798; baseline -0.001 -18"><span class='ocrx_word' id='word_1_131' title='bbox 2588 726 2729 795; x_wconf 76' lang='grc' dir='ltr'>Περὶ</span> <span class='ocrx_word' id='word_1_132' title='bbox 2755 725 2861 780; x_wconf 87' lang='grc' dir='ltr'><strong>τοῦ</strong></span> <span class='ocrx_word' id='word_1_133' title='bbox 2894 725 2981 798; x_wconf 78' lang='grc' dir='ltr'>μὴ</span> <span class='ocrx_word' id='word_1_134' title='bbox 3015 722 3375 796; x_wconf 73' lang='grc' dir='ltr'>καταγελᾶν.</span> 
     </span>
    </p>
   </div>
   <div class='ocr_carea' id='block_1_22' title="bbox 2267 837 3729 909">
    <p class='ocr_par' dir='ltr' id='par_1_22' title="bbox 2267 837 3729 909">
     <span class='ocr_line' id='line_1_22' title="bbox 2267 837 3729 909; baseline 0.003 -17"><span class='ocrx_word' id='word_1_135' title='bbox 2267 839 2343 894; x_wconf 76' lang='grc' dir='ltr'><strong>Τὸ</strong></span> <span class='ocrx_word' id='word_1_136' title='bbox 2405 838 2738 909; x_wconf 80' lang='grc' dir='ltr'>καταγελᾷν,</span> <span class='ocrx_word' id='word_1_137' title='bbox 2785 837 2881 891; x_wconf 76' lang='grc' dir='ltr'>καὶ</span> <span class='ocrx_word' id='word_1_138' title='bbox 2937 838 3000 891; x_wconf 87' lang='grc' dir='ltr'>τὸ</span> <span class='ocrx_word' id='word_1_139' title='bbox 3043 837 3368 905; x_wconf 74' lang='grc' dir='ltr'>ὲξουθενεῖν,</span> <span class='ocrx_word' id='word_1_140' title='bbox 3424 837 3605 908; x_wconf 79' lang='grc' dir='ltr'>ζεῦγος</span> <span class='ocrx_word' id='word_1_141' title='bbox 3654 842 3729 909; x_wconf 72' lang='grc' dir='ltr'>μέν</span> 
     </span>
    </p>
   </div>
   <div class='ocr_carea' id='block_1_23' title="bbox 2196 929 3729 1002">
    <p class='ocr_par' dir='ltr' id='par_1_23' title="bbox 2196 929 3729 1002">
     <span class='ocr_line' id='line_1_23' title="bbox 2196 929 3729 1002; baseline -0.001 -16"><span class='ocrx_word' id='word_1_142' title='bbox 2196 933 2344 986; x_wconf 69' lang='grc' dir='ltr'>ἐστιν</span> <span class='ocrx_word' id='word_1_143' title='bbox 2375 931 2806 1002; x_wconf 77' lang='grc' dir='ltr'>ὲνηλλαγμένον,</span> <span class='ocrx_word' id='word_1_144' title='bbox 2834 929 3105 1002; x_wconf 82' lang='grc' dir='ltr'>ἀροτριῶν</span> <span class='ocrx_word' id='word_1_145' title='bbox 3139 931 3199 983; x_wconf 84' lang='grc' dir='ltr'><strong>δὲ</strong></span> <span class='ocrx_word' id='word_1_146' title='bbox 3228 930 3522 994; x_wconf 69' lang='grc' dir='ltr'>τὰιᾶτοπα,</span> <span class='ocrx_word' id='word_1_147' title='bbox 3554 932 3635 985; x_wconf 78' lang='grc' dir='ltr'>καὶ</span> <span class='ocrx_word' id='word_1_148' title='bbox 3661 933 3729 986; x_wconf 83' lang='grc' dir='ltr'>θε-</span> 
     </span>
    </p>
   </div>
   <div class='ocr_carea' id='block_1_24' title="bbox 2176 1020 3730 1098">
    <p class='ocr_par' dir='ltr' id='par_1_24' title="bbox 2176 1020 3730 1098">
     <span class='ocr_line' id='line_1_24' title="bbox 2176 1020 3730 1098; baseline -0.001 -18"><span class='ocrx_word' id='word_1_149' title='bbox 2176 1027 2347 1098; x_wconf 58' lang='grc' dir='ltr'>ερίζον</span> <span class='ocrx_word' id='word_1_150' title='bbox 2374 1023 2622 1094; x_wconf 81' lang='grc' dir='ltr'>καρποὺς</span> <span class='ocrx_word' id='word_1_151' title='bbox 2657 1022 2995 1087; x_wconf 77' lang='grc' dir='ltr'>ζιζανιώδεις</span> <span class='ocrx_word' id='word_1_152' title='bbox 3033 1025 3114 1087; x_wconf 89' lang='grc' dir='ltr'><strong>είς</strong></span> <span class='ocrx_word' id='word_1_153' title='bbox 3142 1020 3342 1076; x_wconf 81' lang='grc' dir='ltr'>καῦσιν</span> <span class='ocrx_word' id='word_1_154' title='bbox 3376 1023 3573 1092; x_wconf 64' lang='grc' dir='ltr'>πυρός.»</span> <span class='ocrx_word' id='word_1_155' title='bbox 3598 1023 3730 1078; x_wconf 80' lang='grc' dir='ltr'>Τοῦτο</span> 
     </span>
    </p>
   </div>
   <div class='ocr_carea' id='block_1_25' title="bbox 2197 1113 3730 1187">
    <p class='ocr_par' dir='ltr' id='par_1_25' title="bbox 2197 1113 3730 1187">
     <span class='ocr_line' id='line_1_25' title="bbox 2197 1113 3730 1187; baseline -0.003 -16"><span class='ocrx_word' id='word_1_156' title='bbox 2197 1117 2253 1171; x_wconf 79' lang='grc' dir='ltr'><strong>δὲ</strong></span> <span class='ocrx_word' id='word_1_157' title='bbox 2277 1114 2409 1187; x_wconf 77' lang='grc' dir='ltr'>ἡμῖν</span> <span class='ocrx_word' id='word_1_158' title='bbox 2437 1114 2751 1186; x_wconf 76' lang='grc' dir='ltr'>συμϐαίνει,</span> <span class='ocrx_word' id='word_1_159' title='bbox 2785 1113 2873 1166; x_wconf 82' lang='grc' dir='ltr'>διὰ</span> <span class='ocrx_word' id='word_1_160' title='bbox 2894 1113 2956 1167; x_wconf 84' lang='grc' dir='ltr'>τὸ</span> <span class='ocrx_word' id='word_1_161' title='bbox 2990 1114 3069 1184; x_wconf 82' lang='grc' dir='ltr'>μὴ</span> <span class='ocrx_word' id='word_1_162' title='bbox 3093 1113 3316 1183; x_wconf 81' lang='grc' dir='ltr'><strong>βλέπειν</strong></span> <span class='ocrx_word' id='word_1_163' title='bbox 3340 1115 3489 1185; x_wconf 75' lang='grc' dir='ltr'>ἡμᾶς</span> <span class='ocrx_word' id='word_1_164' title='bbox 3517 1115 3605 1178; x_wconf 66' lang='grc' dir='ltr'>τὰς</span> <span class='ocrx_word' id='word_1_165' title='bbox 3628 1116 3730 1177; x_wconf 77' lang='grc' dir='ltr'>ἰδίας</span> 
     </span>
    </p>
   </div>
   <div class='ocr_carea' id='block_1_26' title="bbox 2197 1203 3731 1275">
    <p class='ocr_par' dir='ltr' id='par_1_26' title="bbox 2197 1203 3731 1275">
     <span class='ocr_line' id='line_1_26' title="bbox 2197 1203 3731 1275; baseline -0.001 -15"><span class='ocrx_word' id='word_1_166' title='bbox 2197 1204 2496 1275; x_wconf 82' lang='grc' dir='ltr'>ἁμαρτίας,</span> <span class='ocrx_word' id='word_1_167' title='bbox 2535 1204 2671 1274; x_wconf 81' lang='grc' dir='ltr'>μηδὲ</span> <span class='ocrx_word' id='word_1_168' title='bbox 2703 1204 2975 1275; x_wconf 58' lang='grc' dir='ltr'>μριμνᾷν</span> <span class='ocrx_word' id='word_1_169' title='bbox 3011 1204 3142 1273; x_wconf 76' lang='grc' dir='ltr'><strong>περῖ⁵</strong></span> <span class='ocrx_word' id='word_1_170' title='bbox 3185 1203 3372 1259; x_wconf 76' lang='grc' dir='ltr'>αὐτῶν</span> <span class='ocrx_word' id='word_1_171' title='bbox 3395 1245 3410 1270; x_wconf 88' lang='grc'><strong>,</strong></span> <span class='ocrx_word' id='word_1_172' title='bbox 3459 1206 3585 1275; x_wconf 75' lang='grc' dir='ltr'>μηδὲ</span> <span class='ocrx_word' id='word_1_173' title='bbox 3619 1206 3731 1275; x_wconf 83' lang='grc' dir='ltr'>ἐχειν</span> 
     </span>
    </p>
   </div>
   <div class='ocr_carea' id='block_1_27' title="bbox 2198 1290 3733 1372">
    <p class='ocr_par' dir='ltr' id='par_1_27' title="bbox 2198 1290 3733 1372">
     <span class='ocr_line' id='line_1_27' title="bbox 2198 1290 3733 1372; baseline 0.001 -22"><span class='ocrx_word' id='word_1_174' title='bbox 2198 1299 2255 1351; x_wconf 78' lang='grc' dir='ltr'><strong>εν</strong></span> <span class='ocrx_word' id='word_1_175' title='bbox 2292 1296 2366 1366; x_wconf 82' lang='grc' dir='ltr'>νῷ</span> <span class='ocrx_word' id='word_1_176' title='bbox 2388 1297 2486 1366; x_wconf 83' lang='grc' dir='ltr'>τὴν</span> <span class='ocrx_word' id='word_1_177' title='bbox 2511 1295 2750 1365; x_wconf 71' lang='grc' dir='ltr'>φοϐερὰν</span> <span class='ocrx_word' id='word_1_178' title='bbox 2780 1295 2997 1366; x_wconf 70' lang='grc' dir='ltr'>ἡμέραν</span> <span class='ocrx_word' id='word_1_179' title='bbox 3024 1295 3411 1366; x_wconf 79' lang='grc' dir='ltr'>τῆςκρίσεως,</span> <span class='ocrx_word' id='word_1_180' title='bbox 3441 1299 3499 1348; x_wconf 83' lang='grc' dir='ltr'>ὲν</span> <span class='ocrx_word' id='word_1_181' title='bbox 3525 1290 3733 1372; x_wconf 78' lang='grc' dir='ltr'>ᾗγυμνοὶ</span> 
     </span>
    </p>
   </div>
   <div class='ocr_carea' id='block_1_28' title="bbox 2199 1375 3729 1460">
    <p class='ocr_par' dir='ltr' id='par_1_28' title="bbox 2199 1375 3729 1460">
     <span class='ocr_line' id='line_1_28' title="bbox 2199 1375 3729 1460; baseline -0.002 -16"><span class='ocrx_word' id='word_1_182' title='bbox 2199 1390 2294 1444; x_wconf 80' lang='grc' dir='ltr'>καὶ</span> <span class='ocrx_word' id='word_1_183' title='bbox 2346 1388 2875 1459; x_wconf 61' lang='grc' dir='ltr'>τετραχηλισμένοιλ</span> <span class='ocrx_word' id='word_1_184' title='bbox 2909 1388 3381 1459; x_wconf 78' lang='grc' dir='ltr'><strong>παραστησόμεθα</strong></span> <span class='ocrx_word' id='word_1_185' title='bbox 3435 1375 3513 1458; x_wconf 76' lang='grc' dir='ltr'><strong>τῷ</strong></span> <span class='ocrx_word' id='word_1_186' title='bbox 3567 1391 3729 1460; x_wconf 80' lang='grc' dir='ltr'>κριτῇ,</span> 
     </span>
    </p>
   </div>
   <div class='ocr_carea' id='block_1_29' title="bbox 2198 1479 3755 1552">
    <p class='ocr_par' dir='ltr' id='par_1_29' title="bbox 2198 1479 3755 1552">
     <span class='ocr_line' id='line_1_29' title="bbox 2198 1479 3755 1552; baseline -0.001 -16"><span class='ocrx_word' id='word_1_187' title='bbox 2198 1483 2430 1547; x_wconf 69' lang='grc' dir='ltr'>ἕκαστος</span> <span class='ocrx_word' id='word_1_188' title='bbox 2458 1482 2600 1552; x_wconf 77' lang='grc' dir='ltr'>ὑπὲρ</span> <span class='ocrx_word' id='word_1_189' title='bbox 2642 1481 2836 1536; x_wconf 73' lang='grc' dir='ltr'>ἑαυτοῦ</span> <span class='ocrx_word' id='word_1_190' title='bbox 2889 1481 3359 1552; x_wconf 79' lang='grc' dir='ltr'><strong>ἀπολογούμενος,</strong></span> <span class='ocrx_word' id='word_1_191' title='bbox 3409 1485 3501 1536; x_wconf 80' lang='grc' dir='ltr'>καὶ</span> <span class='ocrx_word' id='word_1_192' title='bbox 3545 1479 3755 1543; x_wconf 80' lang='grc' dir='ltr'>εύθύνα;’</span> 
     </span>
    </p>
   </div>
   <div class='ocr_carea' id='block_1_30' title="bbox 2198 1572 3734 1645">
    <p class='ocr_par' dir='ltr' id='par_1_30' title="bbox 2198 1572 3734 1645">
     <span class='ocr_line' id='line_1_30' title="bbox 2198 1572 3734 1645; baseline -0.002 -17"><span class='ocrx_word' id='word_1_193' title='bbox 2198 1574 2682 1645; x_wconf 73' lang='grc' dir='ltr'><strong>εἰσπραττόμενος,</strong></span> <span class='ocrx_word' id='word_1_194' title='bbox 2733 1573 2795 1626; x_wconf 81' lang='grc' dir='ltr'>οὐ</span> <span class='ocrx_word' id='word_1_195' title='bbox 2863 1574 3041 1644; x_wconf 84' lang='grc' dir='ltr'>μόνων</span> <span class='ocrx_word' id='word_1_196' title='bbox 3088 1574 3200 1626; x_wconf 83' lang='grc' dir='ltr'><strong>τῶν</strong></span> <span class='ocrx_word' id='word_1_197' title='bbox 3247 1573 3450 1644; x_wconf 78' lang='grc' dir='ltr'>ἔργων,</span> <span class='ocrx_word' id='word_1_198' title='bbox 3501 1572 3623 1627; x_wconf 84' lang='grc' dir='ltr'>ἀλλὰ</span> <span class='ocrx_word' id='word_1_199' title='bbox 3663 1574 3734 1626; x_wconf 69' lang='grc' dir='ltr'>καὶ</span> 
     </span>
    </p>
   </div>
   <div class='ocr_carea' id='block_1_31' title="bbox 2197 1664 3736 1737">
    <p class='ocr_par' dir='ltr' id='par_1_31' title="bbox 2197 1664 3736 1737">
     <span class='ocr_line' id='line_1_31' title="bbox 2197 1664 3736 1737; baseline -0.001 -18"><span class='ocrx_word' id='word_1_200' title='bbox 2197 1666 2397 1731; x_wconf 84' lang='grc' dir='ltr'>λόγων,</span> <span class='ocrx_word' id='word_1_201' title='bbox 2424 1665 2521 1719; x_wconf 77' lang='grc' dir='ltr'>καὶ</span> <span class='ocrx_word' id='word_1_202' title='bbox 2551 1664 2798 1732; x_wconf 74' lang='grc' dir='ltr'>ἐννοιῶν,</span> <span class='ocrx_word' id='word_1_203' title='bbox 2831 1666 2926 1719; x_wconf 73' lang='grc' dir='ltr'><strong>καὶ</strong></span> <span class='ocrx_word' id='word_1_204' title='bbox 2977 1666 3243 1737; x_wconf 73' lang='grc' dir='ltr'>κινήσεων</span> <span class='ocrx_word' id='word_1_205' title='bbox 3272 1682 3289 1698; x_wconf 87' lang='grc'><strong>·</strong></span> <span class='ocrx_word' id='word_1_206' title='bbox 3325 1667 3375 1719; x_wconf 78' lang='grc' dir='ltr'><strong>εί</strong></span> <span class='ocrx_word' id='word_1_207' title='bbox 3422 1665 3527 1733; x_wconf 83' lang='grc' dir='ltr'><strong>γὰρ</strong></span> <span class='ocrx_word' id='word_1_208' title='bbox 3558 1664 3736 1719; x_wconf 69' lang='grc' dir='ltr'>«τούτων</span> 
     </span>
    </p>
   </div>
   <div class='ocr_carea' id='block_1_32' title="bbox 2197 1756 3736 1830">
    <p class='ocr_par' dir='ltr' id='par_1_32' title="bbox 2197 1756 3736 1830">
     <span class='ocr_line' id='line_1_32' title="bbox 2197 1756 3736 1830; baseline -0.001 -19"><span class='ocrx_word' id='word_1_209' title='bbox 2197 1756 2596 1828; x_wconf 73' lang='grc' dir='ltr'>ἀμεριμνιῖιμεν</span> <span class='ocrx_word' id='word_1_210' title='bbox 2613 1756 2892 1821; x_wconf 77' lang='grc' dir='ltr'>ἁπάντων,</span> <span class='ocrx_word' id='word_1_211' title='bbox 2911 1758 3012 1811; x_wconf 87' lang='grc' dir='ltr'>οὐκ</span> <span class='ocrx_word' id='word_1_212' title='bbox 3031 1758 3099 1812; x_wconf 85' lang='grc' dir='ltr'>ἂν</span> <span class='ocrx_word' id='word_1_213' title='bbox 3114 1758 3488 1830; x_wconf 77' lang='grc' dir='ltr'>ἑγαυριῶμεν,</span> <span class='ocrx_word' id='word_1_214' title='bbox 3506 1761 3590 1812; x_wconf 72' lang='grc' dir='ltr'>καὶ</span> <span class='ocrx_word' id='word_1_215' title='bbox 3614 1761 3736 1811; x_wconf 77' lang='grc' dir='ltr'>ἐπαι-</span> 
     </span>
    </p>
   </div>
   <div class='ocr_carea' id='block_1_33' title="bbox 2203 1848 3734 1921">
    <p class='ocr_par' dir='ltr' id='par_1_33' title="bbox 2203 1848 3734 1921">
     <span class='ocr_line' id='line_1_33' title="bbox 2203 1848 3734 1921; baseline -0.001 -19"><span class='ocrx_word' id='word_1_216' title='bbox 2203 1848 2408 1919; x_wconf 80' lang='grc' dir='ltr'>ρόμεθα</span> <span class='ocrx_word' id='word_1_217' title='bbox 2465 1850 2609 1902; x_wconf 88' lang='grc' dir='ltr'><strong>κατά</strong></span> <span class='ocrx_word' id='word_1_218' title='bbox 2658 1849 2770 1905; x_wconf 84' lang='grc' dir='ltr'><strong>τῶν</strong></span> <span class='ocrx_word' id='word_1_219' title='bbox 2826 1851 3153 1921; x_wconf 82' lang='grc' dir='ltr'><strong>κρειττόνων</strong></span> <span class='ocrx_word' id='word_1_220' title='bbox 3193 1850 3378 1920; x_wconf 77' lang='grc' dir='ltr'>ἡμῶν.</span> <span class='ocrx_word' id='word_1_221' title='bbox 3427 1851 3500 1903; x_wconf 86' lang='grc' dir='ltr'>Ού</span> <span class='ocrx_word' id='word_1_222' title='bbox 3543 1851 3637 1921; x_wconf 78' lang='grc' dir='ltr'><strong>χρὴ</strong></span> <span class='ocrx_word' id='word_1_223' title='bbox 3674 1850 3734 1913; x_wconf 78' lang='grc' dir='ltr'>δὲ,</span> 
     </span>
    </p>
   </div>
   <div class='ocr_carea' id='block_1_34' title="bbox 510 1940 2099 2034">
    <p class='ocr_par' dir='ltr' id='par_1_34' title="bbox 510 1943 2089 2014">
     <span class='ocr_line' id='line_1_34' title="bbox 510 1943 2089 2014; baseline -0.001 -16"><span class='ocrx_word' id='word_1_224' title='bbox 510 1947 696 2010; x_wconf 76' lang='grc' dir='ltr'>ιιιοᾱο,</span> <span class='ocrx_word' id='word_1_225' title='bbox 724 1944 821 1999; x_wconf 91' lang='lat' dir='ltr'><strong>sed</strong></span> <span class='ocrx_word' id='word_1_226' title='bbox 855 1953 911 1998; x_wconf 90' lang='lat' dir='ltr'><strong>et</strong></span> <span class='ocrx_word' id='word_1_227' title='bbox 939 1943 1262 2009; x_wconf 85' lang='lat' dir='ltr'><strong>verborum,</strong></span> <span class='ocrx_word' id='word_1_228' title='bbox 1314 1951 1370 1996; x_wconf 85' lang='lat' dir='ltr'><strong>et</strong></span> <span class='ocrx_word' id='word_1_229' title='bbox 1403 1943 1822 2014; x_wconf 80' lang='lat' dir='ltr'><strong>cogitationum,</strong></span> <span class='ocrx_word' id='word_1_230' title='bbox 1858 1957 2089 1996; x_wconf 85' lang='lat' dir='ltr'><strong>arcana-</strong></span> 
     </span>
    </p>
   </div>
   <div class='ocr_carea' id='block_1_35' title="bbox 2201 1940 3737 2034">
    <p class='ocr_par' dir='ltr' id='par_1_35' title="bbox 2201 1940 3737 2010">
     <span class='ocr_line' id='line_1_35' title="bbox 2201 1940 3737 2010; baseline -0.001 -16"><span class='ocrx_word' id='word_1_231' title='bbox 2201 1940 2418 2009; x_wconf 79' lang='grc' dir='ltr'>ἀδελφοί</span> <span class='ocrx_word' id='word_1_232' title='bbox 2451 1957 2573 2010; x_wconf 89' lang='grc' dir='ltr'>μου,</span> <span class='ocrx_word' id='word_1_233' title='bbox 2606 1940 2964 2010; x_wconf 80' lang='grc' dir='ltr'>Χριστιανοὺς</span> <span class='ocrx_word' id='word_1_234' title='bbox 3007 1941 3158 2010; x_wconf 80' lang='grc' dir='ltr'>ἡμᾶς</span> <span class='ocrx_word' id='word_1_235' title='bbox 3193 1941 3381 2007; x_wconf 77' lang='grc' dir='ltr'>ὄντας,</span> <span class='ocrx_word' id='word_1_236' title='bbox 3420 1941 3584 2006; x_wconf 74' lang='grc' dir='ltr'>οὕτως</span> <span class='ocrx_word' id='word_1_237' title='bbox 3614 1942 3737 1996; x_wconf 77' lang='grc' dir='ltr'>πολι-</span> 
     </span>
    </p>
   </div>
   <div class='ocr_carea' id='block_1_36' title="bbox 512 2028 2099 2115">
    <p class='ocr_par' dir='ltr' id='par_1_36' title="bbox 512 2034 2099 2115">
     <span class='ocr_line' id='line_1_36' title="bbox 512 2034 2099 2115; baseline -0.001 -25"><span class='ocrx_word' id='word_1_238' title='bbox 512 2052 635 2090; x_wconf 90' lang='lat' dir='ltr'><strong>rum</strong></span> <span class='ocrx_word' id='word_1_239' title='bbox 660 2037 885 2105; x_wconf 87' lang='lat' dir='ltr'><strong>insuper</strong></span> <span class='ocrx_word' id='word_1_240' title='bbox 917 2034 1088 2115; x_wconf 79' lang='lat' dir='ltr'><strong>animi</strong></span> <span class='ocrx_word' id='word_1_241' title='bbox 1124 2037 1452 2089; x_wconf 83' lang='lat' dir='ltr'><strong>metionum.</strong></span> <span class='ocrx_word' id='word_1_242' title='bbox 1513 2035 1723 2089; x_wconf 85' lang='lat' dir='ltr'><strong>Horum</strong></span> <span class='ocrx_word' id='word_1_243' title='bbox 1775 2034 2099 2089; x_wconf 83' lang='lat' dir='ltr'><strong>memoriam</strong></span> 
     </span>
    </p>
   </div>
   <div class='ocr_carea' id='block_1_37' title="bbox 2201 2028 3734 2115">
    <p class='ocr_par' dir='ltr' id='par_1_37' title="bbox 2201 2028 3734 2100">
     <span class='ocr_line' id='line_1_37' title="bbox 2201 2028 3734 2100; baseline 0.003 -18"><span class='ocrx_word' id='word_1_244' title='bbox 2201 2028 2474 2094; x_wconf 83' lang='grc' dir='ltr'>τεύεσθαι,</span> <span class='ocrx_word' id='word_1_245' title='bbox 2508 2029 2584 2093; x_wconf 80' lang='grc' dir='ltr'>ὡς</span> <span class='ocrx_word' id='word_1_246' title='bbox 2614 2030 2709 2083; x_wconf 61' lang='grc' dir='ltr'><strong>καὶ⁵</strong></span> <span class='ocrx_word' id='word_1_247' title='bbox 2734 2031 2783 2082; x_wconf 80' lang='lat' dir='ltr'><strong>ot</strong></span> <span class='ocrx_word' id='word_1_248' title='bbox 2821 2028 2896 2100; x_wconf 81' lang='grc' dir='ltr'>μὴ</span> <span class='ocrx_word' id='word_1_249' title='bbox 2929 2029 3144 2099; x_wconf 77' lang='grc' dir='ltr'>ἔχοντες</span> <span class='ocrx_word' id='word_1_250' title='bbox 3167 2030 3365 2084; x_wconf 69' lang='grc' dir='ltr'>ἐλπίδα</span> <span class='ocrx_word' id='word_1_251' title='bbox 3392 2033 3734 2096; x_wconf 78' lang='grc' dir='ltr'><strong>ἀναστάσεως·</strong></span> 
     </span>
    </p>
   </div>
   <div class='ocr_carea' id='block_1_38' title="bbox 510 2123 2098 2196">
    <p class='ocr_par' dir='ltr' id='par_1_38' title="bbox 510 2123 2098 2196">
     <span class='ocr_line' id='line_1_38' title="bbox 510 2123 2098 2196; baseline -0.002 -14"><span class='ocrx_word' id='word_1_252' title='bbox 510 2127 558 2182; x_wconf 88' lang='lat' dir='ltr'><strong>si</strong></span> <span class='ocrx_word' id='word_1_253' title='bbox 617 2126 811 2181; x_wconf 86' lang='lat' dir='ltr'><strong>sedula</strong></span> <span class='ocrx_word' id='word_1_254' title='bbox 873 2124 1203 2196; x_wconf 81' lang='lat' dir='ltr'><strong>cogitatione</strong></span> <span class='ocrx_word' id='word_1_255' title='bbox 1244 2139 1658 2188; x_wconf 88' lang='lat' dir='ltr'><strong>renovaremus,</strong></span> <span class='ocrx_word' id='word_1_256' title='bbox 1707 2125 1894 2178; x_wconf 89' lang='lat' dir='ltr'><strong>nullus</strong></span> <span class='ocrx_word' id='word_1_257' title='bbox 1936 2123 2098 2179; x_wconf 85' lang='lat' dir='ltr'><strong>nobis</strong></span> 
     </span>
    </p>
   </div>
   <div class='ocr_carea' id='block_1_39' title="bbox 512 2213 2096 2283">
    <p class='ocr_par' dir='ltr' id='par_1_39' title="bbox 512 2213 2096 2283">
     <span class='ocr_line' id='line_1_39' title="bbox 512 2213 2096 2283; baseline -0.003 -12"><span class='ocrx_word' id='word_1_258' title='bbox 512 2216 785 2277; x_wconf 85' lang='lat' dir='ltr'><strong>resideret</strong></span> <span class='ocrx_word' id='word_1_259' title='bbox 832 2215 990 2270; x_wconf 85' lang='lat' dir='ltr'><strong>locus</strong></span> <span class='ocrx_word' id='word_1_260' title='bbox 1050 2215 1131 2269; x_wconf 89' lang='lat' dir='ltr'><strong>sic</strong></span> <span class='ocrx_word' id='word_1_261' title='bbox 1189 2213 1559 2268; x_wconf 88' lang='lat' dir='ltr'><strong>insolescendi</strong></span> <span class='ocrx_word' id='word_1_262' title='bbox 1625 2228 1720 2283; x_wconf 89' lang='lat' dir='ltr'><strong>per</strong></span> <span class='ocrx_word' id='word_1_263' title='bbox 1753 2213 2096 2283; x_wconf 87' lang='lat' dir='ltr'><strong>jactantiam,</strong></span> 
     </span>
    </p>
   </div>
   <div class='ocr_carea' id='block_1_40' title="bbox 510 2294 2099 2379">
    <p class='ocr_par' dir='ltr' id='par_1_40' title="bbox 510 2294 2099 2379">
     <span class='ocr_line' id='line_1_40' title="bbox 510 2294 2099 2379; baseline -0.004 -17"><span class='ocrx_word' id='word_1_264' title='bbox 510 2309 667 2363; x_wconf 88' lang='lat' dir='ltr'><strong>nullo</strong></span> <span class='ocrx_word' id='word_1_265' title='bbox 707 2321 947 2377; x_wconf 90' lang='lat' dir='ltr'><strong>unquam</strong></span> <span class='ocrx_word' id='word_1_266' title='bbox 983 2314 1231 2374; x_wconf 89' lang='lat' dir='ltr'><strong>tempore</strong></span> <span class='ocrx_word' id='word_1_267' title='bbox 1253 2294 1352 2375; x_wconf 84' lang='lat' dir='ltr'><strong>per</strong></span> <span class='ocrx_word' id='word_1_268' title='bbox 1375 2304 1744 2373; x_wconf 81' lang='lat' dir='ltr'><strong>arrogantiam</strong></span> <span class='ocrx_word' id='word_1_269' title='bbox 1767 2303 2099 2379; x_wconf 70' lang='lat' dir='ltr'><strong>eli‘erremur</strong></span> 
     </span>
    </p>
   </div>
   <div class='ocr_carea' id='block_1_41' title="bbox 512 2393 2099 2457">
    <p class='ocr_par' dir='ltr' id='par_1_41' title="bbox 512 2393 2099 2457">
     <span class='ocr_line' id='line_1_41' title="bbox 512 2393 2099 2457; baseline -0.004 -3"><span class='ocrx_word' id='word_1_270' title='bbox 512 2399 780 2454; x_wconf 89' lang='lat' dir='ltr'><strong>adversus</strong></span> <span class='ocrx_word' id='word_1_271' title='bbox 799 2406 949 2451; x_wconf 90' lang='lat' dir='ltr'><strong>tanto</strong></span> <span class='ocrx_word' id='word_1_272' title='bbox 968 2396 1128 2453; x_wconf 89' lang='lat' dir='ltr'><strong>nobis</strong></span> <span class='ocrx_word' id='word_1_273' title='bbox 1150 2395 1425 2449; x_wconf 89' lang='lat' dir='ltr'><strong>meliores.</strong></span> <span class='ocrx_word' id='word_1_274' title='bbox 1454 2394 1570 2448; x_wconf 88' lang='lat' dir='ltr'><strong>Non</strong></span> <span class='ocrx_word' id='word_1_275' title='bbox 1596 2394 1877 2457; x_wconf 86' lang='lat' dir='ltr'><strong>convenit,</strong></span> <span class='ocrx_word' id='word_1_276' title='bbox 1902 2393 2099 2447; x_wconf 80' lang='lat' dir='ltr'><strong>fratres</strong></span> 
     </span>
    </p>
   </div>
   <div class='ocr_carea' id='block_1_42' title="bbox 513 2482 2100 2558">
    <p class='ocr_par' dir='ltr' id='par_1_42' title="bbox 513 2482 2100 2558">
     <span class='ocr_line' id='line_1_42' title="bbox 513 2482 2100 2558; baseline -0.004 -14"><span class='ocrx_word' id='word_1_277' title='bbox 513 2489 642 2556; x_wconf 87' lang='lat' dir='ltr'><strong>mei,</strong></span> <span class='ocrx_word' id='word_1_278' title='bbox 670 2504 774 2543; x_wconf 88' lang='lat' dir='ltr'><strong>nos</strong></span> <span class='ocrx_word' id='word_1_279' title='bbox 798 2488 891 2558; x_wconf 88' lang='lat' dir='ltr'><strong>qui</strong></span> <span class='ocrx_word' id='word_1_280' title='bbox 931 2487 1167 2557; x_wconf 77' lang='lat' dir='ltr'><strong>ingenue</strong></span> <span class='ocrx_word' id='word_1_281' title='bbox 1195 2485 1544 2542; x_wconf 87' lang='lat' dir='ltr'><strong>Christianos</strong></span> <span class='ocrx_word' id='word_1_282' title='bbox 1574 2482 1923 2554; x_wconf 83' lang='lat' dir='ltr'><strong>proﬁtemur,</strong></span> <span class='ocrx_word' id='word_1_283' title='bbox 1956 2482 2100 2537; x_wconf 89' lang='lat' dir='ltr'><strong>hanc</strong></span> 
     </span>
    </p>
   </div>
   <div class='ocr_carea' id='block_1_43' title="bbox 513 2574 2101 2655">
    <p class='ocr_par' dir='ltr' id='par_1_43' title="bbox 513 2574 2101 2655">
     <span class='ocr_line' id='line_1_43' title="bbox 513 2574 2101 2655; baseline -0.006 -18"><span class='ocrx_word' id='word_1_284' title='bbox 513 2581 907 2652; x_wconf 43' lang='lat' dir='ltr'><strong>improbanda).</strong></span> <span class='ocrx_word' id='word_1_285' title='bbox 936 2580 1063 2655; x_wconf 78' lang='lat' dir='ltr'><strong>vita:</strong></span> <span class='ocrx_word' id='word_1_286' title='bbox 1116 2578 1319 2634; x_wconf 87' lang='lat' dir='ltr'><strong>sectari</strong></span> <span class='ocrx_word' id='word_1_287' title='bbox 1374 2574 1692 2641; x_wconf 69' lang='lat' dir='ltr'><strong>formulam,</strong></span> <span class='ocrx_word' id='word_1_288' title='bbox 1726 2575 1795 2633; x_wconf 86' lang='lat' dir='ltr'><strong>ad</strong></span> <span class='ocrx_word' id='word_1_289' title='bbox 1824 2589 1988 2645; x_wconf 87' lang='lat' dir='ltr'><strong>quam</strong></span> <span class='ocrx_word' id='word_1_290' title='bbox 2019 2574 2101 2628; x_wconf 86' lang='lat' dir='ltr'><strong>vi-</strong></span> 
     </span>
    </p>
   </div>
   <div class='ocr_carea' id='block_1_44' title="bbox 512 2668 2097 2745">
    <p class='ocr_par' dir='ltr' id='par_1_44' title="bbox 512 2668 2097 2745">
     <span class='ocr_line' id='line_1_44' title="bbox 512 2668 2097 2745; baseline -0.006 -14"><span class='ocrx_word' id='word_1_291' title='bbox 512 2687 649 2731; x_wconf 86' lang='lat' dir='ltr'><strong>vunt</strong></span> <span class='ocrx_word' id='word_1_292' title='bbox 684 2675 771 2730; x_wconf 86' lang='lat' dir='ltr'><strong>isti</strong></span> <span class='ocrx_word' id='word_1_293' title='bbox 809 2675 902 2745; x_wconf 88' lang='lat' dir='ltr'><strong>qui</strong></span> <span class='ocrx_word' id='word_1_294' title='bbox 932 2689 1090 2744; x_wconf 82' lang='lat' dir='ltr'><strong>spem</strong></span> <span class='ocrx_word' id='word_1_295' title='bbox 1121 2686 1341 2727; x_wconf 90' lang='lat' dir='ltr'><strong>omnem</strong></span> <span class='ocrx_word' id='word_1_296' title='bbox 1370 2685 1402 2725; x_wconf 89' lang='lat' dir='ltr'><strong>a</strong></span> <span class='ocrx_word' id='word_1_297' title='bbox 1436 2686 1494 2725; x_wconf 90' lang='lat' dir='ltr'><strong>se</strong></span> <span class='ocrx_word' id='word_1_298' title='bbox 1555 2670 1963 2740; x_wconf 76' lang='lat' dir='ltr'><strong>dispunxerunt</strong></span> <span class='ocrx_word' id='word_1_299' title='bbox 2008 2668 2097 2723; x_wconf 82' lang='lat' dir='ltr'><strong>l‘u-</strong></span> 
     </span>
    </p>
   </div>
   <div class='ocr_carea' id='block_1_45' title="bbox 514 2761 2098 2834">
    <p class='ocr_par' dir='ltr' id='par_1_45' title="bbox 514 2761 2098 2834">
     <span class='ocr_line' id='line_1_45' title="bbox 514 2761 2098 2834; baseline -0.004 -12"><span class='ocrx_word' id='word_1_300' title='bbox 514 2775 653 2822; x_wconf 73' lang='lat' dir='ltr'><strong>turae</strong></span> <span class='ocrx_word' id='word_1_301' title='bbox 680 2767 832 2821; x_wconf 91' lang='lat' dir='ltr'><strong>illius</strong></span> <span class='ocrx_word' id='word_1_302' title='bbox 864 2764 1330 2827; x_wconf 87' lang='lat' dir='ltr'><strong>resurrectionis;</strong></span> <span class='ocrx_word' id='word_1_303' title='bbox 1362 2765 1475 2832; x_wconf 85' lang='lat' dir='ltr'><strong>imo</strong></span> <span class='ocrx_word' id='word_1_304' title='bbox 1506 2762 1720 2817; x_wconf 87' lang='lat' dir='ltr'><strong>luctum</strong></span> <span class='ocrx_word' id='word_1_305' title='bbox 1744 2761 1918 2834; x_wconf 83' lang='lat' dir='ltr'><strong>magis</strong></span> <span class='ocrx_word' id='word_1_306' title='bbox 1940 2775 2098 2825; x_wconf 81' lang='lat' dir='ltr'><strong>exer-</strong></span> 
     </span>
    </p>
   </div>
   <div class='ocr_carea' id='block_1_46' title="bbox 514 2853 2095 2928">
    <p class='ocr_par' dir='ltr' id='par_1_46' title="bbox 514 2853 2095 2928">
     <span class='ocr_line' id='line_1_46' title="bbox 514 2853 2095 2928; baseline -0.004 -15"><span class='ocrx_word' id='word_1_307' title='bbox 514 2873 741 2915; x_wconf 86' lang='lat' dir='ltr'><strong>ceamus</strong></span> <span class='ocrx_word' id='word_1_308' title='bbox 762 2858 1088 2928; x_wconf 68' lang='lat' dir='ltr'><strong>praefervido</strong></span> <span class='ocrx_word' id='word_1_309' title='bbox 1110 2858 1473 2928; x_wconf 74' lang='lat' dir='ltr'><strong>lacrymarum</strong></span> <span class='ocrx_word' id='word_1_310' title='bbox 1501 2853 1740 2909; x_wconf 81' lang='lat' dir='ltr'><strong>deﬂuvio</strong></span> <span class='ocrx_word' id='word_1_311' title='bbox 1764 2853 2095 2919; x_wconf 85' lang='lat' dir='ltr'><strong>madentem,</strong></span> 
     </span>
    </p>
   </div>
   <div class='ocr_carea' id='block_1_47' title="bbox 517 2944 2101 3020">
    <p class='ocr_par' dir='ltr' id='par_1_47' title="bbox 517 2944 2101 3020">
     <span class='ocr_line' id='line_1_47' title="bbox 517 2944 2101 3020; baseline -0.002 -18"><span class='ocrx_word' id='word_1_312' title='bbox 517 2966 750 3019; x_wconf 87' lang='lat' dir='ltr'><strong>quarum</strong></span> <span class='ocrx_word' id='word_1_313' title='bbox 773 2950 948 3020; x_wconf 74' lang='lat' dir='ltr'><strong>gratia</strong></span> <span class='ocrx_word' id='word_1_314' title='bbox 977 2964 1081 3003; x_wconf 83' lang='lat' dir='ltr'><strong>nos</strong></span> <span class='ocrx_word' id='word_1_315' title='bbox 1113 2949 1378 3003; x_wconf 87' lang='lat' dir='ltr'><strong>Dominus</strong></span> <span class='ocrx_word' id='word_1_316' title='bbox 1411 2946 1480 3001; x_wconf 90' lang='lat' dir='ltr'><strong>ab</strong></span> <span class='ocrx_word' id='word_1_317' title='bbox 1512 2944 1879 3001; x_wconf 83' lang='lat' dir='ltr'><strong>amaritudine</strong></span> <span class='ocrx_word' id='word_1_318' title='bbox 1901 2945 2101 3009; x_wconf 84' lang='lat' dir='ltr'><strong>liberet</strong></span> 
     </span>
    </p>
   </div>
   <div class='ocr_carea' id='block_1_48' title="bbox 519 3034 2098 3108">
    <p class='ocr_par' dir='ltr' id='par_1_48' title="bbox 519 3034 2098 3108">
     <span class='ocr_line' id='line_1_48' title="bbox 519 3034 2098 3108; baseline -0.003 -14"><span class='ocrx_word' id='word_1_319' title='bbox 519 3038 777 3108; x_wconf 80' lang='lat' dir='ltr'><strong>supplicii</strong></span> <span class='ocrx_word' id='word_1_320' title='bbox 818 3038 1033 3092; x_wconf 78' lang='lat' dir='ltr'><strong>aeterni.</strong></span> <span class='ocrx_word' id='word_1_321' title='bbox 1093 3056 1110 3088; x_wconf 82' lang='grc' dir='ltr'><strong>ι</strong></span> <span class='ocrx_word' id='word_1_322' title='bbox 1145 3036 1295 3091; x_wconf 86' lang='lat' dir='ltr'><strong>Beati</strong></span> <span class='ocrx_word' id='word_1_323' title='bbox 1339 3034 1487 3089; x_wconf 85' lang='lat' dir='ltr'><strong>enim</strong></span> <span class='ocrx_word' id='word_1_324' title='bbox 1531 3035 1627 3103; x_wconf 91' lang='lat' dir='ltr'><strong>qui</strong></span> <span class='ocrx_word' id='word_1_325' title='bbox 1683 3035 1876 3105; x_wconf 80' lang='lat' dir='ltr'><strong>lugent</strong></span> <span class='ocrx_word' id='word_1_326' title='bbox 1929 3050 2098 3098; x_wconf 86' lang='lat' dir='ltr'><strong>nunc,</strong></span> 
     </span>
    </p>
   </div>
   <div class='ocr_carea' id='block_1_49' title="bbox 519 3124 2101 3197">
    <p class='ocr_par' dir='ltr' id='par_1_49' title="bbox 519 3124 2101 3197">
     <span class='ocr_line' id='line_1_49' title="bbox 519 3124 2101 3197; baseline -0.001 -16"><span class='ocrx_word' id='word_1_327' title='bbox 519 3129 780 3197; x_wconf 82' lang='lat' dir='ltr'><strong>quoniam</strong></span> <span class='ocrx_word' id='word_1_328' title='bbox 837 3128 940 3197; x_wconf 86' lang='lat' dir='ltr'><strong>ipsi</strong></span> <span class='ocrx_word' id='word_1_329' title='bbox 1002 3125 1438 3181; x_wconf 86' lang='lat' dir='ltr'><strong>consolabuntur</strong></span> <span class='ocrx_word' id='word_1_330' title='bbox 1493 3125 1556 3178; x_wconf 79' lang='grc'><strong>⁸⁸.</strong></span> <span class='ocrx_word' id='word_1_331' title='bbox 1599 3145 1616 3178; x_wconf 74' lang='grc' dir='ltr'><strong>ι</strong></span> <span class='ocrx_word' id='word_1_332' title='bbox 1661 3125 1852 3191; x_wconf 83' lang='lat' dir='ltr'><strong>Plane,</strong></span> <span class='ocrx_word' id='word_1_333' title='bbox 1877 3124 1973 3195; x_wconf 92' lang='lat' dir='ltr'><strong>qui</strong></span> <span class='ocrx_word' id='word_1_334' title='bbox 2002 3140 2101 3181; x_wconf 88' lang='lat' dir='ltr'><strong>sua</strong></span> 
     </span>
    </p>
   </div>
   <div class='ocr_carea' id='block_1_50' title="bbox 519 3216 2102 3289">
    <p class='ocr_par' dir='ltr' id='par_1_50' title="bbox 519 3216 2102 3289">
     <span class='ocr_line' id='line_1_50' title="bbox 519 3216 2102 3289; baseline 0.001 -16"><span class='ocrx_word' id='word_1_335' title='bbox 519 3221 669 3288; x_wconf 69' lang='lat' dir='ltr'><strong>luget</strong></span> <span class='ocrx_word' id='word_1_336' title='bbox 692 3227 937 3287; x_wconf 85' lang='lat' dir='ltr'><strong>peccata,</strong></span> <span class='ocrx_word' id='word_1_337' title='bbox 968 3217 1099 3273; x_wconf 89' lang='lat' dir='ltr'><strong>ltuic</strong></span> <span class='ocrx_word' id='word_1_338' title='bbox 1121 3218 1307 3289; x_wconf 86' lang='lat' dir='ltr'><strong>nullus</strong></span> <span class='ocrx_word' id='word_1_339' title='bbox 1328 3216 1661 3287; x_wconf 83' lang='lat' dir='ltr'><strong>relinquitur</strong></span> <span class='ocrx_word' id='word_1_340' title='bbox 1683 3217 1838 3273; x_wconf 72' lang='lat' dir='ltr'><strong>locus</strong></span> <span class='ocrx_word' id='word_1_341' title='bbox 1866 3218 2102 3274; x_wconf 77' lang='lat' dir='ltr'><strong>alterum</strong></span> 
     </span>
    </p>
   </div>
   <div class='ocr_carea' id='block_1_51' title="bbox 2201 2120 3737 2195">
    <p class='ocr_par' dir='ltr' id='par_1_51' title="bbox 2201 2120 3737 2195">
     <span class='ocr_line' id='line_1_51' title="bbox 2201 2120 3737 2195; baseline 0.003 -20"><span class='ocrx_word' id='word_1_342' title='bbox 2201 2121 2337 2175; x_wconf 79' lang='grc' dir='ltr'>ά).λά</span> <span class='ocrx_word' id='word_1_343' title='bbox 2370 2120 2569 2189; x_wconf 73' lang='grc' dir='ltr'>μᾶλλον</span> <span class='ocrx_word' id='word_1_344' title='bbox 2598 2120 2930 2191; x_wconf 81' lang='grc' dir='ltr'>ἀσκήσωμεν</span> <span class='ocrx_word' id='word_1_345' title='bbox 2967 2121 3028 2173; x_wconf 76' lang='grc' dir='ltr'>τὸ</span> <span class='ocrx_word' id='word_1_346' title='bbox 3064 2122 3284 2188; x_wconf 78' lang='grc' dir='ltr'>πένθος,</span> <span class='ocrx_word' id='word_1_347' title='bbox 3323 2124 3388 2176; x_wconf 85' lang='grc' dir='ltr'>τὸ</span> <span class='ocrx_word' id='word_1_348' title='bbox 3423 2124 3737 2195; x_wconf 74' lang='grc' dir='ltr'>μεμεστωμὲ·</span> 
     </span>
    </p>
   </div>
   <div class='ocr_carea' id='block_1_52' title="bbox 2198 2213 3739 2288">
    <p class='ocr_par' dir='ltr' id='par_1_52' title="bbox 2198 2213 3739 2288">
     <span class='ocr_line' id='line_1_52' title="bbox 2198 2213 3739 2288; baseline 0.003 -22"><span class='ocrx_word' id='word_1_349' title='bbox 2198 2231 2288 2268; x_wconf 83' lang='grc' dir='ltr'><strong>νον</strong></span> <span class='ocrx_word' id='word_1_350' title='bbox 2318 2216 2428 2267; x_wconf 85' lang='grc' dir='ltr'><strong>τῶν</strong></span> <span class='ocrx_word' id='word_1_351' title='bbox 2468 2213 2743 2286; x_wconf 78' lang='grc' dir='ltr'>δακρύων,</span> <span class='ocrx_word' id='word_1_352' title='bbox 2788 2213 2877 2267; x_wconf 82' lang='grc' dir='ltr'><strong>ἴνα</strong></span> <span class='ocrx_word' id='word_1_353' title='bbox 2934 2213 3171 2285; x_wconf 76' lang='grc' dir='ltr'>ρύσηται</span> <span class='ocrx_word' id='word_1_354' title='bbox 3212 2217 3368 2287; x_wconf 75' lang='grc' dir='ltr'>ἡμᾶς</span> <span class='ocrx_word' id='word_1_355' title='bbox 3421 2218 3520 2287; x_wconf 80' lang='grc' dir='ltr'>τῆς</span> <span class='ocrx_word' id='word_1_356' title='bbox 3571 2218 3739 2288; x_wconf 78' lang='grc' dir='ltr'>πικρᾶς</span> 
     </span>
    </p>
   </div>
   <div class='ocr_carea' id='block_1_53' title="bbox 2201 2305 3739 2378">
    <p class='ocr_par' dir='ltr' id='par_1_53' title="bbox 2201 2305 3739 2378">
     <span class='ocr_line' id='line_1_53' title="bbox 2201 2305 3739 2378; baseline 0.001 -18"><span class='ocrx_word' id='word_1_357' title='bbox 2201 2306 2496 2370; x_wconf 77' lang='grc' dir='ltr'>κολάσεως.</span> <span class='ocrx_word' id='word_1_358' title='bbox 2552 2325 2571 2356; x_wconf 83' lang='grc' dir='ltr'><strong>ι</strong></span> <span class='ocrx_word' id='word_1_359' title='bbox 2627 2306 2904 2376; x_wconf 82' lang='grc' dir='ltr'>Μακάριοι</span> <span class='ocrx_word' id='word_1_360' title='bbox 2953 2305 3063 2378; x_wconf 84' lang='grc' dir='ltr'><strong>γὰρ</strong></span> <span class='ocrx_word' id='word_1_361' title='bbox 3101 2309 3152 2360; x_wconf 77' lang='lat' dir='ltr'><strong>ot</strong></span> <span class='ocrx_word' id='word_1_362' title='bbox 3189 2308 3518 2372; x_wconf 76' lang='grc' dir='ltr'>πενθοῦντες</span> <span class='ocrx_word' id='word_1_363' title='bbox 3547 2309 3650 2374; x_wconf 81' lang='grc' dir='ltr'>νῦν,</span> <span class='ocrx_word' id='word_1_364' title='bbox 3676 2308 3739 2362; x_wconf 77' lang='grc' dir='ltr'><strong>ότι</strong></span> 
     </span>
    </p>
   </div>
   <div class='ocr_carea' id='block_1_54' title="bbox 2198 2395 3739 2468">
    <p class='ocr_par' dir='ltr' id='par_1_54' title="bbox 2198 2395 3739 2468">
     <span class='ocr_line' id='line_1_54' title="bbox 2198 2395 3739 2468; baseline -0.001 -18"><span class='ocrx_word' id='word_1_365' title='bbox 2198 2397 2355 2451; x_wconf 73' lang='grc' dir='ltr'>αὐτοὶ</span> <span class='ocrx_word' id='word_1_366' title='bbox 2388 2395 2927 2468; x_wconf 81' lang='grc' dir='ltr'>παρακληθήσονται.</span> <span class='ocrx_word' id='word_1_367' title='bbox 2952 2415 2974 2448; x_wconf 71' lang='grc' dir='ltr'><strong>ε</strong></span> <span class='ocrx_word' id='word_1_368' title='bbox 3021 2398 3081 2450; x_wconf 91' lang='lat'><strong>&#39;0</strong></span> <span class='ocrx_word' id='word_1_369' title='bbox 3113 2397 3223 2467; x_wconf 82' lang='grc' dir='ltr'>γὰρ</span> <span class='ocrx_word' id='word_1_370' title='bbox 3261 2398 3480 2452; x_wconf 82' lang='grc' dir='ltr'>πενθῶν</span> <span class='ocrx_word' id='word_1_371' title='bbox 3506 2401 3568 2453; x_wconf 82' lang='grc' dir='ltr'><strong>τά</strong></span> <span class='ocrx_word' id='word_1_372' title='bbox 3598 2400 3739 2452; x_wconf 73' lang='grc' dir='ltr'>οἰκεῖα</span> 
     </span>
    </p>
   </div>
   <div class='ocr_carea' id='block_1_55' title="bbox 2199 2485 3739 2559">
    <p class='ocr_par' dir='ltr' id='par_1_55' title="bbox 2199 2485 3739 2559">
     <span class='ocr_line' id='line_1_55' title="bbox 2199 2485 3739 2559; baseline -0.001 -19"><span class='ocrx_word' id='word_1_373' title='bbox 2199 2487 2364 2549; x_wconf 85' lang='grc' dir='ltr'>κακὰ,</span> <span class='ocrx_word' id='word_1_374' title='bbox 2403 2488 2465 2540; x_wconf 84' lang='grc' dir='ltr'><strong>ού</strong></span> <span class='ocrx_word' id='word_1_375' title='bbox 2496 2486 2796 2557; x_wconf 76' lang='grc' dir='ltr'>καταγελᾷ,</span> <span class='ocrx_word' id='word_1_376' title='bbox 2822 2487 2943 2541; x_wconf 72' lang='grc' dir='ltr'>οὐδὲ</span> <span class='ocrx_word' id='word_1_377' title='bbox 2975 2485 3308 2559; x_wconf 83' lang='grc' dir='ltr'>μυκτηρίζει</span> <span class='ocrx_word' id='word_1_378' title='bbox 3341 2490 3518 2545; x_wconf 73' lang='grc' dir='ltr'>ἄλλον.</span> <span class='ocrx_word' id='word_1_379' title='bbox 3565 2489 3739 2542; x_wconf 77' lang='grc' dir='ltr'>Ἀκούει</span> 
     </span>
    </p>
   </div>
   <div class='ocr_carea' id='block_1_56' title="bbox 2198 2578 3739 2651">
    <p class='ocr_par' dir='ltr' id='par_1_56' title="bbox 2198 2578 3739 2651">
     <span class='ocr_line' id='line_1_56' title="bbox 2198 2578 3739 2651; baseline 0.001 -19"><span class='ocrx_word' id='word_1_380' title='bbox 2198 2579 2307 2650; x_wconf 80' lang='grc' dir='ltr'><strong>γὰρ</strong></span> <span class='ocrx_word' id='word_1_381' title='bbox 2351 2579 2446 2633; x_wconf 87' lang='grc' dir='ltr'><strong>τοῦ</strong></span> <span class='ocrx_word' id='word_1_382' title='bbox 2494 2578 2906 2648; x_wconf 86' lang='grc' dir='ltr'>Παροιμιαστοῦ</span> <span class='ocrx_word' id='word_1_383' title='bbox 2952 2579 3202 2648; x_wconf 73' lang='grc' dir='ltr'>λέγοντος</span> <span class='ocrx_word' id='word_1_384' title='bbox 3228 2596 3243 2610; x_wconf 73' lang='grc' dir='ltr'><strong>ο</strong></span> <span class='ocrx_word' id='word_1_385' title='bbox 3290 2578 3433 2651; x_wconf 79' lang='grc' dir='ltr'><strong>εΜὴ</strong></span> <span class='ocrx_word' id='word_1_386' title='bbox 3476 2581 3739 2647; x_wconf 79' lang='grc' dir='ltr'>καταγελά-</span> 
     </span>
    </p>
   </div>
   <div class='ocr_carea' id='block_1_57' title="bbox 2201 2668 3736 2743">
    <p class='ocr_par' dir='ltr' id='par_1_57' title="bbox 2201 2668 3736 2743">
     <span class='ocr_line' id='line_1_57' title="bbox 2201 2668 3736 2743; baseline -0.001 -20"><span class='ocrx_word' id='word_1_387' title='bbox 2201 2685 2297 2743; x_wconf 77' lang='grc' dir='ltr'>σῃς</span> <span class='ocrx_word' id='word_1_388' title='bbox 2321 2669 2606 2741; x_wconf 82' lang='grc' dir='ltr'>ἄνθρωπον</span> <span class='ocrx_word' id='word_1_389' title='bbox 2631 2668 2760 2721; x_wconf 77' lang='grc' dir='ltr'>ὄντα</span> <span class='ocrx_word' id='word_1_390' title='bbox 2792 2671 2849 2721; x_wconf 78' lang='grc' dir='ltr'>ὲν</span> <span class='ocrx_word' id='word_1_391' title='bbox 2878 2669 3074 2741; x_wconf 80' lang='grc' dir='ltr'>πικρίᾳ</span> <span class='ocrx_word' id='word_1_392' title='bbox 3102 2668 3288 2740; x_wconf 77' lang='grc' dir='ltr'>ψυχῆς</span> <span class='ocrx_word' id='word_1_393' title='bbox 3319 2671 3506 2724; x_wconf 81' lang='grc' dir='ltr'>αὐτοῦ.</span> <span class='ocrx_word' id='word_1_394' title='bbox 3536 2690 3553 2721; x_wconf 77' lang='grc' dir='ltr'><strong>ι</strong></span> <span class='ocrx_word' id='word_1_395' title='bbox 3607 2669 3697 2722; x_wconf 79' lang='grc' dir='ltr'>Καί</span> <span class='ocrx_word' id='word_1_396' title='bbox 3723 2681 3736 2696; x_wconf 79' lang='grc'><strong><em>⁸</em></strong></span> 
     </span>
    </p>
   </div>
   <div class='ocr_carea' id='block_1_58' title="bbox 2206 2759 3741 2832">
    <p class='ocr_par' dir='ltr' id='par_1_58' title="bbox 2206 2759 3741 2832">
     <span class='ocr_line' id='line_1_58' title="bbox 2206 2759 3741 2832; baseline -0.001 -19"><span class='ocrx_word' id='word_1_397' title='bbox 2206 2780 2224 2813; x_wconf 82' lang='grc' dir='ltr'><strong>ι</strong></span> <span class='ocrx_word' id='word_1_398' title='bbox 2264 2760 2323 2815; x_wconf 86' lang='lat'><strong>&#39;0</strong></span> <span class='ocrx_word' id='word_1_399' title='bbox 2360 2759 2678 2829; x_wconf 83' lang='grc' dir='ltr'>καταγελῶν</span> <span class='ocrx_word' id='word_1_400' title='bbox 2718 2759 2955 2830; x_wconf 80' lang='grc' dir='ltr'>πτωχὸν,</span> <span class='ocrx_word' id='word_1_401' title='bbox 2996 2760 3293 2830; x_wconf 81' lang='grc' dir='ltr'>παροξύνει</span> <span class='ocrx_word' id='word_1_402' title='bbox 3343 2763 3436 2815; x_wconf 84' lang='grc' dir='ltr'>τὸν</span> <span class='ocrx_word' id='word_1_403' title='bbox 3481 2764 3741 2832; x_wconf 80' lang='grc' dir='ltr'>ποιήσαντα</span> 
     </span>
    </p>
   </div>
   <div class='ocr_carea' id='block_1_59' title="bbox 2200 2848 3738 2920">
    <p class='ocr_par' dir='ltr' id='par_1_59' title="bbox 2200 2848 3738 2920">
     <span class='ocr_line' id='line_1_59' title="bbox 2200 2848 3738 2920; baseline -0.003 -16"><span class='ocrx_word' id='word_1_404' title='bbox 2200 2851 2385 2904; x_wconf 83' lang='grc' dir='ltr'>αὐτόν.</span> <span class='ocrx_word' id='word_1_405' title='bbox 2427 2868 2447 2902; x_wconf 77' lang='lat' dir='ltr'><strong>t</strong></span> <span class='ocrx_word' id='word_1_406' title='bbox 2511 2850 2624 2903; x_wconf 80' lang='grc' dir='ltr'><strong>Καὶ</strong></span> <span class='ocrx_word' id='word_1_407' title='bbox 2673 2849 2880 2915; x_wconf 58' lang='grc' dir='ltr'>πάλιν·</span> <span class='ocrx_word' id='word_1_408' title='bbox 2954 2866 2973 2900; x_wconf 82' lang='grc' dir='ltr'><strong>ι</strong></span> <span class='ocrx_word' id='word_1_409' title='bbox 3021 2848 3335 2920; x_wconf 81' lang='grc' dir='ltr'>Ὀφθαλμὸν</span> <span class='ocrx_word' id='word_1_410' title='bbox 3396 2848 3738 2918; x_wconf 75' lang='grc' dir='ltr'>καταγελῶντα</span> 
     </span>
    </p>
   </div>
   <div class='ocr_carea' id='block_1_60' title="bbox 2200 2936 3739 3011">
    <p class='ocr_par' dir='ltr' id='par_1_60' title="bbox 2200 2936 3739 3011">
     <span class='ocr_line' id='line_1_60' title="bbox 2200 2936 3739 3011; baseline -0.003 -18"><span class='ocrx_word' id='word_1_411' title='bbox 2200 2940 2429 3011; x_wconf 81' lang='grc' dir='ltr'>πατρὸς,</span> <span class='ocrx_word' id='word_1_412' title='bbox 2463 2938 2556 2992; x_wconf 73' lang='grc' dir='ltr'>καὶ</span> <span class='ocrx_word' id='word_1_413' title='bbox 2578 2936 2915 3004; x_wconf 74' lang='grc' dir='ltr'>ἀτιμάζοντα</span> <span class='ocrx_word' id='word_1_414' title='bbox 2954 2937 3134 3007; x_wconf 84' lang='grc' dir='ltr'>γῆρας</span> <span class='ocrx_word' id='word_1_415' title='bbox 3171 2940 3406 3010; x_wconf 76' lang='grc' dir='ltr'>μητρὸς,</span> <span class='ocrx_word' id='word_1_416' title='bbox 3448 2940 3739 3009; x_wconf 75' lang='grc' dir='ltr'>ἐκκόψαισαν</span> 
     </span>
    </p>
   </div>
   <div class='ocr_carea' id='block_1_61' title="bbox 2199 3018 3733 3101">
    <p class='ocr_par' dir='ltr' id='par_1_61' title="bbox 2199 3018 3733 3101">
     <span class='ocr_line' id='line_1_61' title="bbox 2199 3018 3733 3101; baseline -0.012 -13"><span class='ocrx_word' id='word_1_417' title='bbox 2199 3030 2366 3088; x_wconf 78' lang='grc' dir='ltr'>αὐτὸν</span> <span class='ocrx_word' id='word_1_418' title='bbox 2391 3018 2633 3101; x_wconf 83' lang='grc' dir='ltr'>κόρακες</span> <span class='ocrx_word' id='word_1_419' title='bbox 2656 3028 2721 3086; x_wconf 67' lang='grc' dir='ltr'>ὲκ</span> <span class='ocrx_word' id='word_1_420' title='bbox 2746 3031 2860 3084; x_wconf 82' lang='grc' dir='ltr'><strong>τῶν</strong></span> <span class='ocrx_word' id='word_1_421' title='bbox 2886 3029 3190 3100; x_wconf 82' lang='grc' dir='ltr'>φαράγγων</span> <span class='ocrx_word' id='word_1_422' title='bbox 3213 3040 3229 3056; x_wconf 81' lang='grc'><em>’</em></span> <span class='ocrx_word' id='word_1_423' title='bbox 3265 3042 3284 3076; x_wconf 75' lang='grc' dir='ltr'><strong>ο</strong></span> <span class='ocrx_word' id='word_1_424' title='bbox 3342 3023 3476 3085; x_wconf 73' lang='grc' dir='ltr'>,τοὺς</span> <span class='ocrx_word' id='word_1_425' title='bbox 3513 3024 3611 3088; x_wconf 85' lang='grc' dir='ltr'>γὰρ</span> <span class='ocrx_word' id='word_1_426' title='bbox 3635 3036 3733 3071; x_wconf 74' lang='grc' dir='ltr'>σκο-</span> 
     </span>
    </p>
   </div>
   <div class='ocr_carea' id='block_1_62' title="bbox 2199 3111 3735 3195">
    <p class='ocr_par' dir='ltr' id='par_1_62' title="bbox 2199 3111 3735 3195">
     <span class='ocr_line' id='line_1_62' title="bbox 2199 3111 3735 3195; baseline -0.012 -13"><span class='ocrx_word' id='word_1_427' title='bbox 2199 3128 2351 3190; x_wconf 83' lang='grc' dir='ltr'>λιοὺς</span> <span class='ocrx_word' id='word_1_428' title='bbox 2391 3125 2533 3195; x_wconf 76' lang='grc' dir='ltr'>πρὸς</span> <span class='ocrx_word' id='word_1_429' title='bbox 2564 3123 2787 3187; x_wconf 79' lang='grc' dir='ltr'>σκολιὰς</span> <span class='ocrx_word' id='word_1_430' title='bbox 2813 3123 2967 3186; x_wconf 81' lang='grc' dir='ltr'>ὁδοὺς</span> <span class='ocrx_word' id='word_1_431' title='bbox 3004 3118 3396 3184; x_wconf 77' lang='grc' dir='ltr'>εξακοστέλλει</span> <span class='ocrx_word' id='word_1_432' title='bbox 3422 3119 3450 3170; x_wconf 85' lang='grc' dir='ltr'><strong>ό</strong></span> <span class='ocrx_word' id='word_1_433' title='bbox 3489 3114 3630 3177; x_wconf 80' lang='grc' dir='ltr'>Θεός.</span> <span class='ocrx_word' id='word_1_434' title='bbox 3650 3111 3735 3166; x_wconf 78' lang='lat' dir='ltr'><strong>Kal</strong></span> 
     </span>
    </p>
   </div>
   <div class='ocr_carea' id='block_1_63' title="bbox 2203 3207 3736 3284">
    <p class='ocr_par' dir='ltr' id='par_1_63' title="bbox 2203 3207 3736 3284">
     <span class='ocr_line' id='line_1_63' title="bbox 2203 3207 3736 3284; baseline 0 -20"><span class='ocrx_word' id='word_1_435' title='bbox 2203 3216 2365 3269; x_wconf 73' lang='grc' dir='ltr'>πάλιν</span> <span class='ocrx_word' id='word_1_436' title='bbox 2387 3227 2400 3245; x_wconf 84' lang='lat'>&#39;</span> <span class='ocrx_word' id='word_1_437' title='bbox 2436 3232 2454 3264; x_wconf 87' lang='grc' dir='ltr'><strong>ι</strong></span> <span class='ocrx_word' id='word_1_438' title='bbox 2491 3214 2837 3284; x_wconf 76' lang='grc' dir='ltr'>Μυκτηρίζει</span> <span class='ocrx_word' id='word_1_439' title='bbox 2867 3213 3095 3276; x_wconf 82' lang='grc' dir='ltr'>πολίτας</span> <span class='ocrx_word' id='word_1_440' title='bbox 3124 3213 3313 3284; x_wconf 79' lang='grc' dir='ltr'>ὲνδεης</span> <span class='ocrx_word' id='word_1_441' title='bbox 3346 3213 3557 3283; x_wconf 80' lang='grc' dir='ltr'>φρενῶν</span> <span class='ocrx_word' id='word_1_442' title='bbox 3582 3227 3594 3241; x_wconf 81' lang='grc'><em>’</em></span> <span class='ocrx_word' id='word_1_443' title='bbox 3626 3207 3736 3277; x_wconf 78' lang='grc' dir='ltr'>ἀνὴρ</span> 
     </span>
    </p>
   </div>
   <div class='ocr_carea' id='block_1_64' title="bbox 523 3303 2099 3385">
    <p class='ocr_par' dir='ltr' id='par_1_64' title="bbox 523 3307 2096 3385">
     <span class='ocr_line' id='line_1_64' title="bbox 523 3307 2096 3385; baseline 0.002 -23"><span class='ocrx_word' id='word_1_444' title='bbox 523 3318 583 3363; x_wconf 87' lang='grc' dir='ltr'><strong>ιιι</strong></span> <span class='ocrx_word' id='word_1_445' title='bbox 605 3309 879 3374; x_wconf 75' lang='lat' dir='ltr'><strong>derideat,</strong></span> <span class='ocrx_word' id='word_1_446' title='bbox 910 3317 1007 3363; x_wconf 86' lang='lat' dir='ltr'><strong>aut</strong></span> <span class='ocrx_word' id='word_1_447' title='bbox 1032 3307 1356 3367; x_wconf 88' lang='lat' dir='ltr'><strong>deridiculis</strong></span> <span class='ocrx_word' id='word_1_448' title='bbox 1391 3308 1578 3363; x_wconf 88' lang='lat' dir='ltr'><strong>sannis</strong></span> <span class='ocrx_word' id='word_1_449' title='bbox 1611 3318 1864 3385; x_wconf 77' lang='lat' dir='ltr'><strong>aspergat</strong></span> <span class='ocrx_word' id='word_1_450' title='bbox 1890 3316 1948 3364; x_wconf 90' lang='lat' dir='ltr'><strong>et</strong></span> <span class='ocrx_word' id='word_1_451' title='bbox 1964 3325 2096 3365; x_wconf 80' lang='lat' dir='ltr'><strong>exa-</strong></span> 
     </span>
    </p>
   </div>
   <div class='ocr_carea' id='block_1_65' title="bbox 2201 3303 3739 3385">
    <p class='ocr_par' dir='ltr' id='par_1_65' title="bbox 2201 3305 3739 3378">
     <span class='ocr_line' id='line_1_65' title="bbox 2201 3305 3739 3378; baseline -0.003 -18"><span class='ocrx_word' id='word_1_452' title='bbox 2201 3306 2257 3360; x_wconf 75' lang='grc' dir='ltr'><strong>δὲ</strong></span> <span class='ocrx_word' id='word_1_453' title='bbox 2289 3305 2575 3378; x_wconf 83' lang='grc' dir='ltr'>φρόνιμος,</span> <span class='ocrx_word' id='word_1_454' title='bbox 2610 3306 2842 3376; x_wconf 77' lang='grc' dir='ltr'>ἡσυχίαν</span> <span class='ocrx_word' id='word_1_455' title='bbox 2869 3305 3013 3375; x_wconf 72' lang='grc' dir='ltr'>ἄγει.</span> <span class='ocrx_word' id='word_1_456' title='bbox 3054 3324 3073 3357; x_wconf 77' lang='grc' dir='ltr'><strong>ι</strong></span> <span class='ocrx_word' id='word_1_457' title='bbox 3115 3306 3174 3361; x_wconf 88' lang='grc'><strong>’0</strong></span> <span class='ocrx_word' id='word_1_458' title='bbox 3209 3306 3271 3361; x_wconf 76' lang='grc' dir='ltr'>δε</span> <span class='ocrx_word' id='word_1_459' title='bbox 3328 3306 3583 3369; x_wconf 74' lang='grc' dir='ltr'>Ἰάκωϐος</span> <span class='ocrx_word' id='word_1_460' title='bbox 3628 3317 3739 3372; x_wconf 81' lang='grc' dir='ltr'>παρ-</span> 
     </span>
    </p>
   </div>
   <div class='ocr_carea' id='block_1_66' title="bbox 521 3397 2101 3468">
    <p class='ocr_par' dir='ltr' id='par_1_66' title="bbox 521 3397 2101 3468">
     <span class='ocr_line' id='line_1_66' title="bbox 521 3397 2101 3468; baseline -0.001 -13"><span class='ocrx_word' id='word_1_461' title='bbox 521 3400 711 3455; x_wconf 76' lang='lat' dir='ltr'><strong>Cerbet</strong></span> <span class='ocrx_word' id='word_1_462' title='bbox 738 3399 985 3454; x_wconf 78' lang='lat' dir='ltr'><strong>fratrem.</strong></span> <span class='ocrx_word' id='word_1_463' title='bbox 1016 3398 1156 3454; x_wconf 82' lang='lat' dir='ltr'><strong>Audi</strong></span> <span class='ocrx_word' id='word_1_464' title='bbox 1193 3399 1363 3463; x_wconf 86' lang='lat' dir='ltr'><strong>enim,</strong></span> <span class='ocrx_word' id='word_1_465' title='bbox 1414 3397 1547 3468; x_wconf 78' lang='lat' dir='ltr'><strong>quid</strong></span> <span class='ocrx_word' id='word_1_466' title='bbox 1607 3398 1757 3463; x_wconf 79' lang='lat' dir='ltr'><strong>dicat</strong></span> <span class='ocrx_word' id='word_1_467' title='bbox 1804 3399 2101 3455; x_wconf 75' lang='lat' dir='ltr'><strong>Partemia-</strong></span> 
     </span>
    </p>
   </div>
   <div class='ocr_carea' id='block_1_67' title="bbox 522 3488 2102 3563">
    <p class='ocr_par' dir='ltr' id='par_1_67' title="bbox 522 3488 2102 3563">
     <span class='ocr_line' id='line_1_67' title="bbox 522 3488 2102 3563; baseline 0.001 -19"><span class='ocrx_word' id='word_1_468' title='bbox 522 3499 664 3546; x_wconf 85' lang='lat' dir='ltr'><strong>stcs:</strong></span> <span class='ocrx_word' id='word_1_469' title='bbox 700 3512 712 3542; x_wconf 82' lang='grc' dir='ltr'><strong>ι</strong></span> <span class='ocrx_word' id='word_1_470' title='bbox 738 3490 817 3545; x_wconf 87' lang='lat' dir='ltr'><strong>Ne</strong></span> <span class='ocrx_word' id='word_1_471' title='bbox 838 3490 1102 3563; x_wconf 84' lang='lat' dir='ltr'><strong>deriseris</strong></span> <span class='ocrx_word' id='word_1_472' title='bbox 1117 3488 1400 3544; x_wconf 87' lang='lat' dir='ltr'><strong>hominem</strong></span> <span class='ocrx_word' id='word_1_473' title='bbox 1426 3490 1483 3543; x_wconf 91' lang='lat' dir='ltr'><strong>in</strong></span> <span class='ocrx_word' id='word_1_474' title='bbox 1504 3489 1875 3546; x_wconf 81' lang='lat' dir='ltr'><strong>amaritudine</strong></span> <span class='ocrx_word' id='word_1_475' title='bbox 1903 3489 2102 3546; x_wconf 65' lang='lat' dir='ltr'><strong>anima:</strong></span> 
     </span>
    </p>
   </div>
   <div class='ocr_carea' id='block_1_68' title="bbox 523 3578 2103 3649">
    <p class='ocr_par' dir='ltr' id='par_1_68' title="bbox 523 3578 2103 3649">
     <span class='ocr_line' id='line_1_68' title="bbox 523 3578 2103 3649; baseline 0.001 -15"><span class='ocrx_word' id='word_1_476' title='bbox 523 3594 638 3634; x_wconf 70' lang='lat' dir='ltr'><strong>sine</strong></span> <span class='ocrx_word' id='word_1_477' title='bbox 673 3578 733 3632; x_wconf 74' lang='grc' dir='ltr'><strong>ι’.</strong></span> <span class='ocrx_word' id='word_1_478' title='bbox 784 3580 898 3633; x_wconf 88' lang='lat' dir='ltr'><strong>Et:</strong></span> <span class='ocrx_word' id='word_1_479' title='bbox 953 3598 972 3631; x_wconf 81' lang='grc' dir='ltr'><strong>ι</strong></span> <span class='ocrx_word' id='word_1_480' title='bbox 1004 3578 1110 3646; x_wconf 86' lang='lat' dir='ltr'><strong>Qui</strong></span> <span class='ocrx_word' id='word_1_481' title='bbox 1167 3579 1383 3645; x_wconf 83' lang='lat' dir='ltr'><strong>deridet</strong></span> <span class='ocrx_word' id='word_1_482' title='bbox 1434 3594 1767 3649; x_wconf 63' lang='lat' dir='ltr'><strong>pauperem</strong></span> <span class='ocrx_word' id='word_1_483' title='bbox 1806 3579 2103 3649; x_wconf 78' lang='lat' dir='ltr'><strong>exacerbat</strong></span> 
     </span>
    </p>
   </div>
   <div class='ocr_carea' id='block_1_69' title="bbox 527 3666 2101 3740">
    <p class='ocr_par' dir='ltr' id='par_1_69' title="bbox 527 3666 2101 3740">
     <span class='ocr_line' id='line_1_69' title="bbox 527 3666 2101 3740; baseline 0.002 -18"><span class='ocrx_word' id='word_1_484' title='bbox 527 3668 814 3723; x_wconf 81' lang='lat' dir='ltr'><strong>Faetoreru</strong></span> <span class='ocrx_word' id='word_1_485' title='bbox 876 3671 1000 3740; x_wconf 86' lang='lat' dir='ltr'><strong>ejus</strong></span> <span class='ocrx_word' id='word_1_486' title='bbox 1031 3668 1098 3722; x_wconf 80' lang='lat'><strong>&quot;.</strong></span> <span class='ocrx_word' id='word_1_487' title='bbox 1131 3688 1150 3720; x_wconf 72' lang='grc' dir='ltr'><strong>ι</strong></span> <span class='ocrx_word' id='word_1_488' title='bbox 1207 3669 1460 3724; x_wconf 79' lang='lat' dir='ltr'><strong>Rursus:</strong></span> <span class='ocrx_word' id='word_1_489' title='bbox 1502 3687 1521 3719; x_wconf 81' lang='grc' dir='ltr'><strong>ι</strong></span> <span class='ocrx_word' id='word_1_490' title='bbox 1560 3666 1792 3723; x_wconf 88' lang='lat' dir='ltr'><strong>Oculum</strong></span> <span class='ocrx_word' id='word_1_491' title='bbox 1846 3669 1975 3740; x_wconf 82' lang='lat' dir='ltr'><strong>ejus</strong></span> <span class='ocrx_word' id='word_1_492' title='bbox 2004 3669 2101 3739; x_wconf 86' lang='lat' dir='ltr'><strong>qui</strong></span> 
     </span>
    </p>
   </div>
   <div class='ocr_carea' id='block_1_70' title="bbox 522 3758 2099 3831">
    <p class='ocr_par' dir='ltr' id='par_1_70' title="bbox 522 3758 2099 3831">
     <span class='ocr_line' id='line_1_70' title="bbox 522 3758 2099 3831; baseline 0.003 -19"><span class='ocrx_word' id='word_1_493' title='bbox 522 3758 737 3815; x_wconf 83' lang='lat' dir='ltr'><strong>deridet</strong></span> <span class='ocrx_word' id='word_1_494' title='bbox 764 3770 996 3830; x_wconf 85' lang='lat' dir='ltr'><strong>patrem,</strong></span> <span class='ocrx_word' id='word_1_495' title='bbox 1011 3766 1070 3815; x_wconf 86' lang='lat' dir='ltr'><strong>et</strong></span> <span class='ocrx_word' id='word_1_496' title='bbox 1086 3760 1181 3831; x_wconf 85' lang='lat' dir='ltr'><strong>qui</strong></span> <span class='ocrx_word' id='word_1_497' title='bbox 1207 3759 1503 3817; x_wconf 87' lang='lat' dir='ltr'><strong>inhonorat</strong></span> <span class='ocrx_word' id='word_1_498' title='bbox 1521 3768 1864 3825; x_wconf 83' lang='lat' dir='ltr'><strong>senectutem</strong></span> <span class='ocrx_word' id='word_1_499' title='bbox 1886 3761 2099 3829; x_wconf 83' lang='lat' dir='ltr'><strong>matris,</strong></span> 
     </span>
    </p>
   </div>
   <div class='ocr_carea' id='block_1_71' title="bbox 523 3846 2100 3919">
    <p class='ocr_par' dir='ltr' id='par_1_71' title="bbox 523 3846 2100 3919">
     <span class='ocr_line' id='line_1_71' title="bbox 523 3846 2100 3919; baseline 0.001 -17"><span class='ocrx_word' id='word_1_500' title='bbox 523 3847 790 3902; x_wconf 81' lang='lat' dir='ltr'><strong>eﬂ‘odient</strong></span> <span class='ocrx_word' id='word_1_501' title='bbox 819 3847 971 3902; x_wconf 82' lang='lat' dir='ltr'><strong>corvi</strong></span> <span class='ocrx_word' id='word_1_502' title='bbox 994 3847 1324 3903; x_wconf 82' lang='lat' dir='ltr'><strong>convallium</strong></span> <span class='ocrx_word' id='word_1_503' title='bbox 1370 3850 1435 3903; x_wconf 82' lang='lat'><strong>“.</strong></span> <span class='ocrx_word' id='word_1_504' title='bbox 1470 3867 1489 3900; x_wconf 70' lang='grc' dir='ltr'><strong>ι</strong></span> <span class='ocrx_word' id='word_1_505' title='bbox 1539 3846 1805 3919; x_wconf 73' lang='lat' dir='ltr'><strong>Malignos</strong></span> <span class='ocrx_word' id='word_1_506' title='bbox 1851 3857 1910 3903; x_wconf 86' lang='lat' dir='ltr'><strong>et</strong></span> <span class='ocrx_word' id='word_1_507' title='bbox 1961 3848 2100 3905; x_wconf 64' lang='lat' dir='ltr'><strong>oblio</strong></span> 
     </span>
    </p>
   </div>
   <div class='ocr_carea' id='block_1_72' title="bbox 521 3932 2105 4011">
    <p class='ocr_par' dir='ltr' id='par_1_72' title="bbox 521 3932 2105 4011">
     <span class='ocr_line' id='line_1_72' title="bbox 521 3932 2105 4011; baseline 0.003 -18"><span class='ocrx_word' id='word_1_508' title='bbox 521 3955 685 4010; x_wconf 82' lang='lat' dir='ltr'><strong>quos,</strong></span> <span class='ocrx_word' id='word_1_509' title='bbox 712 3940 767 3994; x_wconf 89' lang='lat' dir='ltr'><strong>in</strong></span> <span class='ocrx_word' id='word_1_510' title='bbox 784 3940 903 3995; x_wconf 90' lang='lat' dir='ltr'><strong>vias</strong></span> <span class='ocrx_word' id='word_1_511' title='bbox 917 3939 1171 4011; x_wconf 83' lang='lat' dir='ltr'><strong>obliquas</strong></span> <span class='ocrx_word' id='word_1_512' title='bbox 1186 3940 1373 3997; x_wconf 84' lang='lat' dir='ltr'><strong>mittet</strong></span> <span class='ocrx_word' id='word_1_513' title='bbox 1385 3932 1550 3995; x_wconf 80' lang='lat' dir='ltr'><strong>Deus.</strong></span> <span class='ocrx_word' id='word_1_514' title='bbox 1571 3940 1841 3998; x_wconf 80' lang='lat' dir='ltr'><strong>Rursum:</strong></span> <span class='ocrx_word' id='word_1_515' title='bbox 1861 3959 1881 3991; x_wconf 76' lang='grc' dir='ltr'><strong>ι</strong></span> <span class='ocrx_word' id='word_1_516' title='bbox 1899 3938 2003 4008; x_wconf 87' lang='lat' dir='ltr'><strong>Qui</strong></span> <span class='ocrx_word' id='word_1_517' title='bbox 2018 3940 2105 3997; x_wconf 88' lang='lat' dir='ltr'><strong>vir</strong></span> 
     </span>
    </p>
   </div>
   <div class='ocr_carea' id='block_1_73' title="bbox 523 4030 2105 4099">
    <p class='ocr_par' dir='ltr' id='par_1_73' title="bbox 523 4030 2105 4099">
     <span class='ocr_line' id='line_1_73' title="bbox 523 4030 2105 4099; baseline 0.003 -16"><span class='ocrx_word' id='word_1_518' title='bbox 523 4030 742 4085; x_wconf 89' lang='lat' dir='ltr'><strong>deridet</strong></span> <span class='ocrx_word' id='word_1_519' title='bbox 757 4031 905 4087; x_wconf 81' lang='lat' dir='ltr'><strong>cives</strong></span> <span class='ocrx_word' id='word_1_520' title='bbox 920 4045 1074 4099; x_wconf 90' lang='lat' dir='ltr'><strong>suos,</strong></span> <span class='ocrx_word' id='word_1_521' title='bbox 1097 4030 1611 4088; x_wconf 78' lang='lat' dir='ltr'><strong>indeminoratione</strong></span> <span class='ocrx_word' id='word_1_522' title='bbox 1628 4046 1827 4088; x_wconf 78' lang='lat' dir='ltr'><strong>sensus</strong></span> <span class='ocrx_word' id='word_1_523' title='bbox 1850 4032 1959 4088; x_wconf 87' lang='lat' dir='ltr'><strong>erit</strong></span> <span class='ocrx_word' id='word_1_524' title='bbox 1982 4049 1999 4097; x_wconf 92' lang='lat'><strong>;</strong></span> <span class='ocrx_word' id='word_1_525' title='bbox 2021 4033 2105 4087; x_wconf 87' lang='lat' dir='ltr'><strong>vir</strong></span> 
     </span>
    </p>
   </div>
   <div class='ocr_carea' id='block_1_74' title="bbox 524 4120 2100 4190">
    <p class='ocr_par' dir='ltr' id='par_1_74' title="bbox 524 4120 2100 4190">
     <span class='ocr_line' id='line_1_74' title="bbox 524 4120 2100 4190; baseline 0.004 -18"><span class='ocrx_word' id='word_1_526' title='bbox 524 4128 708 4173; x_wconf 87' lang='lat' dir='ltr'><strong>autem</strong></span> <span class='ocrx_word' id='word_1_527' title='bbox 748 4120 993 4190; x_wconf 86' lang='lat' dir='ltr'><strong>prudens</strong></span> <span class='ocrx_word' id='word_1_528' title='bbox 1018 4130 1163 4178; x_wconf 88' lang='lat' dir='ltr'><strong>tacet</strong></span> <span class='ocrx_word' id='word_1_529' title='bbox 1193 4122 1263 4177; x_wconf 80' lang='lat'><strong>&quot;.</strong></span> <span class='ocrx_word' id='word_1_530' title='bbox 1294 4141 1314 4174; x_wconf 74' lang='grc' dir='ltr'><strong>ι</strong></span> <span class='ocrx_word' id='word_1_531' title='bbox 1342 4121 1578 4179; x_wconf 82' lang='lat' dir='ltr'><strong>Iacobus</strong></span> <span class='ocrx_word' id='word_1_532' title='bbox 1598 4122 1901 4185; x_wconf 81' lang='lat' dir='ltr'><strong>admonens</strong></span> <span class='ocrx_word' id='word_1_533' title='bbox 1927 4123 2100 4179; x_wconf 87' lang='lat' dir='ltr'><strong>dicit:</strong></span> 
     </span>
    </p>
   </div>
   <div class='ocr_carea' id='block_1_75' title="bbox 530 4206 2105 4280">
    <p class='ocr_par' dir='ltr' id='par_1_75' title="bbox 530 4206 2105 4280">
     <span class='ocr_line' id='line_1_75' title="bbox 530 4206 2105 4280; baseline 0.002 -16"><span class='ocrx_word' id='word_1_534' title='bbox 530 4206 741 4279; x_wconf 83' lang='lat'><strong>1105</strong></span> <span class='ocrx_word' id='word_1_535' title='bbox 776 4227 796 4262; x_wconf 82' lang='grc' dir='ltr'><strong>ι</strong></span> <span class='ocrx_word' id='word_1_536' title='bbox 820 4208 954 4276; x_wconf 86' lang='lat' dir='ltr'><strong>Quis</strong></span> <span class='ocrx_word' id='word_1_537' title='bbox 973 4210 1192 4280; x_wconf 88' lang='lat' dir='ltr'><strong>sapiens</strong></span> <span class='ocrx_word' id='word_1_538' title='bbox 1215 4222 1273 4267; x_wconf 91' lang='lat' dir='ltr'><strong>et</strong></span> <span class='ocrx_word' id='word_1_539' title='bbox 1301 4212 1481 4269; x_wconf 88' lang='lat' dir='ltr'><strong>sciens</strong></span> <span class='ocrx_word' id='word_1_540' title='bbox 1512 4213 1658 4267; x_wconf 87' lang='lat' dir='ltr'><strong>inter</strong></span> <span class='ocrx_word' id='word_1_541' title='bbox 1685 4212 1819 4269; x_wconf 81' lang='lat' dir='ltr'><strong>vos?</strong></span> <span class='ocrx_word' id='word_1_542' title='bbox 1849 4212 2105 4267; x_wconf 88' lang='lat' dir='ltr'><strong>ostendat</strong></span> 
     </span>
    </p>
   </div>
   <div class='ocr_carea' id='block_1_76' title="bbox 526 4298 2102 4371">
    <p class='ocr_par' dir='ltr' id='par_1_76' title="bbox 526 4298 2102 4371">
     <span class='ocr_line' id='line_1_76' title="bbox 526 4298 2102 4371; baseline 0.003 -20"><span class='ocrx_word' id='word_1_543' title='bbox 526 4312 627 4366; x_wconf 88' lang='lat' dir='ltr'><strong>per</strong></span> <span class='ocrx_word' id='word_1_544' title='bbox 659 4298 858 4353; x_wconf 87' lang='lat' dir='ltr'><strong>bonam</strong></span> <span class='ocrx_word' id='word_1_545' title='bbox 886 4301 1367 4356; x_wconf 87' lang='lat' dir='ltr'><strong>conversationem</strong></span> <span class='ocrx_word' id='word_1_546' title='bbox 1401 4315 1569 4371; x_wconf 86' lang='lat' dir='ltr'><strong>opera</strong></span> <span class='ocrx_word' id='word_1_547' title='bbox 1596 4314 1719 4367; x_wconf 90' lang='lat' dir='ltr'><strong>sua,</strong></span> <span class='ocrx_word' id='word_1_548' title='bbox 1752 4300 1809 4354; x_wconf 91' lang='lat' dir='ltr'><strong>in</strong></span> <span class='ocrx_word' id='word_1_549' title='bbox 1845 4312 2102 4355; x_wconf 82' lang='lat' dir='ltr'><strong>mansue-</strong></span> 
     </span>
    </p>
   </div>
   <div class='ocr_carea' id='block_1_77' title="bbox 531 4388 2105 4462">
    <p class='ocr_par' dir='ltr' id='par_1_77' title="bbox 531 4388 2105 4462">
     <span class='ocr_line' id='line_1_77' title="bbox 531 4388 2105 4462; baseline 0.003 -19"><span class='ocrx_word' id='word_1_550' title='bbox 531 4388 723 4444; x_wconf 89' lang='lat' dir='ltr'><strong>tudine</strong></span> <span class='ocrx_word' id='word_1_551' title='bbox 768 4390 1055 4460; x_wconf 76' lang='lat' dir='ltr'><strong>sapientia:</strong></span> <span class='ocrx_word' id='word_1_552' title='bbox 1103 4391 1171 4446; x_wconf 82' lang='lat'><strong>&quot;.</strong></span> <span class='ocrx_word' id='word_1_553' title='bbox 1213 4410 1233 4445; x_wconf 72' lang='grc' dir='ltr'><strong>ι</strong></span> <span class='ocrx_word' id='word_1_554' title='bbox 1296 4392 1538 4451; x_wconf 86' lang='lat' dir='ltr'><strong>Paulus:</strong></span> <span class='ocrx_word' id='word_1_555' title='bbox 1583 4410 1603 4444; x_wconf 79' lang='grc' dir='ltr'><strong>ι</strong></span> <span class='ocrx_word' id='word_1_556' title='bbox 1643 4392 1974 4462; x_wconf 84' lang='lat' dir='ltr'><strong>Turpitudo,</strong></span> <span class='ocrx_word' id='word_1_557' title='bbox 2006 4399 2105 4447; x_wconf 79' lang='lat' dir='ltr'><strong>aut</strong></span> 
     </span>
    </p>
   </div>
   <div class='ocr_carea' id='block_1_78' title="bbox 531 4479 2103 4554">
    <p class='ocr_par' dir='ltr' id='par_1_78' title="bbox 531 4479 2103 4554">
     <span class='ocr_line' id='line_1_78' title="bbox 531 4479 2103 4554; baseline 0.003 -21"><span class='ocrx_word' id='word_1_558' title='bbox 531 4479 956 4550; x_wconf 86' lang='lat' dir='ltr'><strong>stultiloquium,</strong></span> <span class='ocrx_word' id='word_1_559' title='bbox 985 4490 1081 4536; x_wconf 90' lang='lat' dir='ltr'><strong>aut</strong></span> <span class='ocrx_word' id='word_1_560' title='bbox 1108 4482 1415 4538; x_wconf 85' lang='lat' dir='ltr'><strong>scurrilitas</strong></span> <span class='ocrx_word' id='word_1_561' title='bbox 1441 4498 1564 4554; x_wconf 62' lang='lat' dir='ltr'><strong>quae</strong></span> <span class='ocrx_word' id='word_1_562' title='bbox 1586 4482 1653 4538; x_wconf 90' lang='lat' dir='ltr'><strong>ad</strong></span> <span class='ocrx_word' id='word_1_563' title='bbox 1686 4497 1801 4538; x_wconf 85' lang='lat' dir='ltr'><strong>rem</strong></span> <span class='ocrx_word' id='word_1_564' title='bbox 1835 4498 1944 4537; x_wconf 91' lang='lat' dir='ltr'><strong>non</strong></span> <span class='ocrx_word' id='word_1_565' title='bbox 1974 4498 2103 4552; x_wconf 87' lang='lat' dir='ltr'><strong>per-</strong></span> 
     </span>
    </p>
   </div>
   <div class='ocr_carea' id='block_1_79' title="bbox 2200 3394 3735 3468">
    <p class='ocr_par' dir='ltr' id='par_1_79' title="bbox 2200 3394 3735 3468">
     <span class='ocr_line' id='line_1_79' title="bbox 2200 3394 3735 3468; baseline -0.001 -16"><span class='ocrx_word' id='word_1_566' title='bbox 2200 3397 2370 3452; x_wconf 85' lang='grc' dir='ltr'>αινῶν</span> <span class='ocrx_word' id='word_1_567' title='bbox 2421 3396 2607 3465; x_wconf 74' lang='grc' dir='ltr'>ἔλεγεν</span> <span class='ocrx_word' id='word_1_568' title='bbox 2634 3413 2650 3427; x_wconf 86' lang='grc'><strong>·</strong></span> <span class='ocrx_word' id='word_1_569' title='bbox 2687 3415 2707 3447; x_wconf 79' lang='grc' dir='ltr'><strong>ι</strong></span> <span class='ocrx_word' id='word_1_570' title='bbox 2736 3395 2832 3460; x_wconf 85' lang='grc' dir='ltr'><strong>Τίς</strong></span> <span class='ocrx_word' id='word_1_571' title='bbox 2858 3396 3024 3466; x_wconf 69' lang='grc' dir='ltr'>σοφὸς</span> <span class='ocrx_word' id='word_1_572' title='bbox 3048 3397 3143 3451; x_wconf 74' lang='grc' dir='ltr'>καὶ</span> <span class='ocrx_word' id='word_1_573' title='bbox 3178 3398 3505 3468; x_wconf 72' lang='grc' dir='ltr'>επιστήμων</span> <span class='ocrx_word' id='word_1_574' title='bbox 3527 3397 3580 3449; x_wconf 76' lang='grc' dir='ltr'>ὲν</span> <span class='ocrx_word' id='word_1_575' title='bbox 3602 3394 3735 3462; x_wconf 56' lang='lat' dir='ltr'><strong>dph:</strong></span> 
     </span>
    </p>
   </div>
   <div class='ocr_carea' id='block_1_80' title="bbox 2200 3478 3738 3559">
    <p class='ocr_par' dir='ltr' id='par_1_80' title="bbox 2200 3478 3738 3559">
     <span class='ocr_line' id='line_1_80' title="bbox 2200 3478 3738 3559; baseline -0.007 -16"><span class='ocrx_word' id='word_1_576' title='bbox 2200 3489 2430 3554; x_wconf 76' lang='grc' dir='ltr'>δειξάτω</span> <span class='ocrx_word' id='word_1_577' title='bbox 2459 3490 2525 3542; x_wconf 72' lang='grc' dir='ltr'>ὲκ</span> <span class='ocrx_word' id='word_1_578' title='bbox 2553 3487 2655 3555; x_wconf 83' lang='grc' dir='ltr'>τῆς</span> <span class='ocrx_word' id='word_1_579' title='bbox 2677 3487 2851 3559; x_wconf 81' lang='grc' dir='ltr'>καλῆς</span> <span class='ocrx_word' id='word_1_580' title='bbox 2894 3487 3250 3559; x_wconf 77' lang='grc' dir='ltr'>ἀναστροφῆς</span> <span class='ocrx_word' id='word_1_581' title='bbox 3301 3488 3373 3543; x_wconf 75' lang='grc' dir='ltr'>τὰ</span> <span class='ocrx_word' id='word_1_582' title='bbox 3431 3487 3564 3555; x_wconf 70' lang='grc' dir='ltr'>ἔργα</span> <span class='ocrx_word' id='word_1_583' title='bbox 3605 3478 3738 3537; x_wconf 76' lang='grc' dir='ltr'>αὐτοῦ</span> 
     </span>
    </p>
   </div>
   <div class='ocr_carea' id='block_1_81' title="bbox 2201 3568 3739 3652">
    <p class='ocr_par' dir='ltr' id='par_1_81' title="bbox 2201 3568 3739 3652">
     <span class='ocr_line' id='line_1_81' title="bbox 2201 3568 3739 3652; baseline -0.004 -19"><span class='ocrx_word' id='word_1_584' title='bbox 2201 3582 2261 3634; x_wconf 79' lang='grc' dir='ltr'><strong>εν</strong></span> <span class='ocrx_word' id='word_1_585' title='bbox 2295 3579 2561 3652; x_wconf 75' lang='grc' dir='ltr'>πραότητι</span> <span class='ocrx_word' id='word_1_586' title='bbox 2585 3578 2797 3648; x_wconf 79' lang='grc' dir='ltr'>σοφίας.</span> <span class='ocrx_word' id='word_1_587' title='bbox 2832 3597 2851 3630; x_wconf 74' lang='grc' dir='ltr'><strong>ι</strong></span> <span class='ocrx_word' id='word_1_588' title='bbox 2887 3579 3015 3634; x_wconf 59' lang='grc' dir='ltr'>Καί</span> <span class='ocrx_word' id='word_1_589' title='bbox 3035 3580 3064 3632; x_wconf 83' lang='grc' dir='ltr'><strong><em>ὁ</em></strong></span> <span class='ocrx_word' id='word_1_590' title='bbox 3091 3568 3308 3641; x_wconf 78' lang='grc' dir='ltr'>Παῦλός</span> <span class='ocrx_word' id='word_1_591' title='bbox 3342 3594 3509 3649; x_wconf 82' lang='grc' dir='ltr'>φησιν</span> <span class='ocrx_word' id='word_1_592' title='bbox 3537 3589 3552 3605; x_wconf 77' lang='grc'><strong><em>⁸</em></strong></span> <span class='ocrx_word' id='word_1_593' title='bbox 3609 3592 3628 3624; x_wconf 81' lang='grc' dir='ltr'><strong>ι</strong></span> <span class='ocrx_word' id='word_1_594' title='bbox 3660 3570 3739 3627; x_wconf 80' lang='grc' dir='ltr'><strong>Δί-</strong></span> 
     </span>
    </p>
   </div>
   <div class='ocr_carea' id='block_1_82' title="bbox 2203 3664 3738 3742">
    <p class='ocr_par' dir='ltr' id='par_1_82' title="bbox 2203 3664 3738 3742">
     <span class='ocr_line' id='line_1_82' title="bbox 2203 3664 3738 3742; baseline 0 -17"><span class='ocrx_word' id='word_1_595' title='bbox 2203 3672 2459 3742; x_wconf 75' lang='grc' dir='ltr'>σχρότης,</span> <span class='ocrx_word' id='word_1_596' title='bbox 2493 3669 2528 3740; x_wconf 79' lang='grc' dir='ltr'>ἢ</span> <span class='ocrx_word' id='word_1_597' title='bbox 2560 3668 2894 3740; x_wconf 77' lang='grc' dir='ltr'>μωρολογία,</span> <span class='ocrx_word' id='word_1_598' title='bbox 2916 3669 2951 3739; x_wconf 76' lang='grc' dir='ltr'>ἢ</span> <span class='ocrx_word' id='word_1_599' title='bbox 2975 3669 3337 3740; x_wconf 74' lang='grc' dir='ltr'>εὐτραπελία,</span> <span class='ocrx_word' id='word_1_600' title='bbox 3368 3669 3406 3724; x_wconf 76' lang='grc' dir='ltr'>ἃ.</span> <span class='ocrx_word' id='word_1_601' title='bbox 3430 3669 3529 3723; x_wconf 86' lang='grc' dir='ltr'>οὐκ</span> <span class='ocrx_word' id='word_1_602' title='bbox 3553 3664 3738 3736; x_wconf 64' lang='grc' dir='ltr'>ἀνῆκεν,</span> 
     </span>
    </p>
   </div>
   <div class='ocr_carea' id='block_1_83' title="bbox 2205 3749 3738 3837">
    <p class='ocr_par' dir='ltr' id='par_1_83' title="bbox 2205 3749 3738 3837">
     <span class='ocr_line' id='line_1_83' title="bbox 2205 3749 3738 3837; baseline -0.007 -20"><span class='ocrx_word' id='word_1_603' title='bbox 2205 3762 2340 3837; x_wconf 65' lang='grc' dir='ltr'>μηδι</span> <span class='ocrx_word' id='word_1_604' title='bbox 2402 3759 2755 3834; x_wconf 80' lang='grc' dir='ltr'>ὀνομαζέσθω</span> <span class='ocrx_word' id='word_1_605' title='bbox 2803 3762 2864 3815; x_wconf 73' lang='grc' dir='ltr'><strong>εν</strong></span> <span class='ocrx_word' id='word_1_606' title='bbox 2916 3760 3066 3831; x_wconf 79' lang='grc' dir='ltr'>ὑμῖν.</span> <span class='ocrx_word' id='word_1_607' title='bbox 3108 3779 3127 3813; x_wconf 76' lang='grc' dir='ltr'><strong>ι</strong></span> <span class='ocrx_word' id='word_1_608' title='bbox 3171 3760 3622 3830; x_wconf 72' lang='grc' dir='ltr'>Λυσιτελεστερον</span> <span class='ocrx_word' id='word_1_609' title='bbox 3665 3749 3738 3807; x_wconf 80' lang='grc' dir='ltr'>οὖν</span> 
     </span>
    </p>
   </div>
   <div class='ocr_carea' id='block_1_84' title="bbox 2203 3848 3738 3925">
    <p class='ocr_par' dir='ltr' id='par_1_84' title="bbox 2203 3848 3738 3925">
     <span class='ocr_line' id='line_1_84' title="bbox 2203 3848 3738 3925; baseline -0.008 -15"><span class='ocrx_word' id='word_1_610' title='bbox 2203 3850 2320 3910; x_wconf 61' lang='lat' dir='ltr'><strong>{est</strong></span> <span class='ocrx_word' id='word_1_611' title='bbox 2386 3853 2615 3925; x_wconf 78' lang='grc' dir='ltr'>μᾶλλον,</span> <span class='ocrx_word' id='word_1_612' title='bbox 2660 3851 3092 3920; x_wconf 74' lang='grc' dir='ltr'>καταγελᾶσθαι,</span> <span class='ocrx_word' id='word_1_613' title='bbox 3121 3850 3157 3922; x_wconf 68' lang='grc' dir='ltr'>ἢ</span> <span class='ocrx_word' id='word_1_614' title='bbox 3191 3851 3526 3923; x_wconf 76' lang='grc' dir='ltr'>καταγελᾷν.</span> <span class='ocrx_word' id='word_1_615' title='bbox 3566 3848 3738 3902; x_wconf 78' lang='grc' dir='ltr'>Δίκαια</span> 
     </span>
    </p>
   </div>
   <div class='ocr_carea' id='block_1_85' title="bbox 2200 3939 3739 4015">
    <p class='ocr_par' dir='ltr' id='par_1_85' title="bbox 2200 3939 3739 4015">
     <span class='ocr_line' id='line_1_85' title="bbox 2200 3939 3739 4015; baseline -0.006 -16"><span class='ocrx_word' id='word_1_616' title='bbox 2200 3943 2312 4015; x_wconf 81' lang='grc' dir='ltr'>γὰρ</span> <span class='ocrx_word' id='word_1_617' title='bbox 2360 3940 2790 4012; x_wconf 79' lang='grc' dir='ltr'>καταγελῶνται.</span> <span class='ocrx_word' id='word_1_618' title='bbox 2848 3939 3243 4013; x_wconf 83' lang='grc' dir='ltr'>Παραδίδονται</span> <span class='ocrx_word' id='word_1_619' title='bbox 3289 3942 3405 4014; x_wconf 80' lang='grc' dir='ltr'>γὰρ</span> <span class='ocrx_word' id='word_1_620' title='bbox 3455 3943 3533 4005; x_wconf 85' lang='grc' dir='ltr'><strong>εἰς</strong></span> <span class='ocrx_word' id='word_1_621' title='bbox 3583 3940 3739 4010; x_wconf 79' lang='grc' dir='ltr'>χεῖρας</span> 
     </span>
    </p>
   </div>
   <div class='ocr_carea' id='block_1_86' title="bbox 2204 4028 3740 4107">
    <p class='ocr_par' dir='ltr' id='par_1_86' title="bbox 2204 4028 3740 4107">
     <span class='ocr_line' id='line_1_86' title="bbox 2204 4028 3740 4107; baseline -0.007 -16"><span class='ocrx_word' id='word_1_622' title='bbox 2204 4034 2546 4107; x_wconf 78' lang='grc' dir='ltr'>ἁμαρτωλῶν</span> <span class='ocrx_word' id='word_1_623' title='bbox 2577 4033 2699 4107; x_wconf 78' lang='grc' dir='ltr'>[καὶ</span> <span class='ocrx_word' id='word_1_624' title='bbox 2737 4032 3002 4105; x_wconf 71' lang='grc' dir='ltr'>ἀσεϐῶν1,</span> <span class='ocrx_word' id='word_1_625' title='bbox 3050 4034 3194 4088; x_wconf 79' lang='grc' dir='ltr'>κατὰ</span> <span class='ocrx_word' id='word_1_626' title='bbox 3237 4033 3336 4087; x_wconf 72' lang='grc' dir='ltr'>τὸν</span> <span class='ocrx_word' id='word_1_627' title='bbox 3402 4031 3541 4087; x_wconf 74' lang='grc' dir='ltr'>Ἰὼϐ.</span> <span class='ocrx_word' id='word_1_628' title='bbox 3583 4028 3680 4085; x_wconf 78' lang='grc' dir='ltr'><strong>Καὶ</strong></span> <span class='ocrx_word' id='word_1_629' title='bbox 3715 4028 3740 4080; x_wconf 78' lang='grc' dir='ltr'><strong>ό</strong></span> 
     </span>
    </p>
   </div>
   <div class='ocr_carea' id='block_1_87' title="bbox 2217 4120 3739 4197">
    <p class='ocr_par' dir='ltr' id='par_1_87' title="bbox 2217 4120 3739 4197">
     <span class='ocr_line' id='line_1_87' title="bbox 2217 4120 3739 4197; baseline 0.022 -22"><span class='ocrx_word' id='word_1_630' title='bbox 2217 4125 2494 4197; x_wconf 74' lang='grc' dir='ltr'>’Υμνῳδός</span> <span class='ocrx_word' id='word_1_631' title='bbox 2516 4142 2682 4196; x_wconf 82' lang='grc' dir='ltr'>φησιν</span> <span class='ocrx_word' id='word_1_632' title='bbox 2703 4139 2720 4154; x_wconf 86' lang='grc'>⁶</span> <span class='ocrx_word' id='word_1_633' title='bbox 2747 4143 2766 4176; x_wconf 83' lang='grc' dir='ltr'><strong>ε</strong></span> <span class='ocrx_word' id='word_1_634' title='bbox 2792 4126 2926 4178; x_wconf 82' lang='grc' dir='ltr'>Κατ’</span> <span class='ocrx_word' id='word_1_635' title='bbox 2955 4124 3090 4193; x_wconf 73' lang='grc' dir='ltr'>ἐμοῦ</span> <span class='ocrx_word' id='word_1_636' title='bbox 3114 4123 3446 4195; x_wconf 77' lang='grc' dir='ltr'>ἡδολέσκουν</span> <span class='ocrx_word' id='word_1_637' title='bbox 3464 4124 3515 4178; x_wconf 46' lang='grc' dir='ltr'><strong>οἱ</strong></span> <span class='ocrx_word' id='word_1_638' title='bbox 3532 4120 3739 4187; x_wconf 54' lang='lat' dir='ltr'><strong>“om”.</strong></span> 
     </span>
    </p>
   </div>
   <div class='ocr_carea' id='block_1_88' title="bbox 2202 4206 3734 4288">
    <p class='ocr_par' dir='ltr' id='par_1_88' title="bbox 2202 4206 3734 4288">
     <span class='ocr_line' id='line_1_88' title="bbox 2202 4206 3734 4288; baseline -0.005 -18"><span class='ocrx_word' id='word_1_639' title='bbox 2202 4233 2299 4271; x_wconf 81' lang='grc' dir='ltr'>νοι·</span> <span class='ocrx_word' id='word_1_640' title='bbox 2316 4218 2375 4270; x_wconf 82' lang='grc' dir='ltr'>ὲν</span> <span class='ocrx_word' id='word_1_641' title='bbox 2410 4215 2584 4288; x_wconf 76' lang='grc' dir='ltr'>πύλη,</span> <span class='ocrx_word' id='word_1_642' title='bbox 2614 4216 2708 4268; x_wconf 83' lang='grc' dir='ltr'>καὶ</span> <span class='ocrx_word' id='word_1_643' title='bbox 2728 4216 2809 4279; x_wconf 81' lang='grc' dir='ltr'><strong>είς</strong></span> <span class='ocrx_word' id='word_1_644' title='bbox 2834 4214 2936 4286; x_wconf 64' lang='grc' dir='ltr'><strong>ἐμὲ</strong></span> <span class='ocrx_word' id='word_1_645' title='bbox 2968 4213 3197 4283; x_wconf 71' lang='grc' dir='ltr'>ἔψαλλον</span> <span class='ocrx_word' id='word_1_646' title='bbox 3219 4215 3285 4269; x_wconf 85' lang='grc' dir='ltr'><strong>οι.</strong></span> <span class='ocrx_word' id='word_1_647' title='bbox 3298 4214 3547 4276; x_wconf 86' lang='grc' dir='ltr'>πίνοντες</span> <span class='ocrx_word' id='word_1_648' title='bbox 3569 4206 3734 4264; x_wconf 73' lang='grc' dir='ltr'>οἶνον.»</span> 
     </span>
    </p>
   </div>
   <div class='ocr_carea' id='block_1_89' title="bbox 2205 4296 3738 4378">
    <p class='ocr_par' dir='ltr' id='par_1_89' title="bbox 2205 4296 3738 4378">
     <span class='ocr_line' id='line_1_89' title="bbox 2205 4296 3738 4378; baseline -0.007 -15"><span class='ocrx_word' id='word_1_649' title='bbox 2205 4309 2314 4363; x_wconf 79' lang='grc' dir='ltr'><strong>Καί</strong></span> <span class='ocrx_word' id='word_1_650' title='bbox 2334 4326 2351 4353; x_wconf 64' lang='grc' dir='ltr'><strong>ε</strong></span> <span class='ocrx_word' id='word_1_651' title='bbox 2393 4325 2413 4361; x_wconf 80' lang='grc' dir='ltr'><strong>ι</strong></span> <span class='ocrx_word' id='word_1_652' title='bbox 2448 4309 2512 4361; x_wconf 75' lang='lat' dir='ltr'><strong>Ol</strong></span> <span class='ocrx_word' id='word_1_653' title='bbox 2538 4296 2839 4378; x_wconf 72' lang='grc' dir='ltr'>ὀνειδισμοὶ</span> <span class='ocrx_word' id='word_1_654' title='bbox 2854 4306 2966 4360; x_wconf 86' lang='grc' dir='ltr'><strong>τῶν</strong></span> <span class='ocrx_word' id='word_1_655' title='bbox 2993 4305 3374 4371; x_wconf 79' lang='grc' dir='ltr'>ὀνειδιζόντων</span> <span class='ocrx_word' id='word_1_656' title='bbox 3399 4322 3484 4371; x_wconf 84' lang='grc' dir='ltr'><strong>σε,</strong></span> <span class='ocrx_word' id='word_1_657' title='bbox 3508 4304 3738 4358; x_wconf 62' lang='lat' dir='ltr'><strong>brium</strong></span> 
     </span>
    </p>
   </div>
   <div class='ocr_carea' id='block_1_90' title="bbox 2205 4388 3735 4470">
    <p class='ocr_par' dir='ltr' id='par_1_90' title="bbox 2205 4388 3735 4470">
     <span class='ocr_line' id='line_1_90' title="bbox 2205 4388 3735 4470; baseline -0.008 -15"><span class='ocrx_word' id='word_1_658' title='bbox 2205 4401 2290 4455; x_wconf 69' lang='lat' dir='ltr'><strong>tn‘</strong></span> <span class='ocrx_word' id='word_1_659' title='bbox 2320 4400 2443 4470; x_wconf 71' lang='grc' dir='ltr'>ἐμέ.</span> <span class='ocrx_word' id='word_1_660' title='bbox 2475 4419 2495 4452; x_wconf 74' lang='grc' dir='ltr'><strong>ι</strong></span> <span class='ocrx_word' id='word_1_661' title='bbox 2538 4398 2873 4470; x_wconf 74' lang='grc' dir='ltr'>Φοδηθῶμεν</span> <span class='ocrx_word' id='word_1_662' title='bbox 2898 4392 2997 4453; x_wconf 79' lang='grc' dir='ltr'><strong>οῦν</strong></span> <span class='ocrx_word' id='word_1_663' title='bbox 3027 4398 3126 4453; x_wconf 79' lang='grc' dir='ltr'><strong>τοῦ</strong></span> <span class='ocrx_word' id='word_1_664' title='bbox 3169 4397 3384 4469; x_wconf 77' lang='grc' dir='ltr'>Κυρίου</span> <span class='ocrx_word' id='word_1_665' title='bbox 3422 4397 3520 4468; x_wconf 70' lang='grc' dir='ltr'>τὴν</span> <span class='ocrx_word' id='word_1_666' title='bbox 3546 4388 3735 4459; x_wconf 78' lang='grc' dir='ltr'>ἀπειλὴν</span> 
     </span>
    </p>
   </div>
   <div class='ocr_carea' id='block_1_91' title="bbox 2202 4481 3736 4561">
    <p class='ocr_par' dir='ltr' id='par_1_91' title="bbox 2202 4481 3736 4561">
     <span class='ocr_line' id='line_1_91' title="bbox 2202 4481 3736 4561; baseline -0.002 -16"><span class='ocrx_word' id='word_1_667' title='bbox 2202 4492 2451 4561; x_wconf 78' lang='grc' dir='ltr'>λέγοντος</span> <span class='ocrx_word' id='word_1_668' title='bbox 2476 4508 2489 4523; x_wconf 91' lang='grc'><strong>·</strong></span> <span class='ocrx_word' id='word_1_669' title='bbox 2522 4509 2542 4544; x_wconf 81' lang='grc' dir='ltr'><strong>ι</strong></span> <span class='ocrx_word' id='word_1_670' title='bbox 2567 4491 2705 4545; x_wconf 71' lang='grc' dir='ltr'><strong>Οὐαὶ</strong></span> <span class='ocrx_word' id='word_1_671' title='bbox 2732 4489 3077 4560; x_wconf 71' lang='grc' dir='ltr'>οίιγελῶντες</span> <span class='ocrx_word' id='word_1_672' title='bbox 3096 4489 3218 4557; x_wconf 84' lang='grc' dir='ltr'>νῦν,</span> <span class='ocrx_word' id='word_1_673' title='bbox 3235 4489 3321 4544; x_wconf 76' lang='grc' dir='ltr'>δτι</span> <span class='ocrx_word' id='word_1_674' title='bbox 3345 4488 3636 4560; x_wconf 80' lang='grc' dir='ltr'>κλαύσετε,</span> <span class='ocrx_word' id='word_1_675' title='bbox 3665 4481 3736 4533; x_wconf 71' lang='grc' dir='ltr'>καὶ</span> 
     </span>
    </p>
   </div>
   <div class='ocr_carea' id='block_1_92' title="bbox 530 4571 2099 4656">
    <p class='ocr_par' dir='ltr' id='par_1_92' title="bbox 530 4573 2099 4645">
     <span class='ocr_line' id='line_1_92' title="bbox 530 4573 2099 4645; baseline 0.002 -20"><span class='ocrx_word' id='word_1_676' title='bbox 530 4573 727 4635; x_wconf 88' lang='lat' dir='ltr'><strong>tinent,</strong></span> <span class='ocrx_word' id='word_1_677' title='bbox 760 4588 831 4627; x_wconf 89' lang='lat' dir='ltr'><strong>ne</strong></span> <span class='ocrx_word' id='word_1_678' title='bbox 857 4573 1212 4628; x_wconf 88' lang='lat' dir='ltr'><strong>nominentur</strong></span> <span class='ocrx_word' id='word_1_679' title='bbox 1240 4574 1464 4645; x_wconf 86' lang='lat' dir='ltr'><strong>quidem</strong></span> <span class='ocrx_word' id='word_1_680' title='bbox 1502 4574 1556 4629; x_wconf 91' lang='lat' dir='ltr'><strong>in</strong></span> <span class='ocrx_word' id='word_1_681' title='bbox 1591 4574 1747 4630; x_wconf 84' lang='lat' dir='ltr'><strong>vobis</strong></span> <span class='ocrx_word' id='word_1_682' title='bbox 1782 4574 1848 4628; x_wconf 72' lang='lat'><strong>“.</strong></span> <span class='ocrx_word' id='word_1_683' title='bbox 1872 4592 1897 4626; x_wconf 69' lang='grc' dir='ltr'><strong>ι</strong></span> <span class='ocrx_word' id='word_1_684' title='bbox 1935 4573 2099 4628; x_wconf 78' lang='lat' dir='ltr'><strong>Multo</strong></span> 
     </span>
    </p>
   </div>
   <div class='ocr_carea' id='block_1_93' title="bbox 2201 4571 3734 4656">
    <p class='ocr_par' dir='ltr' id='par_1_93' title="bbox 2204 4571 3734 4656">
     <span class='ocr_line' id='line_1_93' title="bbox 2204 4571 3734 4656; baseline -0.003 -19"><span class='ocrx_word' id='word_1_685' title='bbox 2204 4583 2522 4656; x_wconf 81' lang='grc' dir='ltr'>θρηνήσετε.</span> <span class='ocrx_word' id='word_1_686' title='bbox 2560 4601 2582 4637; x_wconf 76' lang='grc' dir='ltr'><strong>ι</strong></span> <span class='ocrx_word' id='word_1_687' title='bbox 2644 4581 2997 4653; x_wconf 78' lang='grc' dir='ltr'>’Δποστῶμεν</span> <span class='ocrx_word' id='word_1_688' title='bbox 3047 4580 3143 4635; x_wconf 80' lang='grc' dir='ltr'><strong>οῦν</strong></span> <span class='ocrx_word' id='word_1_689' title='bbox 3189 4583 3287 4635; x_wconf 68' lang='grc' dir='ltr'>καὶ</span> <span class='ocrx_word' id='word_1_690' title='bbox 3333 4580 3432 4635; x_wconf 82' lang='grc' dir='ltr'><strong>τοῦ</strong></span> <span class='ocrx_word' id='word_1_691' title='bbox 3473 4571 3734 4644; x_wconf 66' lang='grc' dir='ltr'>καταγελᾷν</span> 
     </span>
    </p>
   </div>
   <div class='ocr_carea' id='block_1_94' title="bbox 528 4648 2099 4744">
    <p class='ocr_par' dir='ltr' id='par_1_94' title="bbox 528 4661 2099 4735">
     <span class='ocr_line' id='line_1_94' title="bbox 528 4661 2099 4735; baseline 0.003 -22"><span class='ocrx_word' id='word_1_692' title='bbox 528 4661 695 4732; x_wconf 68' lang='lat' dir='ltr'><strong>igitur</strong></span> <span class='ocrx_word' id='word_1_693' title='bbox 722 4661 994 4732; x_wconf 79' lang='lat' dir='ltr'><strong>profuerit</strong></span> <span class='ocrx_word' id='word_1_694' title='bbox 1022 4662 1266 4718; x_wconf 88' lang='lat' dir='ltr'><strong>derideri</strong></span> <span class='ocrx_word' id='word_1_695' title='bbox 1291 4673 1365 4727; x_wconf 91' lang='lat' dir='ltr'><strong>te,</strong></span> <span class='ocrx_word' id='word_1_696' title='bbox 1402 4681 1570 4735; x_wconf 87' lang='lat' dir='ltr'><strong>quam</strong></span> <span class='ocrx_word' id='word_1_697' title='bbox 1632 4680 1803 4720; x_wconf 91' lang='lat' dir='ltr'><strong>unum</strong></span> <span class='ocrx_word' id='word_1_698' title='bbox 1860 4665 2099 4733; x_wconf 83' lang='lat' dir='ltr'><strong>aliquem</strong></span> 
     </span>
    </p>
   </div>
   <div class='ocr_carea' id='block_1_95' title="bbox 2201 4648 3732 4744">
    <p class='ocr_par' dir='ltr' id='par_1_95' title="bbox 2202 4648 3732 4744">
     <span class='ocr_line' id='line_1_95' title="bbox 2202 4648 3732 4744; baseline -0.007 -18"><span class='ocrx_word' id='word_1_699' title='bbox 2202 4648 2380 4735; x_wconf 53' lang='grc' dir='ltr'>τινοςέ</span> <span class='ocrx_word' id='word_1_700' title='bbox 2441 4673 2550 4728; x_wconf 72' lang='grc' dir='ltr'>ἀπὸ</span> <span class='ocrx_word' id='word_1_701' title='bbox 2585 4673 2695 4744; x_wconf 85' lang='grc' dir='ltr'><strong>γὰρ</strong></span> <span class='ocrx_word' id='word_1_702' title='bbox 2724 4648 2958 4742; x_wconf 72' lang='grc' dir='ltr'>ἀφοϐίας</span> <span class='ocrx_word' id='word_1_703' title='bbox 2988 4669 3128 4725; x_wconf 86' lang='grc' dir='ltr'>Θεοῦ</span> <span class='ocrx_word' id='word_1_704' title='bbox 3170 4672 3389 4741; x_wconf 84' lang='grc' dir='ltr'>γίνεται</span> <span class='ocrx_word' id='word_1_705' title='bbox 3436 4670 3497 4724; x_wconf 81' lang='grc' dir='ltr'><strong>τὺ</strong></span> <span class='ocrx_word' id='word_1_706' title='bbox 3544 4675 3732 4726; x_wconf 76' lang='grc' dir='ltr'>καταγε-</span> 
     </span>
    </p>
   </div>
   <div class='ocr_carea' id='block_1_96' title="bbox 528 4752 2099 4821">
    <p class='ocr_par' dir='ltr' id='par_1_96' title="bbox 528 4752 2099 4821">
     <span class='ocr_line' id='line_1_96' title="bbox 528 4752 2099 4821; baseline 0.004 -17"><span class='ocrx_word' id='word_1_707' title='bbox 528 4761 589 4804; x_wconf 92' lang='lat' dir='ltr'><strong>ut</strong></span> <span class='ocrx_word' id='word_1_708' title='bbox 626 4752 740 4821; x_wconf 87' lang='lat' dir='ltr'><strong>ipse</strong></span> <span class='ocrx_word' id='word_1_709' title='bbox 779 4752 1054 4808; x_wconf 89' lang='lat' dir='ltr'><strong>derideas.</strong></span> <span class='ocrx_word' id='word_1_710' title='bbox 1117 4754 1256 4810; x_wconf 88' lang='lat' dir='ltr'><strong>Iusti</strong></span> <span class='ocrx_word' id='word_1_711' title='bbox 1304 4756 1451 4811; x_wconf 88' lang='lat' dir='ltr'><strong>enim</strong></span> <span class='ocrx_word' id='word_1_712' title='bbox 1501 4755 1714 4812; x_wconf 84' lang='lat' dir='ltr'><strong>derisui</strong></span> <span class='ocrx_word' id='word_1_713' title='bbox 1748 4771 1813 4811; x_wconf 90' lang='lat' dir='ltr'><strong>ac</strong></span> <span class='ocrx_word' id='word_1_714' title='bbox 1854 4756 2099 4811; x_wconf 87' lang='lat' dir='ltr'><strong>ludibrio</strong></span> 
     </span>
    </p>
   </div>
   <div class='ocr_carea' id='block_1_97' title="bbox 526 4840 2101 4913">
    <p class='ocr_par' dir='ltr' id='par_1_97' title="bbox 526 4840 2101 4913">
     <span class='ocr_line' id='line_1_97' title="bbox 526 4840 2101 4913; baseline 0.006 -21"><span class='ocrx_word' id='word_1_715' title='bbox 526 4840 717 4894; x_wconf 86' lang='lat' dir='ltr'><strong>haberi</strong></span> <span class='ocrx_word' id='word_1_716' title='bbox 750 4842 950 4903; x_wconf 86' lang='lat' dir='ltr'><strong>solent,</strong></span> <span class='ocrx_word' id='word_1_717' title='bbox 987 4858 1095 4898; x_wconf 92' lang='lat' dir='ltr'><strong>non</strong></span> <span class='ocrx_word' id='word_1_718' title='bbox 1124 4844 1252 4898; x_wconf 87' lang='lat' dir='ltr'><strong>item</strong></span> <span class='ocrx_word' id='word_1_719' title='bbox 1283 4845 1580 4913; x_wconf 86' lang='lat' dir='ltr'><strong>deridere;</strong></span> <span class='ocrx_word' id='word_1_720' title='bbox 1608 4846 1901 4910; x_wconf 87' lang='lat' dir='ltr'><strong>traduntur</strong></span> <span class='ocrx_word' id='word_1_721' title='bbox 1948 4847 2101 4905; x_wconf 87' lang='lat' dir='ltr'><strong>enim</strong></span> 
     </span>
    </p>
   </div>
   <div class='ocr_carea' id='block_1_98' title="bbox 527 4931 2098 5009">
    <p class='ocr_par' dir='ltr' id='par_1_98' title="bbox 527 4931 2098 5009">
     <span class='ocr_line' id='line_1_98' title="bbox 527 4931 2098 5009; baseline 0.008 -25"><span class='ocrx_word' id='word_1_722' title='bbox 527 4931 580 4983; x_wconf 92' lang='lat' dir='ltr'><strong>in</strong></span> <span class='ocrx_word' id='word_1_723' title='bbox 607 4948 801 4988; x_wconf 86' lang='lat' dir='ltr'><strong>manus</strong></span> <span class='ocrx_word' id='word_1_724' title='bbox 821 4943 1172 5003; x_wconf 87' lang='lat' dir='ltr'><strong>peccatorum</strong></span> <span class='ocrx_word' id='word_1_725' title='bbox 1195 4938 1259 5004; x_wconf 74' lang='grc'><strong>’⁸,</strong></span> <span class='ocrx_word' id='word_1_726' title='bbox 1279 4940 1434 5009; x_wconf 86' lang='lat' dir='ltr'><strong>juxta</strong></span> <span class='ocrx_word' id='word_1_727' title='bbox 1460 4939 1724 4994; x_wconf 90' lang='lat' dir='ltr'><strong>beatiIob</strong></span> <span class='ocrx_word' id='word_1_728' title='bbox 1745 4940 2098 5007; x_wconf 77' lang='lat' dir='ltr'><strong>sententiam.</strong></span> 
     </span>
    </p>
   </div>
   <div class='ocr_carea' id='block_1_99' title="bbox 526 5024 2096 5103">
    <p class='ocr_par' dir='ltr' id='par_1_99' title="bbox 526 5024 2096 5103">
     <span class='ocr_line' id='line_1_99' title="bbox 526 5024 2096 5103; baseline 0.005 -25"><span class='ocrx_word' id='word_1_729' title='bbox 526 5024 593 5078; x_wconf 87' lang='lat' dir='ltr'><strong>Et</strong></span> <span class='ocrx_word' id='word_1_730' title='bbox 617 5026 977 5084; x_wconf 81' lang='lat' dir='ltr'><strong>meliicusille</strong></span> <span class='ocrx_word' id='word_1_731' title='bbox 1006 5041 1308 5087; x_wconf 87' lang='lat' dir='ltr'><strong>conccntor</strong></span> <span class='ocrx_word' id='word_1_732' title='bbox 1328 5033 1701 5103; x_wconf 86' lang='lat' dir='ltr'><strong>hymnorum:</strong></span> <span class='ocrx_word' id='word_1_733' title='bbox 1743 5050 1759 5083; x_wconf 79' lang='grc' dir='ltr'><strong>ι</strong></span> <span class='ocrx_word' id='word_1_734' title='bbox 1792 5032 2096 5089; x_wconf 83' lang='lat' dir='ltr'><strong>Adversum</strong></span> 
     </span>
    </p>
   </div>
   <div class='ocr_carea' id='block_1_100' title="bbox 527 5115 2098 5192">
    <p class='ocr_par' dir='ltr' id='par_1_100' title="bbox 527 5115 2098 5192">
     <span class='ocr_line' id='line_1_100' title="bbox 527 5115 2098 5192; baseline 0.009 -28"><span class='ocrx_word' id='word_1_735' title='bbox 527 5130 611 5166; x_wconf 86' lang='lat' dir='ltr'><strong>me</strong></span> <span class='ocrx_word' id='word_1_736' title='bbox 662 5115 1052 5185; x_wconf 87' lang='lat' dir='ltr'><strong>loquebantur,</strong></span> <span class='ocrx_word' id='word_1_737' title='bbox 1112 5121 1207 5189; x_wconf 90' lang='lat' dir='ltr'><strong>qui</strong></span> <span class='ocrx_word' id='word_1_738' title='bbox 1246 5121 1604 5189; x_wconf 32' lang='lat' dir='ltr'><strong>se‘debantlin</strong></span> <span class='ocrx_word' id='word_1_739' title='bbox 1638 5130 1818 5192; x_wconf 86' lang='lat' dir='ltr'><strong>porta,</strong></span> <span class='ocrx_word' id='word_1_740' title='bbox 1841 5134 1899 5178; x_wconf 90' lang='lat' dir='ltr'><strong>et</strong></span> <span class='ocrx_word' id='word_1_741' title='bbox 1929 5122 1983 5177; x_wconf 91' lang='lat' dir='ltr'><strong>in</strong></span> <span class='ocrx_word' id='word_1_742' title='bbox 2012 5139 2098 5178; x_wconf 89' lang='lat' dir='ltr'><strong>me</strong></span> 
     </span>
    </p>
   </div>
   <div class='ocr_carea' id='block_1_101' title="bbox 525 5208 2101 5285">
    <p class='ocr_par' dir='ltr' id='par_1_101' title="bbox 525 5208 2101 5285">
     <span class='ocr_line' id='line_1_101' title="bbox 525 5208 2101 5285; baseline -0.001 -25"><span class='ocrx_word' id='word_1_743' title='bbox 525 5208 850 5274; x_wconf 79' lang='lat' dir='ltr'><strong>psallebant,</strong></span> <span class='ocrx_word' id='word_1_744' title='bbox 883 5211 979 5280; x_wconf 91' lang='lat' dir='ltr'><strong>qui</strong></span> <span class='ocrx_word' id='word_1_745' title='bbox 1004 5211 1266 5267; x_wconf 89' lang='lat' dir='ltr'><strong>bibebant</strong></span> <span class='ocrx_word' id='word_1_746' title='bbox 1289 5212 1479 5267; x_wconf 89' lang='lat' dir='ltr'><strong>vinum</strong></span> <span class='ocrx_word' id='word_1_747' title='bbox 1513 5214 1580 5267; x_wconf 78' lang='lat'><strong>&quot;.</strong></span> <span class='ocrx_word' id='word_1_748' title='bbox 1617 5233 1636 5266; x_wconf 76' lang='grc' dir='ltr'><strong>ι</strong></span> <span class='ocrx_word' id='word_1_749' title='bbox 1675 5214 1781 5269; x_wconf 87' lang='grc' dir='ltr'>Ει;</span> <span class='ocrx_word' id='word_1_750' title='bbox 1832 5234 1849 5265; x_wconf 82' lang='grc' dir='ltr'><strong>ι</strong></span> <span class='ocrx_word' id='word_1_751' title='bbox 1886 5214 2101 5285; x_wconf 69' lang='lat' dir='ltr'><strong>Oppi-0..</strong></span> 
     </span>
    </p>
   </div>
   <div class='ocr_carea' id='block_1_102' title="bbox 528 5297 2094 5377">
    <p class='ocr_par' dir='ltr' id='par_1_102' title="bbox 528 5297 2094 5377">
     <span class='ocr_line' id='line_1_102' title="bbox 528 5297 2094 5377; baseline 0.008 -27"><span class='ocrx_word' id='word_1_752' title='bbox 528 5297 642 5353; x_wconf 88' lang='lat' dir='ltr'><strong>bria</strong></span> <span class='ocrx_word' id='word_1_753' title='bbox 679 5303 1131 5371; x_wconf 77' lang='lat' dir='ltr'><strong>exprobrantium</strong></span> <span class='ocrx_word' id='word_1_754' title='bbox 1163 5305 1260 5360; x_wconf 85' lang='lat' dir='ltr'><strong>tibi</strong></span> <span class='ocrx_word' id='word_1_755' title='bbox 1299 5304 1624 5361; x_wconf 87' lang='lat' dir='ltr'><strong>ceciderunt</strong></span> <span class='ocrx_word' id='word_1_756' title='bbox 1657 5323 1822 5377; x_wconf 89' lang='lat' dir='ltr'><strong>super</strong></span> <span class='ocrx_word' id='word_1_757' title='bbox 1861 5324 1946 5363; x_wconf 85' lang='lat' dir='ltr'><strong>me</strong></span> <span class='ocrx_word' id='word_1_758' title='bbox 1974 5308 2038 5362; x_wconf 73' lang='grc'><strong>’⁷.</strong></span> <span class='ocrx_word' id='word_1_759' title='bbox 2078 5327 2094 5358; x_wconf 78' lang='grc'>›</span> 
     </span>
    </p>
   </div>
   <div class='ocr_carea' id='block_1_103' title="bbox 2203 4755 3729 4836">
    <p class='ocr_par' dir='ltr' id='par_1_103' title="bbox 2203 4755 3729 4836">
     <span class='ocr_line' id='line_1_103' title="bbox 2203 4755 3729 4836; baseline -0.005 -18"><span class='ocrx_word' id='word_1_760' title='bbox 2203 4764 2304 4836; x_wconf 74' lang='grc' dir='ltr'><strong>λᾷν</strong></span> <span class='ocrx_word' id='word_1_761' title='bbox 2329 4779 2343 4793; x_wconf 86' lang='grc'><strong>·</strong></span> <span class='ocrx_word' id='word_1_762' title='bbox 2368 4762 2461 4817; x_wconf 85' lang='grc' dir='ltr'>-ἴνα</span> <span class='ocrx_word' id='word_1_763' title='bbox 2485 4762 2562 4835; x_wconf 85' lang='grc' dir='ltr'>μὴ</span> <span class='ocrx_word' id='word_1_764' title='bbox 2588 4762 2916 4833; x_wconf 82' lang='grc' dir='ltr'>ἀκούσωμεν</span> <span class='ocrx_word' id='word_1_765' title='bbox 2944 4765 3041 4817; x_wconf 73' lang='grc' dir='ltr'>καὶ</span> <span class='ocrx_word' id='word_1_766' title='bbox 3059 4765 3221 4834; x_wconf 82' lang='grc' dir='ltr'>ἡμεῖς</span> <span class='ocrx_word' id='word_1_767' title='bbox 3247 4763 3400 4832; x_wconf 84' lang='grc' dir='ltr'>παρὰ</span> <span class='ocrx_word' id='word_1_768' title='bbox 3421 4760 3515 4814; x_wconf 86' lang='grc' dir='ltr'><strong>τοῦ</strong></span> <span class='ocrx_word' id='word_1_769' title='bbox 3544 4755 3729 4826; x_wconf 67' lang='grc' dir='ltr'>Κυρίου»</span> 
     </span>
    </p>
   </div>
   <div class='ocr_carea' id='block_1_104' title="bbox 2211 4844 3729 4927">
    <p class='ocr_par' dir='ltr' id='par_1_104' title="bbox 2211 4844 3729 4927">
     <span class='ocr_line' id='line_1_104' title="bbox 2211 4844 3729 4927; baseline -0.009 -19"><span class='ocrx_word' id='word_1_770' title='bbox 2211 4875 2230 4908; x_wconf 85' lang='grc' dir='ltr'><strong>ι</strong></span> <span class='ocrx_word' id='word_1_771' title='bbox 2254 4854 2577 4926; x_wconf 79' lang='grc' dir='ltr'>ἰ’ποκριτὰ,</span> <span class='ocrx_word' id='word_1_772' title='bbox 2606 4853 2804 4908; x_wconf 78' lang='grc' dir='ltr'>ἔκϐαλε</span> <span class='ocrx_word' id='word_1_773' title='bbox 2835 4854 3051 4927; x_wconf 84' lang='grc' dir='ltr'>πρῶτον</span> <span class='ocrx_word' id='word_1_774' title='bbox 3072 4857 3172 4925; x_wconf 78' lang='grc' dir='ltr'>τὴν</span> <span class='ocrx_word' id='word_1_775' title='bbox 3193 4854 3348 4908; x_wconf 82' lang='grc' dir='ltr'>δοκὸν</span> <span class='ocrx_word' id='word_1_776' title='bbox 3375 4855 3440 4906; x_wconf 76' lang='grc' dir='ltr'>ἐκ</span> <span class='ocrx_word' id='word_1_777' title='bbox 3459 4850 3548 4904; x_wconf 85' lang='grc' dir='ltr'><strong>τοῦ</strong></span> <span class='ocrx_word' id='word_1_778' title='bbox 3570 4844 3729 4915; x_wconf 47' lang='lat'><strong>@011-</strong></span> 
     </span>
    </p>
   </div>
   <div class='ocr_carea' id='block_1_105' title="bbox 2209 4936 3731 5018">
    <p class='ocr_par' dir='ltr' id='par_1_105' title="bbox 2209 4936 3731 5018">
     <span class='ocr_line' id='line_1_105' title="bbox 2209 4936 3731 5018; baseline -0.007 -17"><span class='ocrx_word' id='word_1_779' title='bbox 2209 4947 2310 5018; x_wconf 87' lang='grc' dir='ltr'><strong>μοῦ</strong></span> <span class='ocrx_word' id='word_1_780' title='bbox 2343 4963 2459 5000; x_wconf 93' lang='grc' dir='ltr'>σου.</span> <span class='ocrx_word' id='word_1_781' title='bbox 2488 4964 2507 4997; x_wconf 75' lang='lat' dir='ltr'><strong>t</strong></span> <span class='ocrx_word' id='word_1_782' title='bbox 2541 4946 2652 4999; x_wconf 76' lang='grc' dir='ltr'><strong>Καὶ</strong></span> <span class='ocrx_word' id='word_1_783' title='bbox 2686 4946 2849 5000; x_wconf 80' lang='grc' dir='ltr'>πάλιν</span> <span class='ocrx_word' id='word_1_784' title='bbox 2882 4961 2898 4978; x_wconf 86' lang='grc'><strong>·</strong></span> <span class='ocrx_word' id='word_1_785' title='bbox 2952 4965 2970 4998; x_wconf 85' lang='grc' dir='ltr'><strong>ι</strong></span> <span class='ocrx_word' id='word_1_786' title='bbox 3014 4946 3076 5000; x_wconf 86' lang='lat'><strong>&#39;0</strong></span> <span class='ocrx_word' id='word_1_787' title='bbox 3118 4945 3354 5016; x_wconf 74' lang='grc' dir='ltr'>πονηρὸς</span> <span class='ocrx_word' id='word_1_788' title='bbox 3391 4943 3655 5013; x_wconf 77' lang='grc' dir='ltr'>ἄνθρωπος</span> <span class='ocrx_word' id='word_1_789' title='bbox 3686 4936 3731 4984; x_wconf 74' lang='grc' dir='ltr'><strong>ἐκ</strong></span> 
     </span>
    </p>
   </div>
   <div class='ocr_carea' id='block_1_106' title="bbox 2205 5027 3731 5109">
    <p class='ocr_par' dir='ltr' id='par_1_106' title="bbox 2205 5027 3731 5109">
     <span class='ocr_line' id='line_1_106' title="bbox 2205 5027 3731 5109; baseline 0.003 -19"><span class='ocrx_word' id='word_1_790' title='bbox 2205 5036 2300 5091; x_wconf 82' lang='grc' dir='ltr'><strong>τοῦ</strong></span> <span class='ocrx_word' id='word_1_791' title='bbox 2325 5036 2567 5109; x_wconf 83' lang='grc' dir='ltr'>πονηροῦ</span> <span class='ocrx_word' id='word_1_792' title='bbox 2594 5036 2869 5108; x_wconf 87' lang='grc' dir='ltr'>θησαυροῦ</span> <span class='ocrx_word' id='word_1_793' title='bbox 2896 5039 2998 5108; x_wconf 81' lang='grc' dir='ltr'>τῆς</span> <span class='ocrx_word' id='word_1_794' title='bbox 3024 5038 3253 5107; x_wconf 82' lang='grc' dir='ltr'>καρδίας</span> <span class='ocrx_word' id='word_1_795' title='bbox 3283 5035 3454 5089; x_wconf 80' lang='grc' dir='ltr'>αὑτοῦ</span> <span class='ocrx_word' id='word_1_796' title='bbox 3481 5027 3731 5104; x_wconf 62' lang='grc' dir='ltr'>προσφέρει</span> 
     </span>
    </p>
   </div>
   <div class='ocr_carea' id='block_1_107' title="bbox 2207 5124 3733 5199">
    <p class='ocr_par' dir='ltr' id='par_1_107' title="bbox 2207 5124 3733 5199">
     <span class='ocr_line' id='line_1_107' title="bbox 2207 5124 3733 5199; baseline -0.001 -19"><span class='ocrx_word' id='word_1_797' title='bbox 2207 5128 2267 5180; x_wconf 82' lang='grc' dir='ltr'>τὸ</span> <span class='ocrx_word' id='word_1_798' title='bbox 2289 5127 2547 5198; x_wconf 83' lang='grc' dir='ltr'>πονηρόν.</span> <span class='ocrx_word' id='word_1_799' title='bbox 2597 5128 2693 5180; x_wconf 84' lang='grc' dir='ltr'>Ἐκ</span> <span class='ocrx_word' id='word_1_800' title='bbox 2722 5128 2832 5199; x_wconf 82' lang='grc' dir='ltr'>γὰρ</span> <span class='ocrx_word' id='word_1_801' title='bbox 2876 5126 2971 5180; x_wconf 84' lang='grc' dir='ltr'><strong>τοῦ</strong></span> <span class='ocrx_word' id='word_1_802' title='bbox 3007 5125 3451 5196; x_wconf 84' lang='grc' dir='ltr'>περισσεύματος</span> <span class='ocrx_word' id='word_1_803' title='bbox 3491 5124 3583 5189; x_wconf 69' lang='grc' dir='ltr'>τῆς</span> <span class='ocrx_word' id='word_1_804' title='bbox 3637 5128 3733 5179; x_wconf 65' lang='grc' dir='ltr'>καθ’</span> 
     </span>
    </p>
   </div>
   <div class='ocr_carea' id='block_1_108' title="bbox 2206 5206 3731 5289">
    <p class='ocr_par' dir='ltr' id='par_1_108' title="bbox 2206 5206 3731 5289">
     <span class='ocr_line' id='line_1_108' title="bbox 2206 5206 3731 5289; baseline -0.008 -16"><span class='ocrx_word' id='word_1_805' title='bbox 2206 5219 2324 5283; x_wconf 79' lang='grc' dir='ltr'>δίας</span> <span class='ocrx_word' id='word_1_806' title='bbox 2359 5216 2526 5272; x_wconf 81' lang='grc' dir='ltr'>αὑτοῦ</span> <span class='ocrx_word' id='word_1_807' title='bbox 2559 5217 2710 5272; x_wconf 78' lang='grc' dir='ltr'>λαλεῖ</span> <span class='ocrx_word' id='word_1_808' title='bbox 2730 5218 2792 5271; x_wconf 83' lang='grc' dir='ltr'>τὸ</span> <span class='ocrx_word' id='word_1_809' title='bbox 2824 5219 3023 5288; x_wconf 85' lang='grc' dir='ltr'>στόμα.</span> <span class='ocrx_word' id='word_1_810' title='bbox 3060 5237 3078 5267; x_wconf 74' lang='grc' dir='ltr'><strong>ι</strong></span> <span class='ocrx_word' id='word_1_811' title='bbox 3117 5217 3208 5289; x_wconf 81' lang='grc' dir='ltr'><strong>Τῷ</strong></span> <span class='ocrx_word' id='word_1_812' title='bbox 3234 5218 3289 5270; x_wconf 78' lang='grc' dir='ltr'><strong>δὲ</strong></span> <span class='ocrx_word' id='word_1_813' title='bbox 3322 5206 3546 5286; x_wconf 78' lang='grc' dir='ltr'>Χριστῷ</span> <span class='ocrx_word' id='word_1_814' title='bbox 3573 5210 3731 5279; x_wconf 78' lang='grc' dir='ltr'>πρέπει</span> 
     </span>
    </p>
   </div>
   <div class='ocr_carea' id='block_1_109' title="bbox 2209 5308 3071 5380">
    <p class='ocr_par' dir='ltr' id='par_1_109' title="bbox 2209 5308 3071 5380">
     <span class='ocr_line' id='line_1_109' title="bbox 2209 5308 3071 5380; baseline -0.001 -18"><span class='ocrx_word' id='word_1_815' title='bbox 2209 5308 2335 5374; x_wconf 78' lang='grc' dir='ltr'>δόξα</span> <span class='ocrx_word' id='word_1_816' title='bbox 2364 5312 2442 5374; x_wconf 87' lang='grc' dir='ltr'><strong>είς</strong></span> <span class='ocrx_word' id='word_1_817' title='bbox 2466 5309 2591 5372; x_wconf 79' lang='grc' dir='ltr'>τοὺς</span> <span class='ocrx_word' id='word_1_818' title='bbox 2620 5309 2839 5372; x_wconf 82' lang='grc' dir='ltr'>αἰῶνας.</span> <span class='ocrx_word' id='word_1_819' title='bbox 2880 5311 3071 5380; x_wconf 79' lang='grc' dir='ltr'>Ἀμήν.</span> 
     </span>
    </p>
   </div>
   <div class='ocr_carea' id='block_1_110' title="bbox 528 5385 3730 5471">
    <p class='ocr_par' dir='ltr' id='par_1_110' title="bbox 528 5385 3730 5471">
     <span class='ocr_line' id='line_1_110' title="bbox 528 5385 3730 5471; baseline 0.002 -29"><span class='ocrx_word' id='word_1_820' title='bbox 528 5391 740 5447; x_wconf 78' lang='lat' dir='ltr'><strong>Domini</strong></span> <span class='ocrx_word' id='word_1_821' title='bbox 792 5395 974 5464; x_wconf 85' lang='lat' dir='ltr'><strong>itaque</strong></span> <span class='ocrx_word' id='word_1_822' title='bbox 1018 5395 1524 5454; x_wconf 85' lang='lat' dir='ltr'><strong>interminationem</strong></span> <span class='ocrx_word' id='word_1_823' title='bbox 1559 5400 1706 5454; x_wconf 87' lang='lat' dir='ltr'><strong>illam</strong></span> <span class='ocrx_word' id='word_1_824' title='bbox 1771 5401 1861 5470; x_wconf 90' lang='lat' dir='ltr'><strong>pio</strong></span> <span class='ocrx_word' id='word_1_825' title='bbox 1893 5411 2131 5457; x_wconf 84' lang='lat' dir='ltr'><strong>tremore</strong></span> <span class='ocrx_word' id='word_1_826' title='bbox 2172 5403 2388 5456; x_wconf 86' lang='lat' dir='ltr'><strong>accensi</strong></span> <span class='ocrx_word' id='word_1_827' title='bbox 2456 5417 2811 5456; x_wconf 85' lang='lat' dir='ltr'><strong>revereamur</strong></span> <span class='ocrx_word' id='word_1_828' title='bbox 2855 5417 2961 5471; x_wconf 89' lang='lat' dir='ltr'><strong>qua</strong></span> <span class='ocrx_word' id='word_1_829' title='bbox 3012 5402 3190 5457; x_wconf 90' lang='lat' dir='ltr'><strong>dicit:</strong></span> <span class='ocrx_word' id='word_1_830' title='bbox 3255 5420 3273 5452; x_wconf 79' lang='grc' dir='ltr'><strong>ι</strong></span> <span class='ocrx_word' id='word_1_831' title='bbox 3305 5400 3399 5454; x_wconf 73' lang='lat' dir='ltr'><strong>Vae</strong></span> <span class='ocrx_word' id='word_1_832' title='bbox 3447 5397 3539 5468; x_wconf 86' lang='lat' dir='ltr'><strong>qui</strong></span> <span class='ocrx_word' id='word_1_833' title='bbox 3578 5385 3730 5446; x_wconf 75' lang='lat' dir='ltr'><strong>ridelis</strong></span> 
     </span>
    </p>
   </div>
   <div class='ocr_carea' id='block_1_111' title="bbox 525 5486 3727 5565">
    <p class='ocr_par' dir='ltr' id='par_1_111' title="bbox 525 5486 3727 5565">
     <span class='ocr_line' id='line_1_111' title="bbox 525 5486 3727 5565; baseline 0 -30"><span class='ocrx_word' id='word_1_834' title='bbox 525 5497 691 5548; x_wconf 84' lang='lat' dir='ltr'><strong>nunc,</strong></span> <span class='ocrx_word' id='word_1_835' title='bbox 724 5487 851 5554; x_wconf 89' lang='lat' dir='ltr'><strong>quia</strong></span> <span class='ocrx_word' id='word_1_836' title='bbox 887 5487 1090 5542; x_wconf 84' lang='lat' dir='ltr'><strong>ﬂebitis</strong></span> <span class='ocrx_word' id='word_1_837' title='bbox 1135 5497 1193 5544; x_wconf 90' lang='lat' dir='ltr'><strong>et</strong></span> <span class='ocrx_word' id='word_1_838' title='bbox 1230 5489 1488 5562; x_wconf 81' lang='lat' dir='ltr'><strong>lugebitis</strong></span> <span class='ocrx_word' id='word_1_839' title='bbox 1511 5491 1576 5547; x_wconf 75' lang='grc'><strong>’⁸.</strong></span> <span class='ocrx_word' id='word_1_840' title='bbox 1616 5511 1634 5543; x_wconf 73' lang='grc' dir='ltr'><strong>ι</strong></span> <span class='ocrx_word' id='word_1_841' title='bbox 1690 5493 1975 5549; x_wconf 88' lang='lat' dir='ltr'><strong>Neminem</strong></span> <span class='ocrx_word' id='word_1_842' title='bbox 2010 5494 2272 5563; x_wconf 79' lang='lat' dir='ltr'><strong>deinceps</strong></span> <span class='ocrx_word' id='word_1_843' title='bbox 2328 5494 2630 5548; x_wconf 83' lang='lat' dir='ltr'><strong>habeamus</strong></span> <span class='ocrx_word' id='word_1_844' title='bbox 2694 5494 2899 5547; x_wconf 78' lang='lat' dir='ltr'><strong>derisui</strong></span> <span class='ocrx_word' id='word_1_845' title='bbox 2926 5494 3153 5565; x_wconf 82' lang='lat' dir='ltr'><strong>(dcrisio</strong></span> <span class='ocrx_word' id='word_1_846' title='bbox 3210 5492 3356 5546; x_wconf 89' lang='lat' dir='ltr'><strong>enim</strong></span> <span class='ocrx_word' id='word_1_847' title='bbox 3408 5486 3727 5559; x_wconf 72' lang='lat' dir='ltr'><strong>proximipel&#39;</strong></span> 
     </span>
    </p>
   </div>
   <div class='ocr_carea' id='block_1_112' title="bbox 596 5616 2099 5691">
    <p class='ocr_par' dir='ltr' id='par_1_112' title="bbox 596 5616 2099 5691">
     <span class='ocr_line' id='line_1_112' title="bbox 596 5616 2099 5691; baseline 0.001 -19"><span class='ocrx_word' id='word_1_848' title='bbox 596 5616 861 5691; x_wconf 68' lang='lat' dir='ltr'><strong>“_Illatth.</strong></span> <span class='ocrx_word' id='word_1_849' title='bbox 896 5637 1008 5688; x_wconf 84' lang='lat' dir='ltr'><strong>xm,</strong></span> <span class='ocrx_word' id='word_1_850' title='bbox 1045 5621 1230 5677; x_wconf 57' lang='lat'><strong>55-57.</strong></span> <span class='ocrx_word' id='word_1_851' title='bbox 1308 5621 1352 5655; x_wconf 83' lang='grc'>¹⁸</span> <span class='ocrx_word' id='word_1_852' title='bbox 1385 5622 1576 5679; x_wconf 79' lang='lat' dir='ltr'><strong>Matth.</strong></span> <span class='ocrx_word' id='word_1_853' title='bbox 1607 5640 1661 5686; x_wconf 70' lang='grc' dir='ltr'>ν.</span> <span class='ocrx_word' id='word_1_854' title='bbox 1688 5626 1740 5681; x_wconf 82' lang='grc'>5.</span> <span class='ocrx_word' id='word_1_855' title='bbox 1821 5627 1863 5659; x_wconf 75' lang='grc' dir='ltr'><strong>ιε’</strong></span> <span class='ocrx_word' id='word_1_856' title='bbox 1890 5627 2061 5682; x_wconf 83' lang='lat' dir='ltr'><strong>Eccli.</strong></span> <span class='ocrx_word' id='word_1_857' title='bbox 2096 5644 2099 5653; x_wconf 61' lang='grc' dir='ltr'><strong>ε</strong></span> 
     </span>
    </p>
   </div>
   <div class='ocr_carea' id='block_1_113' title="bbox 2201 5616 3723 5691">
    <p class='ocr_par' dir='ltr' id='par_1_113' title="bbox 2222 5618 3723 5691">
     <span class='ocr_line' id='line_1_113' title="bbox 2222 5618 3723 5691; baseline -0.005 -10"><span class='ocrx_word' id='word_1_858' title='bbox 2222 5627 2312 5681; x_wconf 71' lang='grc'>12.</span> <span class='ocrx_word' id='word_1_859' title='bbox 2384 5627 2427 5659; x_wconf 74' lang='grc' dir='ltr'><strong>ὀ</strong></span> <span class='ocrx_word' id='word_1_860' title='bbox 2455 5627 2619 5681; x_wconf 87' lang='lat' dir='ltr'><strong>Prov.</strong></span> <span class='ocrx_word' id='word_1_861' title='bbox 2652 5642 2784 5691; x_wconf 76' lang='lat' dir='ltr'><strong>xvu,</strong></span> <span class='ocrx_word' id='word_1_862' title='bbox 2812 5626 2866 5681; x_wconf 76' lang='lat'><strong>5.</strong></span> <span class='ocrx_word' id='word_1_863' title='bbox 2941 5627 3171 5683; x_wconf 73' lang='lat' dir='ltr'><strong>&quot;Prov.</strong></span> <span class='ocrx_word' id='word_1_864' title='bbox 3209 5643 3331 5687; x_wconf 75' lang='lat' dir='ltr'><strong>xxx.</strong></span> <span class='ocrx_word' id='word_1_865' title='bbox 3370 5625 3456 5678; x_wconf 79' lang='grc' dir='ltr'><strong>ΓΙ.</strong></span> <span class='ocrx_word' id='word_1_866' title='bbox 3531 5618 3723 5691; x_wconf 54' lang='lat' dir='ltr'><strong>’{PfOV-</strong></span> 
     </span>
    </p>
   </div>
   <div class='ocr_carea' id='block_1_114' title="bbox 526 5684 2099 5820">
    <p class='ocr_par' dir='ltr' id='par_1_114' title="bbox 526 5684 2099 5820">
     <span class='ocr_line' id='line_1_114' title="bbox 526 5684 2099 5820; baseline 0.003 -73"><span class='ocrx_word' id='word_1_867' title='bbox 825 5692 869 5723; x_wconf 78' lang='lat'>&quot;</span> <span class='ocrx_word' id='word_1_868' title='bbox 900 5684 1013 5749; x_wconf 64' lang='lat' dir='ltr'><strong>Iac.</strong></span> <span class='ocrx_word' id='word_1_869' title='bbox 1047 5707 1129 5758; x_wconf 87' lang='grc' dir='ltr'>ιιι,</span> <span class='ocrx_word' id='word_1_870' title='bbox 1160 5693 1247 5750; x_wconf 75' lang='grc'><strong>15.</strong></span> <span class='ocrx_word' id='word_1_871' title='bbox 1358 5694 1405 5725; x_wconf 67' lang='grc'><strong>’⁸</strong></span> <span class='ocrx_word' id='word_1_872' title='bbox 1434 5684 1713 5765; x_wconf 54' lang='grc' dir='ltr'>Εριιοεξν,</span> <span class='ocrx_word' id='word_1_873' title='bbox 1738 5697 1791 5751; x_wconf 73' lang='grc'>4.</span> <span class='ocrx_word' id='word_1_874' title='bbox 1906 5699 1952 5730; x_wconf 77' lang='grc'><strong>⁸⁸</strong></span> <span class='ocrx_word' id='word_1_875' title='bbox 1976 5696 2099 5784; x_wconf 82' lang='lat' dir='ltr'><strong>Iob</strong></span> 
     </span>
    </p>
   </div>
   <div class='ocr_carea' id='block_1_115' title="bbox 2201 5684 3722 5820">
    <p class='ocr_par' dir='ltr' id='par_1_115' title="bbox 2201 5684 3722 5764">
     <span class='ocr_line' id='line_1_115' title="bbox 2201 5684 3722 5764; baseline -0.012 -8"><span class='ocrx_word' id='word_1_876' title='bbox 2201 5697 2309 5756; x_wconf 62' lang='lat'><strong>.12.</strong></span> <span class='ocrx_word' id='word_1_877' title='bbox 2426 5697 2472 5727; x_wconf 82' lang='grc'><strong>’⁸</strong></span> <span class='ocrx_word' id='word_1_878' title='bbox 2506 5696 2648 5752; x_wconf 86' lang='lat' dir='ltr'><strong>Psal.</strong></span> <span class='ocrx_word' id='word_1_879' title='bbox 2696 5684 2881 5764; x_wconf 72' lang='lat' dir='ltr'><strong>vam,</strong></span> <span class='ocrx_word' id='word_1_880' title='bbox 2923 5697 3009 5753; x_wconf 66' lang='lat' dir='ltr'><strong>I5.</strong></span> <span class='ocrx_word' id='word_1_881' title='bbox 3105 5699 3147 5729; x_wconf 85' lang='lat'>&quot;</span> <span class='ocrx_word' id='word_1_882' title='bbox 3189 5684 3329 5752; x_wconf 60' lang='lat' dir='ltr'><strong>ibid.</strong></span> <span class='ocrx_word' id='word_1_883' title='bbox 3376 5693 3464 5748; x_wconf 81' lang='grc'><strong>10,</strong></span> <span class='ocrx_word' id='word_1_884' title='bbox 3549 5684 3722 5738; x_wconf 68' lang='lat' dir='ltr'><strong>“an-</strong></span> 
     </span>
    </p>
   </div>
  </div>
