3986 6148
295 379 418 446 1585

829 374 1170 446 HOMILIA
1208 380 1597 443 XLIX-DE
1639 370 1982 468 PROXIMO
2023 368 2177 431 NON
2215 360 2536 432 TEMERE
2576 357 2966 420 CONDEMN.

3413 345 3432 407 1
3445 345 3547 407 586

292 493 384 551 hoc
409 493 502 560 sit,
532 495 659 564 quia
693 495 844 550 abest
863 497 960 558 Dei
995 490 1213 563 timor),
1239 509 1310 548 ne
1345 475 1538 546 audire
1569 464 1852 555 contingat
1889 496 1992 536 nos
2031 496 2059 534 a
2105 477 2336 536 Domino
2367 493 2380 530 :
2424 494 2442 526 ι
2473 471 2794 544 llypocrila.
2833 469 2972 533 elice
3012 463 3269 564 "Primum.
3338 457 3546 510 "abem

289 602 347 640 ex
369 585 530 640 oculo
563 597 657 641 tuo
708 586 837 640 ".1
889 587 958 641 Et
1015 600 1213 640 rursus
1273 602 1286 637 :

1347 601 1366 635 ι
1406 583 1582 637 Malus
1637 552 1804 634 homo
1855 574 1925 628 de
1997 571 2141 626 malo
2208 570 2470 624 thesauro
2525 563 2710 621 cordis
2761 562 2844 615 sui
2906 556 3115 626 profert
3166 552 3416 615 malum;
3476 565 3547 606 ex

291 678 614 732 abundantia
639 678 785 732 enim
807 677 988 732 cordis
1010 691 1072 731 os
1105 676 1353 746 loquitur
1383 676 1449 728 '°.
1487 694 1505 726 ι
1541 671 1647 742 Ipsi
1674 667 1846 741 gloria
1884 665 1940 719 in
1969 662 2416 718 saecula..Amcn.

858 796 1098 849 ΛΟΓΟΣ.
1134 793 1268 850 MU.

636 907 774 989 Περὶ
813 906 919 960 τοῦ
973 906 1060 975 μὴ
1100 899 1502 975 κατακρίνειν.

354 1016 427 1070 Τὸ
483 1019 835 1087 κατακρίνειν
876 1019 892 1059 ί
931 1023 1113 1090 χεῖρον
1159 1019 1376 1073 πάντων
1410 1020 1576 1073 ἐστίν.
1610 1017 1717 1086 Οὓς
1750 1018 1858 1089 γὰρ

291 1110 553 1180 δοκοῦμεν
581 1113 738 1181 ἡμεῖς
761 1113 1137 1182 κατακρίνειν,
1174 1113 1373 1167 ἐκεῖνοι
1409 1113 1506 1183 μὲν
1532 1111 1627 1166 τοῦ
1662 1111 1863 1183 βάρους

289 1200 669 1268 ὶλαφροῦνται,
697 1202 860 1271 ἡμεῖς
884 1202 938 1255 δὲ
962 1201 1078 1254 ἀντ’
1096 1199 1278 1256 αὐτῶν
1307 1200 1740 1273 ἀχθοφοροῦμεν,
1767 1201 1864 1263 καὶ

291 1290 656 1360 εὑρισκόμεθα
736 1291 963 1354 ἑαυτοὺς
1023 1292 1470 1364 κατακρίνοντες.
1535 1292 1696 1366 nam
1771 1287 1864 1347 οὖν

293 1384 517 1454 σπουδῇ,
539 1385 836 1453 ἀγαπητοὶ,
879 1384 1144 1455 φύγωμεν
1167 1384 1264 1438 τοῦ
1298 1384 1376 1456 μὴ
1397 1388 1750 1455 κατακρίνειν
1781 1403 1866 1441 τι-

292 1477 405 1540 νάς.
438 1476 680 1539 Ὀνειδος
701 1475 812 1545 γὰρ
839 1478 975 1546 ἡμῖν
994 1479 1110 1532 ἐστι
1138 1478 1301 1546 μέγα,
1333 1477 1537 1546 ἀνίατα,
1550 1480 1862 1549 νοσοῦντας,

292 1572 383 1624 καὶ
409 1570 634 1621 δυσίατα
658 1566 790 1638 ἓλκη
816 1567 1056 1638 ἔχοντας,
1092 1570 1190 1622 καὶ
1211 1569 1514 1640 ὑποχρέους
1535 1572 1697 1637 ὄντας
1719 1575 1867 1646 ἡμᾶς

295 1657 504 1734 μυρίων
529 1659 968 1730 δφλημάτων,τὰ
998 1657 1254 1730 ἀλλότρια
1289 1659 1612 1731 πταίσματα
1648 1679 1868 1734 περιερ-

292 1755 558 1825 γάζεσθαι
613 1756 710 1808 καὶ
741 1752 1123 1826 κατοπτεύειν.
1146 1753 1220 1806 Οὐ
1259 1752 1370 1824 γὰρ
1401 1753 1570 1822 καλὸν
1604 1761 1870 1830 κατακρῖ-

292 1866 382 1902 ναι
425 1847 518 1900 τὸν
557 1848 779 1918 πόρνον,
817 1846 914 1900 ἐὰν
949 1845 1045 1899 τοῦ
1073 1845 1266 1900 λοιποῦ
1300 1849 1651 1921 σωφρονήσῃ.
1684 1850 1869 1910 Καλὸν

286 1937 346 1991 δὲ
380 1940 570 2006 φυγεῖν
598 1937 718 2007 τὴν
750 1938 970 2006 πρᾶξιν,
999 1936 1076 2008 μὴ
1105 1936 1297 2007 ψέγειν
1325 1937 1418 1991 τὸν
1455 1937 1762 2009 πράξαντα.
1807 1937 1868 1996 ’0

287 2031 399 2101 γὰρ
426 2027 616 2094 είπὼν,
654 2048 673 2080 ι
706 2029 782 2082 Οὐ
817 2027 1088 2100 φονεύσῃς
1115 2068 1129 2094 ,
1163 2048 1183 2081 ι
1223 2024 1399 2096 εἴπεν,
1435 2049 1456 2083 ι
1488 2032 1563 2084 υύ
1598 2032 1869 2104 κατακρί-

2501 773 2790 832 ﬂOMlLlA
2829 768 3018 826 XLIX.

2106 889 2230 944 Non
2259 897 2450 943 temere
2482 884 2942 942 condemnandum
2963 898 3072 936 esse
3088 879 3410 951 proximum.

2033 1000 2397 1058 Pronuntiare
2438 999 2495 1054 in
2540 998 2763 1052 fratrem
2811 992 3180 1052 damnationis
3222 989 3552 1046 sententiam

1963 1091 2215 1162 nunquid
2234 1107 2344 1146 non
2367 1098 2564 1145 caetera
2583 1094 2775 1158 suapte
2792 1086 3130 1157 malignitate
3152 1077 3556 1153 antegreditur?

1963 1189 2099 1244 Nam
2125 1204 2264 1258 quos
2284 1187 2366 1244 sic
2392 1195 2596 1243 temere
2623 1185 2993 1240 condemnare
3021 1181 3296 1244 videmur,
3323 1177 3462 1232 adeo
3482 1176 3552 1232 il-

1962 1279 2046 1335 los
2071 1295 2182 1334 non
2205 1293 2518 1350 gravamus,
2541 1285 2602 1333 ut
2621 1276 2922 1333 allevemus
2948 1274 3144 1346 magis,
3175 1272 3306 1328 dum
3331 1269 3552 1324 interim

1965 1389 2088 1446 quae
2103 1373 2227 1429 illos
2246 1371 2477 1442 urgebat
2498 1371 2700 1427 molem
2719 1367 2938 1443 judicii,
2953 1370 3010 1424 in
3026 1375 3243 1423 nosmet
3263 1374 3450 1421 nostra
3473 1373 3555 1420 te-

1967 1466 2218 1531 meritate
2236 1465 2593 1529 reclinamus,
2613 1469 2672 1520 et
2682 1462 3054 1533 comperimus
3071 1461 3128 1514 in
3148 1474 3250 1514 nos
3270 1458 3419 1529 ipsos
3431 1471 3552 1512 eam

1967 1556 2334 1613 damnationis
2395 1570 2688 1612 censuram
2736 1555 3088 1626 detorquere.
3141 1551 3306 1608 Omni
3368 1552 3554 1621 itaque

1968 1652 2174 1720 studio,
2224 1648 2598 1715 dilectissimi,
2664 1645 3076 1719 providendum
3135 1646 3320 1712 nobis,
3374 1653 3436 1700 ut
3485 1659 3556 1700 ne

1967 1760 2132 1816 quem
2182 1744 2638 1803 condemnemus.
2663 1740 2881 1808 Quanto
2904 1740 3052 1796 enim
3098 1738 3371 1795 dedecore
3405 1735 3557 1807 digni

1967 1851 2091 1904 nos,
2122 1837 2217 1906 qui
2265 1850 2392 1894 cum
2443 1817 2739 1890 incurabili
2782 1847 2850 1888 ex
2897 1847 2957 1890 se
2995 1829 3190 1886 morbo
3211 1830 3555 1894 laboremus,

1967 1946 2094 1986 cum
2125 1929 2335 1994 animas
2354 1929 2658 1989 habeamus
2682 1925 2962 1982 ulceribus
2983 1923 3137 1978 nullo
3165 1936 3345 1992 prope
3374 1935 3558 1974 reme-

1968 2021 2062 2077 dio
2082 2021 2341 2077 sanandis
2367 2020 2570 2077 misere
2600 2017 2913 2091 suggillatas
2941 2032 2958 2082 ;
2983 2029 3108 2069 cum
3157 2013 3332 2068 simus
3358 2011 3560 2067 debitis

287 2139 408 2196 νῃς.
449 2141 466 2173 ι
500 2123 563 2176 Εἰ
594 2121 651 2175 δὲ
682 2109 1056 2192 κατακρίνεις,
1089 2123 1189 2176 σὺν
1216 2121 1394 2194 τούτῳ
1426 2125 1769 2196 κατακρίνῃ,
1791 2103 1870 2177 δι’

1978 2113 2223 2179 obnoxii,
2248 2112 2387 2167 nulli
2437 2109 2782 2182 explicandis
2826 2108 2960 2170 (tam
2989 2105 3160 2160 multa
3215 2103 3392 2172 sunt),
3427 2103 3563 2157 alie—

289 2208 364 2268 ὧν
392 2215 554 2268 αὑτὸν
590 2214 964 2284 κατακρίνεις.
989 2215 1065 2267 Uti
1097 2214 1209 2284 γὰρ
1231 2214 1388 2285 ἡμῶν
1417 2216 1533 2268 ἐστι
1566 2217 1628 2268 τὸ
1659 2218 1867 2287 κρῖναι,

290 2306 326 2376 ἢ
366 2306 719 2376 κατακρῖναι,
746 2302 881 2355 ἀλλὰ
915 2302 1080 2371 μόνου
1102 2300 1238 2354 Θεοῦ
1269 2301 1368 2354 καὶ
1391 2301 1629 2372 μεγάλου
1656 2299 1867 2372 κριτοῦ,

291 2395 387 2448 τοῦ
420 2393 790 2463 ἐπισταμένου
822 2393 920 2453 τὰς
957 2391 1190 2463 καρδίας
1211 2390 1391 2460 ἡμῶν,
1423 2392 1516 2444 καὶ
1554 2391 1624 2443 τὰ
1654 2390 1872 2461 κρυπτὰ

292 2485 441 2554 πάθη
476 2487 573 2553 τῆς
607 2483 844 2552 φύσεως.
881 2483 980 2546 Τίς
1012 2482 1122 2553 γὰρ
1151 2483 1489 2552 καυχήσεται
1525 2481 1696 2552 ἁγνὴν
1728 2480 1873 2551 ἔχειν
1899 2532 1906 2534 .

287 2576 390 2646 τὴν
417 2574 734 2645 καρδίανςῆ
767 2573 852 2636 τίς
883 2571 1355 2644 τταρῥησιάσεται,
1391 2569 1589 2638 λέγων,
1619 2587 1640 2622 ι
1681 2569 1874 2622 Καθα-

293 2668 388 2739 ρός
449 2669 564 2736 εἰμι
618 2665 728 2719 ἀπὸ
763 2664 1080 2736 ἁμαρτιῶν;
1117 2682 1136 2715 ι
1173 2663 1265 2734 Μὴ
1300 2659 1393 2715 οὖν
1441 2660 1732 2732 προπετῶς
1782 2660 1876 2714 καὶ

290 2761 675 2820 ἀϐασανίστως
713 2755 1182 2826 ἀπογινώσκωμεν
1223 2756 1348 2818 τοὺς
1392 2753 1689 2817 πταίοντας
1719 2794 1733 2817 ,
1771 2751 1888 2811 κᾶν,
1927 2767 1936 2790 -‘

290 2855 371 2916 εἰς
400 2852 542 2905 αὐτὰ
567 2851 636 2904 τὰ
657 2851 864 2920 ἔσχατα
886 2849 986 2918 τῆς
1014 2847 1215 2909 κακίας
1244 2847 1572 2915 ἀφίκωνται,
1615 2843 1716 2898 κᾶν
1747 2841 1876 2915 ἔρη-

293 2959 388 3014 μοι
403 2945 516 3012 ’τῆς
550 2941 753 3011 ἀρετῆς
786 2939 1076 3007 γένωνται,
1103 2939 1199 2991 καὶ
1237 2937 1622 3008 ἀποσχυνθῶσι
1665 2933 1878 3006 μακρό-

289 3051 473 3105 τερον,
507 3032 610 3086 κᾶν
634 3035 838 3096 πᾶσαν,
870 3033 1013 3084 κατὰ
1042 3029 1102 3082 τὸ
1128 3028 1477 3098 φαινόμενον,
1505 3026 1876 3096 ὲξαφανίσωσι

287 3126 394 3196 τὴν
448 3124 588 3178 κατὰ
641 3122 806 3192 φύσιν
849 3122 1145 3193 καλλίστην
1177 3119 1738 3184 κατάστασιν.,Είκὸς
1767 3120 1876 3190 γὰρ

289 3219 421 3278 τοὺς
449 3216 723 3276 τοιούτους
752 3214 883 3266 ποτὲ
926 3213 1354 3280 ὲξυπνισθὲντας
1401 3212 1544 3283 πρὸς
1576 3212 1711 3264 Θεὸν
1743 3214 1876 3265 ἁναο

290 3308 512 3376 ϐλέψαι,
546 3308 641 3360 καὶ
669 3305 923 3359 τοσοῦτον
951 3303 1210 3372 γενέσθαι
1241 3305 1410 3372 ἐγγὺς
1439 3303 1549 3356 τῶν
1574 3304 1750 3357 ποδῶν
1781 3303 1875 3357 τοῦ

289 3401 506 3468 Κυρίου
531 3439 548 3464 ,
579 3401 688 3468 ὅσῳ
727 3386 1098 3469 ’μακρότερον
1152 3397 1424 3467 ὑπῆρχον.
1474 3396 1633 3449 Ἐστι
1686 3395 1819 3464 γοῦν
1848 3398 1877 3450 ὁ

289 3479 616 3546 ὀλισθαίνων
663 3491 836 3558 λόγῳ,
863 3491 958 3542 καὶ
999 3490 1100 3542 οὐκ
1133 3489 1242 3542 ἀπὸ
1269 3489 1482 3558 ψυχῆςο
1521 3488 1606 3551 τίς
1641 3488 1700 3541 δέ
1731 3490 1877 3541 ἐστιν

291 3586 359 3643 ὃς
411 3585 509 3652 οὐχ
567 3583 816 3654 ἥμαρτεν
858 3584 917 3634 ὲν
946 3581 1167 3650 γλώσσῃ
1223 3579 1426 3646 αὐτοῦ;
1470 3578 1667 3647 Ἡμεῖς
1719 3575 1812 3634 οὖν
1842 3580 1878 3634 ἂ

293 3675 754 3745 προετάχθημεν,
789 3671 964 3726 ταῦτα
1007 3671 1404 3742 διανοηθῶμεν,
1441 3672 1744 3735 τουτέστιν,
1781 3673 1876 3726 τοῦ

293 3765 517 3818 πενθεῖν
542 3767 637 3817 καὶ
657 3763 867 3817 κλαίειν
888 3763 956 3816 τὰ
982 3763 1194 3816 ἑαυτῶν
1226 3761 1610 3832 ἐλαττώματα,
1635 3764 1732 3816 καὶ
1763 3763 1880 3817 δέε-

294 3860 427 3914 σθαι
464 3859 559 3911 τοῦ
617 3858 751 3911 Θεοῦ
799 3857 1097 3928 καθαρίσαι
1154 3857 1304 3928 ἡμᾶς
1338 3857 1449 3910 ἀπὸ
1500 3857 1600 3927 τῆς
1632 3857 1880 3928 σαπρίας

290 3952 479 4021 ἡμῶν,
517 3950 611 4003 καὶ
647 3950 992 4019 συμπάσχειν
1029 3949 1127 4001 καὶ
1159 3948 1447 4016 συναλγεῖν
1479 3952 1592 4013 τοῖς
1618 3950 1880 4021 ὁμογενέ-

292 4059 376 4104 σι,
411 4043 504 4094 καὶ
536 4041 870 4111 συσσώμοις,
889 4041 985 4094 καὶ
1009 4040 1378 4110 ὁμοχρίστοις.
1418 4041 1507 4093 Ἐν
1534 4042 1746 4106 τούτοις
1769 4043 1882 4114 γὰρ

289 4135 676 4202 εὐαρεστεῖται
705 4133 733 4183 ὁ
767 4131 922 4194 Θεός.
961 4129 1299 4183 Ἐπιστέλλει
1345 4129 1402 4182 δὲ
1437 4131 1530 4184 καὶ
1557 4133 1586 4184 ὀ
1618 4131 1882 4184 Ἀπόστο-

289 4223 391 4286 λος
415 4266 427 4288 ,
459 4224 656 4290 λέγων,
695 4241 712 4272 ι
750 4222 822 4274 Σὺ
865 4221 918 4273 τί
966 4222 1174 4291 κρίνεις
1214 4220 1306 4273 τὸν
1334 4221 1566 4289 ἀδελφόν
1613 4238 1750 4286 σου;
1791 4241 1809 4274 ι
1845 4223 1878 4294 ἦ

291 4317 398 4366 καὶ
430 4315 493 4366 σὺ
521 4313 572 4365 τί
598 4312 1017 4378 ἐξουθενεῖςτὸν
1046 4310 1275 4380 ἀδελφόν
1313 4327 1405 4364 σου
1431 4329 1447 4378 ;
1481 4328 1498 4362 ι
1535 4311 1742 4374 Πάντες
1773 4311 1882 4383 γὰρ

290 4403 775 4474 παραστησόμεθα
823 4402 901 4472 τῷ
941 4402 1149 4472 βήματι
1177 4401 1270 4454 τοῦ
1309 4400 1575 4472 Χριστοῦ.
1611 4396 1761 4472 1rApa.
1787 4398 1881 4457 οὖν

583 4496 712 4563 περὶ
763 4495 958 4548 ἑαυτοῦ
995 4495 1152 4566 λόγον
1178 4493 1340 4548 δώσει
1369 4494 1448 4565 τῷ
1490 4493 1635 4566 Θεῷ.
1666 4496 1884 4566 Μηκέτι

289 4587 396 4642 οὖν
423 4588 688 4655 ἀλλήλους
723 4587 1001 4656 κρίνωμεν
1021 4629 1036 4654 ,
1071 4586 1208 4640 ἀλλὰ
1236 4585 1395 4642 τοῦτο
1425 4586 1649 4658 κρίνατε
1678 4587 1885 4658 μᾶλλον

289 4685 361 4735 τὸ
402 4681 476 4750 μὴ
513 4659 720 4732 τιθέναι
770 4681 1104 4748 πρόσκομμα
1151 4679 1230 4750 τῷ
1269 4678 1486 4756 ἀδελφῷ
1521 4681 1601 4742 είς
1653 4680 1887 4734 σκάνδα-

289 4497 534 4556 ἕκαστος

1974 2219 2045 2260 na
2075 2204 2295 2260 interim
2323 2204 2597 2260 minutula
2624 2209 2812 2257 errata
2841 2198 3154 2260 excutimus
3180 2197 3473 2261 curiosius,
3496 2209 3562 2250 ac

1974 2303 2089 2352 tota
2120 2296 2319 2351 men‘tis
2349 2294 2468 2350 acie
2501 2293 2942 2364 contemplemur
2971 2301 3028 2347 et
3056 2292 3412 2361 exploramns
3437 2289 3462 2340 ?
3488 2288 3561 2343 At

1973 2403 2044 2444 ne
2101 2385 2458 2443 fornicarium
2486 2385 2709 2456 quidem
2741 2385 2912 2439 debes
2953 2384 3227 2439 sententia
3257 2381 3562 2452 percellere

1976 2478 2366 2543 damnationis,
2395 2478 2444 2532 is
2477 2477 2642 2531 modo
2683 2476 2790 2532 sibi
2829 2475 3191 2544 impbsterum
3232 2481 3498 2542 temperet
3532 2487 3562 2526 a

1976 2571 2363 2636 fornicatione,
2386 2578 2444 2625 et
2475 2568 2544 2623 ad
2563 2567 2690 2623 vitae
2720 2567 2966 2623 melioris
2987 2582 3048 2622 se
3071 2565 3302 2636 recipiat
3328 2564 3561 2634 frugem.

1977 2661 2372 2734 Operationem
2405 2661 2580 2730 ipsam
2625 2659 3011 2715 fornicationis
3032 2657 3241 2714 bonum
3272 2665 3357 2711 est
3390 2664 3448 2711 ut
3481 2656 3565 2709 v-i-

1977 2763 2102 2824 tes;
2137 2769 2264 2809 eum
2287 2762 2472 2808 autem
2503 2753 2597 2823 qui
2638 2752 2693 2807 id
2725 2751 2952 2808 admisit.
2976 2750 3189 2820 ﬂagitii,
3226 2765 3296 2804 ne
3329 2764 3563 2804 concer-

1978 2861 2078 2916 pas
2101 2845 2520 2901 amarulentius.
2535 2844 2638 2912 Qui
2654 2845 2804 2901 enim
2822 2843 2964 2899 dixit
2990 2860 3003 2898 :
3029 2862 3047 2894 ι
3076 2845 3199 2899 Non
3219 2843 3441 2898 occides
3459 2842 3524 2907 ³¹,
3541 2863 3560 2892 ι

1978 2940 2171 3009 utique
2221 2945 2279 2994 et
2337 2937 2473 2994 illud
2517 2937 2694 3005 dixit,
2739 2957 2757 2989 ι
2795 2937 2915 2993 Non
2980 2935 3378 2993 condemnabis
3405 2934 3494 2988 δί’.
3542 2953 3557 2982 ι

1977 3030 2134 3098 Quod
2191 3032 2238 3087 si
2282 3030 2646 3096 condemnas,
2674 3032 2788 3102 jam
2839 3046 2941 3102 per
2987 3030 3181 3084 eadem
3211 3029 3429 3099 judicas
3463 3043 3566 3097 per

1976 3137 2098 3192 quae
2153 3131 2210 3177 et
2261 3121 2615 3178 condemnas.
2641 3121 2817 3191 .Atqui
2860 3122 3182 3191 neutiquam
3228 3129 3432 3176 nostrae
3480 3127 3567 3176 est

1976 3213 2284 3282 functionis
2315 3213 2386 3269 de
2433 3215 2612 3270 salute
2650 3214 2818 3270 ullius
2846 3213 3059 3284 judicio
3089 3215 3171 3268 vel
3225 3213 3563 3269 condemna-

1979 3305 2129 3360 tione
2177 3306 2515 3372 decernere;
2553 3306 2647 3361 sed
2705 3307 2875 3370 illius,
2907 3317 2962 3362 et
3023 3308 3186 3376 plane
3235 3307 3441 3368 solius,
3470 3307 3561 3374 qui

1980 3398 2206 3453 intimos
2235 3413 2486 3452 recessus
2519 3397 2703 3452 cordis
2736 3397 2913 3451 nostri
2958 3397 3266 3451 clarissime
3298 3396 3472 3460 novit,
3507 3407 3562 3448 (ιι

1981 3489 2360 3544 retrusissima
2387 3504 2618 3558 qumque
2673 3497 2888 3544 natura:
2927 3490 3098 3544 totius
3134 3488 3391 3557 intelligit
3437 3503 3562 3557 per-

1981 3581 2347 3650 spectissime.
2379 3581 2515 3647 Quis
2536 3595 2706 3649 porro
2729 3580 3056 3651 gloriabitur
3085 3581 3352 3635 mundum
3377 3596 3436 3635 se
3465 3582 3563 3634 ha-

1980 3672 2112 3729 bere
2141 3673 2413 3737 cor?aut,
2443 3673 2569 3741 quis
2602 3673 2753 3727 omni
2784 3688 2908 3728 cum
2936 3673 3134 3728 fiducia
3159 3673 3521 3728 ausit-dicere
3547 3691 3559 3724 :

1989 3785 2008 3818 ι
2044 3766 2280 3821 Mundus
2312 3781 2432 3822 sum
2461 3781 2492 3820 a
2519 3766 2762 3836 peccatis
2794 3765 2874 3818 ”?
2911 3784 2928 3816 ι
2965 3766 3044 3819 Ne
3066 3766 3232 3836 igitur
3254 3767 3334 3819 sic
3356 3774 3562 3822 temere

1981 3867 2038 3914 et
2063 3859 2361 3928 inexpense
2394 3873 2588 3914 eorum
2613 3859 2707 3927 qui
2737 3867 2985 3927 peccant,
3009 3860 3369 3926 desperemus
3413 3858 3562 3910 saltt-

1956 3933 2116 4017 ‘tem,
2149 3949 2368 4005 tametsi
2419 3950 2487 4004 ad
2535 3949 2818 4004 dexteram
2865 3965 3040 4020 usque
3081 3949 3285 4004 lineam
3316 3951 3562 4019 provecti

1979 4045 2090 4115 jam
2141 4043 2255 4100 sint
2297 4043 2520 4098 malitia:
2561 4051 2619 4097 et
2667 4042 3062 4113 improbitatis,
3091 4042 3255 4096 etiam
3326 4042 3368 4096 si
3431 4043 3567 4096 tales

1984 4137 2136 4192 omni
2162 4136 2430 4191 virtutum
2464 4135 2840 4190 destituuntur
2890 4134 3165 4204 prmsidio,
3203 4135 3418 4204 1106
3447 4143 3502 4188 et
3533 4151 3564 4188 τι

1985 4241 2043 4282 se
2076 4225 2344 4296 pudorem
2379 4240 2545 4295 quam
2576 4225 2897 4295 longissime
2937 4225 3271 4296 ablegarint,
3304 4227 3434 4280 licet
3469 4241 3568 4279 na-

1986 4327 2124 4372 tura:
2181 4317 2342 4372 istius
2397 4316 2714 4386 conspicme
2759 4317 3231 4385 elegantissimum
3285 4334 3565 4388 quemque

1986 4405 2237 4460 ordinem
2259 4405 2645 4475 perverterint,
2669 4420 2734 4460 ac
2759 4406 3033 4474 pudendis
3059 4407 3279 4477 flagitiis
3303 4424 3570 4479 corrupe-

1987 4497 2119 4550 rint.
2158 4497 2263 4551 Par
2299 4504 2384 4550 est
2417 4495 2565 4548 enim
2598 4495 2826 4549 credere
2863 4495 2998 4549 tales
3043 4496 3339 4565 aliquando
3373 4512 3570 4566 expet;-

1988 4595 2191 4651 rectos,
2218 4595 2275 4642 et
2301 4602 2331 4640 a
2371 4587 2522 4656 gravi
2575 4602 2686 4656 quo
2736 4587 3153 4656 premebantur,
3186 4597 3414 4644 veterno
3468 4606 3570 4644 ex—

1988 4693 2201 4744 cussos,
2241 4679 2307 4733 ad
2343 4679 2518 4734 Deum
2549 4686 2836 4733 erecturos
2877 4694 2999 4732 esse
3045 4680 3218 4733 aciem
3253 4681 3474 4746 mentis,
3513 4692 3570 4736 et

287 4776 448 4830 λον.»
479 4773 589 4826 Καὶ
611 4773 884 4841 ἐπιφέρει,
918 4788 937 4820 ι
967 4771 1058 4861 Διὸ
1087 4771 1496 4842 ἀναπολόγητος
1517 4768 1586 4837 εἴ,
1610 4766 1655 4825 ὦ
1678 4773 1774 4826 ἄνθ
1786 4791 1877 4844 ρω-

1991 4778 2144 4826 tanto
2211 4770 2440 4840 propius
2491 4785 2551 4824 se
2611 4770 2972 4825 advoluturos
3032 4771 3268 4840 pedibus
3325 4772 3565 4839 Domini,

291 4880 397 4925 τῖε,
430 4863 536 4923 πᾶς
569 4863 596 4913 ὁ
626 4859 828 4931 κρίνων
853 4876 866 4889 ⁸
897 4860 956 4910 ὲν
1083 4860 1192 4931 γὰρ
1246 4860 1476 4932 κρίματι
1540 4865 1748 4934 κρίνεις
1792 4863 1884 4916 τὸν

289 4955 390 5006 ’ἑτε
403 4972 514 5020 ρον,
541 4953 767 5006 σεαυτὸν
788 4951 1140 5023 κατακρίνεις
1165 4969 1180 4984 ο
1209 4954 1279 5007 τὰ
1304 4954 1414 5026 γὰρ
1442 4955 1585 5008 αὐτὰ
1614 4956 1886 5026 πράσσεις

288 5051 323 5100 ὁ
356 5048 580 5116 κρίνων.
621 5046 860 5117 Οἴδαμεν
886 5047 997 5118 γὰρ
1039 5049 1124 5100 ὅτι
1167 5048 1229 5102 τὸ
1254 5050 1433 5118 κρῖμα
1470 5047 1565 5101 τοῦ
1595 5047 1730 5100 Θεοῦ
1767 5051 1888 5102 ἐστι

290 5141 452 5194 κατὰ
484 5139 742 5208 ἀλήθειαν
778 5141 871 5193 επὶ
921 5140 1048 5202 τοὺς
1101 5138 1172 5191 τὰ
1202 5139 1427 5193 τοιαῦτα
1479 5141 1882 5210 πράσσοντας.»

290 5231 421 5283 Καὶ
455 5229 633 5293 αὖθις,
675 5248 693 5279 ι
741 5230 976 5300 Οἴδαμεν
1008 5230 1066 5283 δὲ
1101 5232 1194 5283 τὸν
1220 5231 1442 5284 εἰπόντα
1470 5247 1483 5261 ο
1522 5230 1679 5302 Ἐμοὶ
1741 5231 1889 5283 ἐκδί-

1990 4871 2200 4932 quanto
2243 4879 2303 4917 se
2341 4862 2561 4932 longius
2599 4863 2997 4932 disiunxerant.
3033 4863 3183 4930 Esto,
3215 4863 3340 4933 quis
3368 4864 3570 4919 labitur

1991 4956 2123 5026 (non
2171 4956 2282 5025 jam
2327 4955 2395 5008 de
2457 4955 2640 5009 anima
2671 4955 2912 5024 loquor),
2940 4957 3096 5024 quis,
3120 4972 3326 5026 qnzeso,
3362 4967 3445 5011 est
3475 4955 3570 5025 qui

1988 5060 2100 5100 non
2132 5045 2220 5099 vel
2253 5045 2438 5115 lingua
2466 5061 2565 5100 sua
2607 5046 2904 5116 peccavit?
2930 5047 3042 5102 Nos
3076 5047 3246 5117 igitur
3273 5062 3397 5115 qua:
3426 5062 3568 5116 prae-

1989 5135 2333 5206 seripsimus,
2370 5137 2487 5190 haec
2517 5137 2823 5206 cogitemus
2869 5137 3088 5200 attenti,
3119 5135 3383 5189 nimirum
3440 5149 3570 5203 pro-

1988 5230 2140 5300 prios
2173 5228 2423 5292 defectus
2449 5237 2510 5283 ut
2543 5229 2850 5300 lugeamus,
2877 5229 3245 5300 lacrymarnm
3277 5226 3570 5297 aspergine

372 5363 422 5394 ³⁹
453 5362 593 5416 Luc.
628 5378 702 5426 γι,
734 5362 823 5417 42.
899 5362 944 5393 ⁸ο
984 5363 1118 5417 ibid.
1159 5364 1238 5428 45
1326 5366 1366 5396 ³⁸
1395 5366 1567 5422 Exod.
1596 5383 1684 5430 xx,
1719 5366 1806 5419 13.

1996 5364 2130 5418 an.
2175 5381 2250 5428 vr,
2285 5365 2372 5418 '57.
2451 5364 2493 5394 3’
2529 5364 2691 5420 Prov.
2725 5380 2814 5427 xx,
2842 5363 2893 5416 9.

1607 5504 1843 5559 VARIA‘J
1882 5504 2172 5560 LECTION
2183 5505 2282 5558 ES.

395 5594 929 5664 ἱΚατακρίνειν,ίιιι
963 5592 1104 5662 apud
1140 5591 1396 5647 Basiliam
1432 5601 1482 5646 et
1534 5593 1942 5648 Damascenum.
1975 5594 2380 5657 Καταδικάζειν
2428 5593 2524 5646 καὶ
2566 5590 3019 5664 καταγινώσκειν,
3059 5599 3133 5644 est
3171 5590 3403 5664 deﬁnite,
3445 5609 3568 5663 pro-

292 5669 582 5730 nuntiare,
609 5662 775 5717 u‘num
802 5663 1051 5733 aliquem,
1080 5677 1348 5731 nunquam
1393 5680 1559 5717 mores
1593 5675 1942 5731 mutaturum,
1971 5676 2067 5720 aut
2095 5666 2410 5719 damnatum
2431 5664 2501 5733 iri
2529 5679 2546 5716 :
2571 5663 2709 5732 quod
2739 5671 2813 5716 est
2841 5662 3048 5714 eximite
3085 5663 3414 5733 temeritatis,
3449 5681 3569 5718 cum

295 5740 374 5791 de
409 5736 606 5791 nullius
635 5735 781 5797 (dum
820 5732 962 5798 vivit)
997 5734 1375 5804 desperandum
1428 5737 1740 5789 correctione
1781 5738 1847 5790 sit
1901 5744 1947 5789 et
1981 5737 2171 5791 salute.
2212 5732 2468 5804 Exemplo
2504 5741 2625 5788 sunt
2657 5733 2924 5788 Manassae
2964 5742 3010 5785 et
3045 5733 3206 5786 Latro
3248 5732 3336 5786 ille
3399 5735 3511 5803 pius
3547 5749 3566 5787 :

294 5810 430 5861 ι’ἕιίί*
465 5805 826 5877 praifutieuem
862 5802 1336 5873 ;καρ6ιογνώςττ,;
1374 5807 1509 5858 cnim.
1544 5816 1616 5859 est
1640 5806 1780 5860 solus
1817 5807 1976 5860 Deus.
