3986 6148
311 349 442 417 1589

897 336 1243 412 HOMILIA
1282 351 1831 416 LL—N-EMINEM
1868 352 2173 415 PROBRO
2213 339 2772 424 AFFICIENDUM,
2817 349 2978 409 ETC.

3408 344 3415 353 “
3440 341 3574 407 1590

309 461 420 530 οὐχὶ
447 462 479 531 ἡ
514 457 815 530 συνείδησις
853 454 1013 513 αὐτοῦ
1033 495 1049 520 ,
1070 454 1344 524 ἀσθενοῦς
1370 460 1525 525 ὄντος
1543 501 1559 526 ,
1593 462 1880 533 οἰκοδομη-

1996 462 2131 516 :nim
2154 462 2360 518 viderit
2385 466 2441 515 te
2471 458 2566 527 qui
2616 459 2790 515 babes
2832 455 3147 519 scientiam,
3168 444 3239 508 in
3273 454 3444 510 idolio
3482 471 3573 509 re-

310 550 533 621 θήσεται
584 552 665 614 είς
710 549 770 603 τὸ
806 550 875 603 τὰ
912 546 1241 604 εἰδωλόθυτα
1286 550 1528 619 bellici»;
1578 571 1597 604 9
1627 552 1735 606 Καὶ
1776 553 1877 605 ἑπ-

307 644 447 727 ἁγει,
483 662 502 695 ι
524 641 845 696 Ἀπόλλυται
869 642 979 714 γὰρ
1007 636 1036 696 δ
1066 642 1311 696 ἀσθενῶν
1335 642 1561 712 ἀδελφὸς
1590 643 1685 696 ἐπὶ
1708 644 1777 713 τῇ
1810 644 1878 713 σῇ

307 736 521 804 γνώσει,
548 735 617 788 δι’
648 734 713 787 ὃν
731 736 759 788 ὁ
802 734 1037 806 Χριστὸς
1070 733 1344 789 ἀπέθανεν
1366 749 1380 765 ⁸
1415 734 1586 798 οὕτως
1615 733 1673 787 δὲ
1701 732 1882 787 αὐτῶν

306 827 599 891 τύπτοντες
622 826 722 898 τὴν
755 827 1081 897 συνείδησιν,
1102 828 1183 890 είς
1201 826 1439 896 Χριστὸν
1467 825 1831 902 ἁμαρτάνετε,
1855 841 1874 875 9

308 919 415 971 Καὶ
447 912 606 981 αὖθις
639 932 655 949 ο
695 934 715 968 ι
752 914 872 971 Ἵνα
896 917 952 970 τί
977 916 1089 988 γὰρ
1122 920 1152 990 η
1182 916 1469 989 ἐλευθερία
1501 933 1604 987 μου
1636 905 1881 985 κρίνεται

307 1010 411 1064 ὑπὸ
440 1008 610 1081 ἀλλης
669 1008 1072 1081 συνειδήσεως;
1115 1009 1165 1062 εί
1204 1007 1318 1078 ἐγὼ
1356 1008 1582 1080 χάριτος
1632 1007 1879 1076 μετέχω,

306 1102 357 1154 τί
390 1101 824 1173 βλασφημοῦμαι
877 1101 1021 1172 ὑπὲρ
1049 1094 1111 1155 οῦ
1136 1099 1250 1170 ἐγὼ
1279 1098 1629 1171 εύχαριστῶ;
1678 1116 1698 1149 9
1743 1096 1803 1152 ’0
1825 1096 1884 1151 δὲ

310 1193 513 1267 Κύριος
560 1195 882 1266 ἀπεφήνατο
936 1193 1112 1263 λέγων
1141 1211 1156 1225 ·
1192 1212 1211 1245 ι
1258 1194 1355 1256 Ὃς
1375 1192 1421 1246 δ’
1450 1191 1516 1245 ἂν
1557 1189 1885 1261 σκανδαλίσῃ

308 1288 405 1341 ἕνα
444 1288 552 1341 τῶν
603 1287 822 1358 μικρῶν
858 1287 1089 1350 τούτων,
1124 1286 1397 1357 συμφέρει
1425 1284 1577 1355 αὐτῷ
1632 1282 1722 1336 ἵνα
1748 1297 1877 1351 κρε-

312 1379 490 1449 μασθῇ
546 1377 715 1448 μῦλος
760 1378 941 1442 ὀνικὸς
976 1378 1106 1455 περὶ
1135 1378 1228 1431 τὸν
1254 1376 1526 1451 τράχηλον
1567 1373 1755 1439 αὐτοῦ,
1784 1372 1887 1443 καὶ

311 1467 714 1539 καταποντισθῇ
763 1469 823 1521 ὲν
867 1465 946 1537 τῷ
1000 1466 1231 1535 πελάγει
1260 1467 1358 1535 τῆς
1404 1465 1704 1534 θαλάσσης,
1736 1462 1770 1534 ἢ
1799 1461 1886 1514 ἵνα

312 1558 643 1631 σκανδαλίσῃ
684 1556 782 1613 ἕνα
832 1558 943 1612 τῶν
991 1559 1205 1630 μικρῶν
1233 1556 1461 1612 τούτων.
1500 1575 1520 1609 9
1557 1554 1668 1609 Καὶ
1697 1552 1888 1621 ἐπιφέ-

313 1669 418 1726 ρει,
438 1672 456 1703 ι
516 1652 711 1722 Ὁρᾶτε
740 1651 818 1723 μὴ
847 1649 1231 1722 καταφρονῆτε
1257 1650 1375 1712 ἐνὸς
1388 1648 1496 1703 τῶν
1528 1645 1742 1719 μικρῶν
1765 1643 1887 1699 αιού⁸

311 1761 416 1802 των
439 1761 451 1774 ο
484 1743 628 1812 λέγω
654 1743 762 1814 γὰρ
787 1744 935 1814 ὑμῖν,
962 1743 1043 1797 ὅτι
1074 1744 1123 1796 oi
1150 1741 1375 1812 ἄγγελοι
1409 1739 1612 1805 αὐτῶν,
1634 1751 1694 1799 εν
1722 1737 1888 1806 ούρα-

312 1836 423 1898 νοῖς
456 1833 542 1887 διὰ
567 1833 767 1897 παντὸς
799 1833 1091 1905 βλέπουσιν
1120 1834 1182 1888 τὸ
1221 1832 1517 1903 πρόσωπον
1546 1827 1644 1883 τοῦ
1673 1826 1892 1899 Πατρός

316 1943 438 1994 μου.
482 1945 500 1978 9
535 1926 650 1979 Καὶ
673 1923 852 1992 αὖθις,
883 1945 902 1977 ι
939 1925 1075 1979 Οὐαὶ
1103 1925 1181 1993 τῷ
1206 1925 1402 1996 κόσμῳ
1437 1921 1546 1978 ἀπὸ
1589 1921 1700 1975 τῶν
1728 1933 1894 1973 σκαν-

1983 553 2364 616 cumbeutem,
2422 550 2680 622 nunquid
2722 547 3065 605 conscientia
3128 547 3304 617 ipsius
3334 561 3458 601 cum
3498 547 3570 601 sit

1985 644 2221 723 inﬁrma,
2267 644 2637 701 aadiﬁcabitur
2678 643 2747 698 ad
2788 639 3236 696 manducandum
3290 637 3570 708 idolothy-

1983 746 2037 792 ta
2058 739 2141 792 ⁸⁷ςῖ
2162 758 2180 790 9
2224 738 2446 793 lnducit
2472 755 2486 790 :
2525 756 2545 787 ‹
2589 736 2658 790 Et
2678 733 2886 803 peribit
2911 730 3168 784 inﬁrmus
3194 730 3364 784 frater
3387 728 3443 782 in
3474 737 3567 781 tua

1976 828 2232 893 scientia,
2261 843 2361 898 pro
2388 841 2500 897 quo
2525 826 2784 881 Christus
2833 826 3089 876 mortuus
3111 827 3198 872 est
3225 835 3238 870 :
3276 825 3444 885 atque
3493 818 3570 871 ita

1984 922 2231 992 ipsorum
2272 920 2651 990 percutientes
2714 913 3134 975 conscientiam,
3163 910 3219 963 in
3281 907 3566 963 Christum

1983 1009 2226 1081 peccatis
2247 1009 2293 1043 ⁵³
2318 1028 2367 1063 .9
2406 1009 2622 1063 Rursus
2650 1024 2664 1060 :
2703 1025 2723 1056 ι
2756 1004 2833 1061 Ut
2849 1001 2984 1073 quid
3011 994 3161 1056 enim
3193 997 3422 1053 libertas
3453 1013 3573 1052 mea

1981 1100 2263 1167 iudicatur
2285 1099 2355 1154 ab
2382 1098 2561 1153 aliena
2593 1093 2980 1153 conscientia?
3013 1091 3071 1147 Si
3098 1105 3200 1161 ego
3231 1104 3359 1145 cum
3399 1089 3573 1159 gratia

1986 1189 2258 1261 participo
2282 1230 2299 1255 ,
2330 1188 2464 1260 quid
2502 1187 2861 1258 blasphemor
2906 1197 3011 1255 pro
3053 1196 3121 1237 eo
3172 1179 3321 1250 quod
3370 1179 3576 1249 gratias

1987 1298 2090 1353 ago
2113 1282 2157 1317 ἰθ
2183 1282 2208 1336 ?
2249 1301 2268 1334 9
2303 1281 2574 1338 Dominus
2599 1294 2770 1351 porro
2796 1276 3069 1332 adversus
3090 1274 3231 1328 tales
3252 1269 3577 1343 pronuntia-
3620 1290 3631 1299 λ

1985 1374 2087 1439 vit,
2140 1375 2333 1432 dicens
2370 1393 2384 1429 :
2429 1393 2448 1425 ι
2491 1373 2597 1441 Qui
2657 1366 3116 1428 scandalizaverit
3170 1381 3341 1421 unum
3389 1380 3459 1419 ex
3492 1362 3578 1417 his

1987 1466 2230 1537 pusillis,
2260 1475 2398 1532 etc.,
2420 1466 2548 1521 dico
2568 1465 2729 1521 1vobis
2756 1464 2885 1534 quia
2914 1460 3099 1532 angeli
3118 1472 3319 1513 eorum
3349 1457 3403 1510 in
3420 1454 3577 1510 caelis

1987 1558 2181 1617 vident
2206 1558 2405 1615 faciem
2437 1559 2619 1616 Patris
2646 1557 2756 1612 mei
2786 1556 2854 1609 '°.
2892 1574 2911 1605 9
2946 1554 3205 1607 Rursus:
3240 1568 3260 1598 ι
3298 1548 3391 1602 Vae
3418 1562 3579 1600 mun-

1989 1646 2062 1703 do
2083 1664 2116 1704 a
2137 1648 2412 1705 scandalis
2436 1649 2503 1702 ⁸⁸.
2534 1668 2554 1701 9
2586 1648 2692 1702 Et:
2725 1665 2745 1697 ‹
2775 1638 3170 1700 Verumtamen
3230 1653 3313 1693 vae
3366 1638 3579 1693 homini

1994 1739 2077 1795 illi
2126 1754 2229 1810 per
2264 1756 2437 1811 quem
2505 1738 2828 1795 scandalum
2859 1735 3080 1791 venit”
3115 1730 3475 1801 9'Beniguum
3522 1740 3603 1784 et-

1927 1812 1968 1867 Β
1998 1828 2323 1885 clementem
2343 1830 2525 1886 Deum
2544 1837 2797 1885 nostrum
2825 1826 3055 1882 addec't
3078 1822 3253 1895 gloria
3274 1822 3330 1878 in
3353 1824 3569 1879 sascula.

2003 1918 2201 1975 Amen.

312 2015 485 2070 δείλων
508 2033 521 2047 ·
558 2014 641 2081 δεῖ
665 2014 775 2087 γὰρ
823 2014 999 2068 ἐλθεῖν
1041 2013 1108 2068 τὰ
1140 2012 1434 2069 σκάνδαλα.
1476 2032 1493 2064 9
1560 2010 1706 2081 Πλὴν
1741 2027 1759 2060 ι
1791 2002 1928 2059 Οὐαὶ
1964 2004 2048 2077 τῷ
2087 2007 2363 2082 ἀνθρώπῳ
2395 2008 2590 2080 ἐκείνῳ
2624 2008 2693 2063 δι’
2720 2000 2782 2063 οὗ
2809 2009 2872 2063 τὺ
2905 2005 3202 2062 σκάνδαλον
3269 2004 3515 2076 ἔρχεται.
3556 2022 3575 2055 9

313 2106 630 2178 Δοξάσωμεν
676 2102 769 2161 οὖν
816 2106 906 2160 τὸν
940 2105 1145 2177 Κύριον
1174 2103 1330 2177 ἡμῶν
1367 2102 1574 2176 Ἰησοῦν
1607 2098 1862 2172 Χριστὸν,
1903 2092 1997 2147 νῦν
2024 2097 2118 2150 καὶ
2144 2097 2230 2152 ἀεὶ
2263 2100 2357 2153 καὶ
2381 2101 2461 2165 είς
2488 2102 2617 2164 τοὺς
2639 2099 2851 2163 αίῶνας
2878 2097 2987 2153 τῶν
3008 2096 3241 2152 αἰώνων.
3285 2096 3477 2167 Ἀμήν.

913 2219 1134 2279 ΛΟΓΟΣ
1158 2215 1285 2274 NA'.

319 2335 457 2401 Περὶ
512 2333 618 2388 τοῦ
660 2333 744 2404 μὴ
786 2332 1114 2458 ὀνειδίζειιὸ
1142 2330 1307 2386 ἀλλὰ
1338 2329 1580 2400 μᾶλλον
1604 2328 1894 2390 -ὀνειδίζε-

1019 2417 1063 2456 σ
1101 2419 1181 2456 αι.
1637 2456 1639 2458 ,

1019 2417 1181 2456 σθαι.

395 2513 456 2567 '0
483 2513 761 2578 ὀνειδίζων
794 2514 887 2568 τὸν
918 2512 1151 2586 πλησίον
1184 2515 1242 2569 ἓν
1273 2533 1382 2570 τινι
1414 2516 1852 2588 πλημμελήματι
1874 2555 1889 2581 ,

312 2605 426 2667 τοῖς
456 2604 639 2667 αὐτοῖς
660 2601 899 2666 δικτύοις
927 2603 1424 2675 περιπλακήσεται.
1454 2621 1475 2654 ε
1507 2603 1707 2673 Ὀ-γάρ
1742 2600 1895 2655 σπεί-

317 2711 402 2766 ρει
429 2693 742 2764 ἀνθρωπος,
777 2693 938 2747 τοῦτο
967 2693 1063 2747 καὶ
1084 2694 1292 2765 θερίσει
1317 2710 1333 2729 ·
1374 2713 1392 2745 9
1438 2691 1895 2764 Ἐγκαταλιμπά-

316 2803 470 2841 νεται
495 2785 604 2856 γὰρ
622 2784 728 2838 ὑπὸ
760 2784 855 2837 τοῦ
882 2785 1045 2850 Θεοῦ,
1085 2786 1174 2839 διὰ
1204 2785 1265 2840 τὸ
1305 2785 1631 2857 ἀσυμπαθὲς
1664 2788 1758 2840 καὶ
1794 2785 1895 2854 τὴν

317 2877 570 2948 ἔπαρσιν.
601 2877 712 2931 Καὶ
743 2879 824 2940 είς
849 2877 910 2929 τὸ
936 2876 1069 2929 αὐτὸ
1097 2879 1349 2947 πταῖσμα
1378 2877 1799 2949 περιπίπτει,ηεί
1821 2878 1894 2948 μὴ

318 2970 408 3024 διὰ
439 2969 728 3041 μετανοίας
757 2967 1113 3041 ὲξιλεώσηται
1152 2970 1244 3024 τὸν
1272 2970 1440 3032 Geor;
1469 2969 1896 3042 ἐξομολογούμε-

321 3080 409 3127 νος
440 3062 502 3115 τὸ
538 3066 786 3133 πταῖσμα
813 3060 1000 3145 αὑτοῦ.
1034 3061 1093 3116 Ὁ
1122 3062 1180 3116 δὲ
1208 3062 1551 3127 ὀνειδισθεὶς,
1573 3062 1671 3117 ἐὰν
1690 3064 1895 3134 ἀταρά-

320 3173 433 3227 χως
478 3155 575 3208 καὶ
628 3155 970 3226 εὐχαρίστως
1001 3155 1221 3226 δέξηται
1251 3157 1345 3212 τὸν
1386 3157 1712 3228 ὀνειδισμὸν,
1746 3159 1894 3228 λογιυ

320 3248 553 3317 ζόμενος
585 3248 775 3301 ἑαυτὸν
808 3247 1112 3301 ὑπεύθυνον
1139 3243 1282 3302 εἶναι
1311 3247 1406 3305 τοῦ
1432 3250 1742 3321 ὀνειδισμοῦ
1767 3289 1783 3316 ,
1810 3250 1897 3305 διὰ

321 3339 422 3410 τὴν
473 3339 802 3393 ταπείνωσιν
839 3338 1005 3392 αὐτοῦ
1039 3341 1068 3393 ὁ
1099 3340 1233 3403 Θεὸς
1267 3339 1530 3406 σκεπάζει
1578 3342 1760 3407 αὐτὸν,
1800 3340 1895 3396 τοῦ

2562 2198 2868 2273 ιιοιιιιιΑ
2922 2212 3021 2268 Ll.

1999 2326 2063 2382 Ut
2087 2329 2349 2382 neminem
2374 2306 2570 2398 aﬁicias
2596 2322 2788 2399 'probro
2808 2335 2900 2399 aut
2921 2327 3194 2393 dedecore,
3213 2328 3380 2399 magis
3405 2332 3584 2381 autem

2617 2407 2762 2469 aptes
2795 2398 2950 2468 afﬁci.

2063 2512 2168 2582 Qui
2196 2512 2632 2583 contumeliosus
2661 2513 2715 2567 in
2743 2504 3057 2583 preximum
3088 2514 3403 2587 opprobrat,
3424 2514 3586 2585 quid-

1993 2622 2159 2677 quam
2193 2600 2413 2672 delicti,‘
2441 2606 2560 2662 suis
2595 2606 2734 2677 ipse,
2760 2622 2883 2676 quae
2908 2606 3071 2662 alteri
3121 2605 3361 2663 intexuit
3401 2613 3458 2662 et
3485 2605 3584 2679 ad-

1995 2697 2236 2763 ornavit,
2270 2696 2560 2753 irretietur
2607 2697 2840 2753 retibus.
2898 2698 3032 2752 Jure
3078 2696 3328 2768 quidem.
3376 2715 3396 2748 ‹
3427 2697 3584 2765 Quod

1994 2773 2142 2845 enim
2177 2788 2413 2844 seminat
2442 2787 2587 2859 quis,
2624 2787 2731 2844 hoc
2758 2796 2817 2845 et
2860 2798 3033 2845 metet
3057 2791 3124 2844 ⁸³.
3165 2791 3271 2847 »15
3305 2790 3582 2861 siquidem

1993 2881 2179 2939 medio
2208 2882 2263 2936 in
2300 2880 2624 2938 discrimine
2649 2881 2974 2945 destituitur:
2999 2882 3097 2938 Dei
3128 2882 3411 2955 praesidio,
3438 2881 3586 2952 quod

1996 2982 2096 3044 p‘er
2123 2972 2418 3031 elationem
2443 2974 2649 3029 mentis
2669 2974 2808 3031 adeo
2830 2991 2940 3029 non
2966 2974 3263 3031 indolescit
3287 2972 3585 3030 calamitati
3616 3008 3621 3015 ~

1996 3063 2208 3126 alienae,
2242 3071 2305 3117 ut
2328 3063 2497 3118 etiam
2524 3063 2887 3120 inclementer
2928 3062 3154 3119 insultet
3189 3084 3202 3119 :
3241 3065 3287 3119 is
3323 3074 3384 3119 ut
3412 3062 3590 3135 pluri-

1997 3168 2147 3216 mum
2180 3155 2237 3209 in
2266 3155 2515 3210 eamdem
2546 3155 2763 3210 ruinam
2794 3171 2897 3210 nec
2939 3156 3110 3212 semel
3148 3155 3503 3226 prolabatur,
3529 3153 3587 3210 n'i

1996 3255 2244 3302 erratum
2279 3261 2441 3301 suum
2488 3245 2800 3311 confessus,
2830 3262 2931 3317 per
2974 3246 3358 3319 paenitentiam
3414 3248 3587 3310 Deum

1999 3338 2104 3393 sibi
2128 3336 2391 3395 conciliet
2420 3340 2476 3393 et
2498 3337 2693 3419 reddat
2714 3337 3038 3409 'pr0pitium.
3067 3339 3165 3393 Ille
3192 3354 3325 3393 vero
3344 3338 3399 3393 in
3424 3355 3588 3408 quem

326 3429 528 3501 μηκέτι
549 3431 610 3483 ὲν
638 3433 751 3494 τοῖς
775 3430 960 3493 αὐτοῖς
980 3430 1246 3501 ήττᾷσθαι
1272 3426 1494 3502 ἀμαρτή
1504 3448 1686 3502 μασιν.
1716 3432 1895 3489 Ὀνει-

2001 3428 2269 3484 intortum
2297 3439 2384 3483 est
2412 3427 2875 3483 contumeliosius
2899 3428 3283 3507 opprobrium,
3313 3428 3589 3501 siquidem

323 3519 517 3590 δισμδς
539 3520 651 3592 γάρ
677 3522 985 3592 ἀνθρώπου,
1026 3520 1208 3591 θλῖψιν
1254 3521 1353 3591 μὲν
1386 3522 1617 3592 παρέχει
1656 3524 1723 3593 τῇ
1763 3539 1897 3592 καρ-

324 3611 437 3680 δίᾳ,
469 3609 690 3679 ἁγνείας
732 3612 787 3665 δὲ
825 3611 998 3675 αἴτιος
1034 3611 1244 3679 γίνεται
1275 3610 1355 3681 τῷ
1403 3612 1751 3680 ὑπομένοντι.
1791 3613 1901 3666 Καὶ

325 3704 460 3773 ὅσην
492 3703 593 3773 μὲν
628 3705 694 3757 ἀν
727 3721 811 3767 τις
833 3705 973 3775 ὑπὲρ
1007 3705 1268 3776 ἀληθείας
1297 3704 1536 3775 Χριστοῦ
1596 3705 1901 3776 καταδέξη-

324 3812 416 3848 ται
451 3795 719 3865 ἐντροπὴν
739 3834 753 3857 ,
781 3796 1166 3860 πολυπλασίως
1198 3796 1305 3850 ὑπὸ
1346 3795 1587 3866 πλήθους
1634 3778 1902 3868 δοξασθή-

329 3901 510 3949 σεται,
543 3885 640 3941 καί⁹
692 3886 914 3940 ἀκούσει
961 3888 1114 3959 παρά
1160 3888 1256 3942 τοῦ
1313 3889 1500 3960 ἰατροῦ
1551 3888 1661 3943 τῶν
1712 3881 1903 3960 ψυχῶν

326 3976 511 4047 ἡμῶν,
559 3996 578 4029 σ
625 3978 755 4045 Ἴδε,
797 3980 955 4050 ὑγιὴς
987 3980 1255 4049 γέγονας,
1295 3981 1496 4053 μηκέτι
1531 3974 1836 4053 ἁμάρτανε.
1880 4002 1898 4035 9

327 4068 493 4136 Λέγει
535 4067 591 4121 δὲ
635 4069 729 4122 καί
772 4087 855 4134 τις
906 4073 1103 4140 σοφός’
1138 4093 1159 4124 ‹
1192 4074 1284 4144 Μὴ
1332 4073 1559 4137 ὀνείδιζε
1613 4073 1904 4144 ἄνθρωπον

325 4156 744 4228 ἀποστρέφοντα
774 4160 883 4214 ἀπὸ
905 4163 1199 4235 ἁμαρτίας,
1231 4184 1251 4217 9
1280 4165 1418 4220 ἀλλὰ
1446 4165 1647 4236 μᾶλλον
1672 4168 1904 4238 προνοοῦ

326 4247 475 4301 καλά
516 4250 746 4304 ἐνώπιον
799 4254 1005 4324 Κυρίου
1064 4256 1157 4308 καὶ
1203 4255 1528 4322 ἀνθρώπων.
1556 4258 1906 4332 Τηρήσωμεν

325 4333 445 4400 οὖν,
478 4340 773 4409 ἀγαπητοὶ,
806 4343 906 4415 τὴν
934 4346 1161 4415 καρδίαν
1184 4348 1342 4417 ἡμῶν
1364 4348 1788 4425 ἐρηρεισμένην,
1810 4350 1905 4405 τοῦ

332 4428 412 4498 μὴ
448 4431 735 4501 προσέχειν
765 4432 1065 4506 ἀλλοτρίοις
1090 4438 1394 4517 πταίσμασι
1430 4478 1446 4503 ,
1470 4441 1566 4494 καὶ
1591 4440 1872 4507 ὀνειδίζειν
1892 4486 1906 4506 ,

328 4523 424 4575 ἵνα
457 4523 531 4593 μὴ
575 4524 899 4595 ἀκούσωμεν
937 4528 1091 4597 παρὰ
1119 4529 1215 4582 τοῦ
1243 4531 1442 4584 Δαυῒδ·
1480 4550 1501 4584 ‹
1528 4533 1654 4586 Υἱοὶ
1698 4534 1911 4603 ἀνθρώ·

2001 3530 2123 3573 eam
2201 3518 2631 3574 contumeliam’
2676 3519 3077 3590 imperturbato
3155 3518 3339 3574 animo
3432 3536 3591 3579 exce-

2001 3609 2147 3679 perit
2219 3616 2275 3664 et
2337 3625 2463 3665 cum
2531 3611 2836 3685 gratiarum
2904 3611 3159 3676 actione,
3207 3611 3425 3682 1108
3497 3628 3594 3683 per

2000 3715 2123 3756 eam
2185 3700 2662 3756 humiliationem'
2696 3700 2885 3756 divina
2940 3717 3051 3773 ope
3112 3704 3459 3773 protegitur.
3520 3720 3591 3760 ne

2002 3792 2060 3847 in
2083 3792 2276 3848 eadem
2302 3793 2409 3866 iam
2441 3794 2624 3849 victus
2657 3793 2978 3865 revolvatur
3009 3802 3256 3865 peccata.
3283 3794 3591 3851 Contume-

2001 3884 2075 3939 lia
2127 3885 2274 3940 enim
2326 3884 2568 3944 hominis
2605 3874 2759 3942 cordi
2811 3884 3128 3942 aﬂlictivam
3179 3886 3594 3942 tribulationem

1975 3976 2169 4063 'all‘ert
2196 3996 2210 4032 :
2241 3985 2298 4034 at
2335 3994 2495 4049 aequo
2536 3978 2723 4035 animo
2753 3980 3050 4035 sustinenti
3082 3988 3277 4039 auctor
3302 3988 3409 4045 ,cst
3448 3979 3593 4045 idem

2005 4072 2292 4127 munditia:
2317 4080 2373 4128 et
2392 4072 2673 4143 puritatis.
2694 4072 2802 4129 Sed
2834 4081 2891 4129 et
2913 4085 3124 4144 quanto
3143 4074 3269 4144 quis
3298 4088 3401 4145 pro
3431 4074 3597 4129 Chri.

2006 4163 2075 4218 sti
2109 4160 2347 4217 veritate
2401 4154 2682 4233 exceperit
2719 4162 3079 4235 insigniorcm
3116 4164 3348 4235 objectae
3399 4163 3597 4220 confu-

2007 4253 2182 4309 siOnis
2238 4253 2619 4324 ignominiam,
2672 4261 2831 4309 tanto
2891 4254 2938 4309 is
2996 4254 3311 4310 uberiorem
3364 4254 3597 4325 gloriam

2005 4330 2438 4416 promerebitur.
2468 4344 2671 4399 Audiet
2697 4346 2754 4401 et
2779 4345 2915 4400 illud
2946 4344 3015 4401 ab
3042 4328 3352 4401 animarum
3382 4356 3600 4401 nostra-

2008 4449 2131 4488 rum
2155 4433 2407 4504 principe
2441 4433 2655 4488 medico
2684 4453 2696 4487 :
2744 4453 2762 4487 ι
2802 4434 2946 4489 Ecce
2970 4450 3140 4492 sanus
3169 4435 3352 4492 factus
3377 4451 3460 4501 cs,
3484 4438 3597 4508 jam

2009 4527 2245 4597 amplius
2292 4526 2405 4581 noli
2454 4525 2771 4596 peccare“;
2810 4546 2828 4579 9
2857 4526 3013 4584 Unus
3050 4529 3284 4598 proinde
3325 4512 3471 4583 inter
3520 4544 3602 4585 sa-

330 4629 474 4678 πων,
514 4616 561 4667 ot
614 4615 824 4680 οδόντες
888 4618 1084 4682 αὐτῶν.
1136 4620 1274 4675 ὅπλα
1332 4622 1427 4676 καὶ
1489 4623 1618 4696 βέλη
1649 4641 1664 4656 °
1726 4627 1822 4679 καὶ
1870 4628 1895 4695 ἦ

2009 4620 2226 4691 pientes
2254 4618 2391 4679 dicit
2422 4612 2496 4682 ;’‹
2533 4618 2613 4674 Ne
2657 4619 2961 4689 exprobres
3004 4620 3221 4676 homini
3248 4622 3518 4677 avertenti
3543 4638 3602 4677 sc

326 4705 554 4773 γλῶσσα
584 4708 784 4772 αὐτῶν,
819 4709 1067 4781 μάχαιρα.
1107 4711 1274 4777 ὀξεῖα.
1300 4716 1412 4768 Καὶ
1434 4714 1543 4787 γὰρ
1582 4714 1675 4769 τοῦ
1711 4716 1833 4770 Ἰὼϐ
1860 4722 1895 4771 ο“

2012 4726 2043 4766 a
2061 4717 2287 4781 peccato
2314 4711 2359 4742 ⁸⁸
2384 4728 2396 4764 :
2424 4730 2442 4762 9
2478 4709 2613 4780 quin
2641 4710 2831 4780 potius
2854 4710 3085 4781 provide
3105 4712 3252 4768 bona
3272 4727 3458 4769 coram
3489 4714 3602 4769 Deo

328 4796 480 4864 φίλοι
523 4797 876 4862 ὀνειδίζοντες
910 4800 1073 4855 αὐτὸν
1114 4802 1319 4871 ελεγον,
1357 4825 1375 4856 ‹
1406 4804 1516 4859 Ποῦ
1557 4806 1707 4863 ἔστιν
1759 4805 1895 4873 οἶκος

2014 4811 2071 4858 et
2090 4802 2431 4857 hominibus.
2458 4801 2567 4858 Cor
2617 4801 2784 4873 igitur
2814 4814 3089 4869 nostrum,
3127 4805 3464 4870 charissimi,
3513 4822 3603 4861 so—

324 4889 631 4957 ἆρχοντοςς
671 4909 688 4940 9
724 4891 839 4944 Καὶ
877 4890 1059 4955 πάλιν,
1100 4911 1119 4945 ι
1154 4893 1219 4946 Τί
1241 4896 1348 4963 γὰρ
1380 4897 1477 4951 ἐὰν
1508 4898 1573 4951 σὺ
1605 4899 1889 4971 ἀποθάνῃς

2019 4897 2130 4952 lide
2194 4895 2478 4951 ﬁrmemus
2518 4903 2577 4948 et
2609 4895 3074 4962 communiamus,
3124 4913 3194 4955 ne
3252 4913 3312 4954 se
3369 4906 3601 4967 occupet

322 4979 589 5050 ἀοίκητος
631 4985 663 5053 ἠ
711 4983 804 5037 ὑπ’
834 4984 1107 5055 ούρᾳνόνς
1148 5006 1167 5038 9
1196 4986 1225 5040 6
1254 4988 1312 5041 δὲ
1359 4989 1586 5059 Ἐλιφάζ
1645 4992 1895 5066 πρότερόι

2018 4988 2369 5060 explorandis
2395 4987 2631 5045 aliorum
2664 4987 2930 5057 peccatis,
2956 5002 3066 5043 neu
3098 4990 3356 5058 cuiquam
3393 5002 3600 5057 oppro-

324 5087 521 5141 φησιν,
564 5093 583 5125 ι
614 5075 814 5148 Ούχὶὴ
866 5077 1037 5131 κακία
1084 5078 1178 5131 σού
1233 5080 1382 5133 ἐστιν
1434 5081 1602 5153 πολλή
1637 5100 1650 5148 ;
1694 5084 1909 5156 Ἀναρί·

322 5161 533 5232 θμητοι
560 5164 616 5217 δέ
651 5166 787 5218 εἰσιν
808 5168 865 5219 αἱ
897 5167 1164 5237 ἁμαρτίαι
1189 5169 1659 5243 σου,ήνεχύραζες
1692 5174 1748 5227 δὲ
1791 5178 1917 5242 τοὺς

320 5256 594 5325 ἀδελφούς
616 5258 813 5313 σου·διὰ
838 5260 1021 5329 κενῆς
1043 5261 1313 5331 ἀμφίασιν
1338 5264 1393 5315 δὲ
1412 5263 1639 5334 γυμνῶν
1663 5266 1906 5334 ἀφείλου·

319 5346 453 5399 οὐδὲ
482 5346 624 5417 ὕδωρ
652 5349 921 5418 διψῶντας
951 5351 1230 5417 ὲπότισας,
1262 5352 1399 5406 ἀλλὰ
1418 5354 1732 5408 πεινώντων
1757 5352 1911 5412 ἐστέὲ-

322 5457 509 5512 ρησας
539 5440 732 5512 ψωμόν
752 5458 765 5471 ·
798 5443 976 5515 χήρας
1000 5443 1056 5497 δὲ
1090 5441 1480 5508 ἐξαπέστειλας
1511 5446 1697 5509 κενάς·
1741 5448 1916 5517 ὀρφα--

319 5531 458 5597 νοῦς
479 5533 535 5586 δὲ
552 5535 857 5599 ἐκάκωσας.
871 5534 1175 5605 Τοιγαροῦν
1195 5536 1514 5591 ἐκύκλωσάν
1546 5554 1606 5590 σε
1632 5538 1879 5608 παγίδες,
1893 5559 1912 5591 9

406 5717 490 5769 "i
520 5717 628 5769 Cor
674 5730 793 5778 Vill,
827 5714 880 5780 9,
920 5715 1001 5770 i0.
1075 5714 1274 5769 "ibid.
1320 5716 1400 5775 ll.
1442 5715 1525 5769 12.
1601 5717 1646 5748 ⁸³
1672 5714 1692 5770 Ι
1716 5714 1843 5771 Cor.
1873 5732 1934 5781 Χ,
1960 5717 2049 5779 ‘29,
2087 5715 2176 5769 50.
2254 5715 2299 5746 5°
2329 5714 2524 5767 Matth.
2558 5729 2713 5770 XVIII.
2747 5716 2799 5775 li,
2849 5713 2928 5765 l0.

909 5787 956 5817 ⁸⁸
990 5785 1146 5841 Joan.
1178 5804 1227 5851 ν,
1265 5787 1345 5841 li.
1428 5786 1471 5819 ⁵⁵
1494 5787 1665 5842 Eccli.
1702 5803 1819 5853 \‘Ill,
1846 5790 1895 5840 (ἱ.

2003 5789 2020 5813 ⁶
2044 5787 2184 5842 Psal.
2221 5800 2326 5849 LVI,
2359 5786 2409 5838 5.
2487 5787 2528 5816 ⁸⁷
2556 5784 2658 5839 Job
2684 5800 2795 5850 XM,
2832 5786 2921 5838 :18.

324 5786 383 5818 ⁸³
413 5786 525 5841 Gal.
566 5804 632 5849 γι,
668 5789 714 5839 8.

2020 5077 2200 5132 brium
2221 5077 2472 5132 intendat
2495 5087 2590 5133 aut
2612 5077 3029 5144 contumeliam,
3046 5094 3115 5134 ne
3140 5093 3244 5133 nos
3271 5076 3471 5132 merito
3496 5090 3599 5130 no-

2017 5180 2134 5225 stro
2163 5169 2356 5226 audire
2380 5170 2664 5241 contingat
2688 5186 2718 5225 a
2749 5170 2912 5225 beato
2938 5169 3143 5224 Davide
3168 5186 3181 5221 :
3215 5187 3233 5218 ‹
3268 5166 3393 5222 Filii
3417 5166 3602 5221 homi-

2015 5277 2169 5326 num,
2193 5261 2386 5315 dentcs
2407 5276 2601 5317 eorum
2625 5276 2775 5315 arma
2803 5269 2860 5323 et
2884 5260 3093 5329 sagitta).
3114 5267 3171 5319 et
3193 5258 3379 5329 lingua
3406 5273 3600 5313 eorum

2015 5356 2229 5425 gladius
2260 5356 2535 5409 acutus”.
2570 5373 2587 5405 ι
2628 5353 2803 5409 Amici
2834 5365 3056 5421 quoque
3088 5350 3235 5406 beati
3268 5349 3374 5406 Job
3398 5348 3601 5418 expro-

2017 5445 2257 5501 bratorie
2290 5447 2587 5501 dicebant:
2628 5466 2645 5496 ι
2685 5443 2785 5499 Ubi
2812 5452 2897 5498 est
2925 5442 3125 5497 domus
3164 5440 3433 5512 principis
3456 5442 3501 5472 ⁵⁷
3527 5441 3551 5499 ?
3577 5459 3596 5491 9

2021 5539 2236 5593 Rursus
2266 5557 2279 5591 :
2321 5558 2339 5589 ς
2374 5537 2513 5604 Quid
2538 5537 2685 5592 enim
2715 5536 2759 5591 si
2791 5547 2848 5590 tu
2872 5534 3151 5599 morieris,
3174 5534 3353 5589 eritne
3385 5533 3606 5590 subcm—

3009 5711 3050 5741 "'
3087 5711 3223 5765 ibid.
3251 5714 3301 5767 7.
3381 5712 3424 5746 ⁸²
3462 5711 3603 5767 ibid;
