3986 6148
351 361 488 430 1593

911 354 1256 428 ΗΟΜῘΙᾸΑ
1294 366 1423 426 LlI.
1450 393 1520 403 —-
1561 366 1833 428 MALUM
1871 366 2020 427 PRO
2052 367 2258 428 MALO
2297 356 2460 427 NON
2497 354 3001 421 REDDENDUM.

3455 354 3593 422 1594

347 479 632 552 θελήματά
666 497 789 552 μου,
814 497 833 533 ι
869 472 1116 552 περὶτοῦ
1160 482 1550 550 ἁμνησικάκου
1593 482 1779 545 Δαυῖδ.
1814 486 1912 537 καὶ

2021 484 2200 538 bimnr
2230 480 2541 541 lenitatem,
2572 483 2632 530 ut
2668 482 2727 530 et
2770 490 2874 530 nos
2903 469 3170 543 quiddam
3213 469 3461 525 assimile
3493 486 3588 525 au-

347 572 445 625 atal
483 573 611 641 περὶ
653 571 881 642 ἐχθροὺς
910 568 1143 640 ἀγαθοῦ.
1183 573 1293 626 Kal
1322 575 1484 643 ἡμεῖς
1523 573 1616 627 οὖν
1645 573 1720 643 μὴ
1758 575 1919 643 ποιή-

348 661 532 730 σωμέν
551 678 602 713 τι
632 661 770 731 πρὸς
793 662 1004 732 ἄμυναν
1032 663 1267 732 ἀδελφοῦ
1288 664 1720 734 κατηδικηκότος
1745 667 1914 736 ἡμᾶς,

349 748 436 802 ἵνα
466 751 542 822 μὴ
568 750 790 803 ἅπαντα
818 752 949 823 ἡμῖν
981 752 1172 806 σκολιά
1195 754 1422 823 γένηται
1450 755 1509 807 ἐν
1529 755 1710 825 καιρῷ
1741 770 1917 826 προσ-

353 841 543 911 ευχῆς.
599 841 657 895 '0
689 843 854 913 νόμος
889 844 1326 914 παρακελεύεται
1352 848 1599 916 προνοεῖν
1621 847 1684 899 τὸ
1716 846 1919 910 ὑποζύ-

346 949 464 999 γιιν
491 932 584 986 τοῦ
618 933 818 1005 ἐχθροῦ
839 951 854 965 ο
886 936 982 989 καὶ
1011 938 1041 990 ὁ
1086 935 1231 1004 Ἰὼϐ,
1261 938 1338 1001 ὡς
1369 939 1633 1009 ὲχόμενος
1680 939 1788 992 ἀπὸ
1820 957 1919 993 κα-

348 1024 471 1086 κίας
517 1025 671 1095 παρά
716 1024 811 1078 τοῦ
856 1026 1435 1098 Θεοῦ-ἐμαρτυρεῖτο.
1483 1030 1595 1083 Kal
1624 1031 1650 1082 ό
1694 1030 1917 1100 Ἰωσὴφ,

347 1115 476 1177 τοὺς
507 1115 827 1181 ἐπιϐούλους
871 1117 1134 1187 ἀδελφοὺς
1171 1121 1272 1173 οὐκ
1308 1120 1573 1189 ἠμύνατο.
1607 1121 1718 1175 Kal
1754 1122 1917 1175 Ἀὄελ

349 1206 539 1269 ἁπλῶς
584 1208 677 1262 καὶ
725 1210 1053 1274 ἀνυπόπτως
1117 1213 1509 1284 συνεπορεύετο
1568 1212 1646 1283 τῷ
1693 1214 1918 1282 ἀδελφο·

348 1298 525 1368 κτόνῳ
566 1299 727 1354 Κάῖν.
757 1299 870 1354 Kal
894 1301 1114 1365 πάντως
1131 1301 1320 1366 ἁπλῶς
1351 1304 1720 1374 ἀνακηρύττει
1745 1305 1779 1375 ἡ
1802 1303 1918 1357 θεο-

347 1387 508 1456 λογία
539 1389 668 1452 τοὺς
695 1391 753 1451 ἐν
786 1392 992 1463 ἀκακία
1020 1393 1474 1465 πολιτευομένους
1506 1394 1717 1463 ἁγίους.
1749 1395 1918 1466 Φησὶν

343 1478 401 1531 δέ
427 1496 529 1543 τις,
563 1499 583 1533 ι
617 1483 714 1545 ὀς
746 1482 1174 1539 ἀνταποδίδωσιν
1212 1484 1386 1539 κακὸν
1433 1487 1555 1540 ἀντὶ
1580 1485 1821 1555 ἀγαθῶν,
1852 1486 1916 1541 οὐ

346 1570 705 1639 κινηθήσεται
736 1571 886 1625 κακὰ
914 1574 980 1625 ἐκ
1004 1572 1100 1626 τοῦ
1131 1573 1284 1627 οῐκου
1315 1574 1503 1629 αὑτοῦ.
1531 1593 1550 1626 ι
1594 1577 1704 1630 Kal
1732 1576 1915 1637 πάλιν,

349 1678 371 1712 ι
393 1659 451 1714 '0
482 1659 662 1731 βαλὼν
676 1662 829 1716 λίθον
859 1665 938 1728 είς
967 1662 1121 1731 ὕψος,
1142 1664 1236 1718 ἐπὶ
1267 1665 1368 1734 τὴν
1392 1664 1636 1737 κεφαλὴν
1663 1666 1760 1737 τὴν
1792 1669 1918 1720 ἑαυ-

347 1752 439 1803 τοῦ
487 1752 693 1822 βάλλει.
724 1772 743 1805 ι
783 1756 915 1820 Kal,
947 1773 965 1806 «
989 1756 1046 1809 '0
1066 1754 1312 1826 ὀρύσσων
1341 1757 1420 1826 τῷ
1452 1756 1668 1828 πλησίω
1699 1757 1914 1829 βόθρον,

346 1845 673 1912 ἐμπεσεῖται
699 1848 781 1909 εἰς
807 1847 990 1900 αὐτόν.
1017 1867 1036 1898 ι
1064 1823 1224 1911 Kal,«
1254 1848 1312 1901 Ὀ
1345 1823 1506 1901 ἱστῶν
1531 1823 1760 1917 παγίδα,
1780 1848 1920 1903 ἀλὼο
1950 1823 1990 1876 Β

348 1953 502 1989 σεται
537 1939 595 1991 ὲν
648 1939 812 2009 αὐτῇ,
842 1940 938 1992 καὶ
982 1940 1228 1993 ποιοῦντι
1259 1940 1493 2012 πονηρὰ,
1519 1941 1607 1994 ἐπ’
1638 1941 1802 1995 αὐτὸν
1824 1958 1918 1995 κυ-

343 2026 680 2099 λισθήσεται.
707 2049 727 2081 ι
782 2030 839 2083 '0
861 2029 927 2083 δὲ·
962 2029 1255 2102 Ἱερεμίας,
1288 2033 1630 2103 ἐντυγχάνων
1668 2032 1747 2104 τῷ
1778 2032 1916 2104 Θεῷ,

343 2119 488 2172 κατὰ
529 2118 622 2172 τὸν
668 2119 885 2190 Ἰσραὴλ
934 2119 1081 2188 λέγει
1109 2135 1122 2149 ·
1180 2139 1200 2171 «
1229 2120 1291 2173 El
1336 2121 1751 2176 ἀνταποδίδοται
1798 2121 1920 2174 ἀντὶ

345 2208 564 2278 ἀγαθῶν
617 2212 786 2275 κακά,
845 2211 1123 2281 μνήσθητι
1177 2211 1254 2275 ὡς
1289 2208 1526 2284 ἐλάλησα
1562 2211 1705 2283 ὑπὲρ
1736 2211 1918 2269 αὐτῶν

346 2302 546 2368 ἀγαθά.
576 2320 594 2352 ι
633 2300 821 2364 Οὕτως
869 2303 897 2355 ό
950 2302 1181 2368 δίκαιος,
1230 2303 1427 2366 νυκτός
1473 2319 1533 2355 τε
1583 2304 1678 2356 καὶ
1701 2303 1920 2375 ἡμέρας

346 2392 489 2463 ὑπὲρ
532 2393 714 2446 αὐτῶν
751 2393 844 2446 τὸν
869 2391 1013 2446 Θεὺν⁸
1031 2391 1305 2459 ὲξιλεοῦτο
1329 2408 1343 2423 ⁶
1377 2393 1498 2446 ὅθεν
1524 2395 1620 2448 καὶ
1652 2392 1799 2459 ἥπαξ
1826 2395 1921 2446 καὶ

345 2484 428 2546 δὶς
459 2484 692 2554 ἤκουσεν
732 2484 884 2555 παρά
925 2484 1018 2537 τοῦ
1056 2483 1213 2548 Θεοῦ,
1243 2485 1325 2537 ὅτι
1359 2484 1436 2556 μὴ
1472 2485 1622 2551 ἀξίου
1657 2485 1797 2554 ὑπὲρ
1823 2484 1916 2538 αύ-

346 2574 475 2642 τῶν,
507 2577 587 2628 ὅτι
651 2594 670 2628 «
701 2575 814 2628 Οὐκ
859 2576 1259 2646 είσακούσομαί
1314 2592 1440 2629 σου·
1498 2576 1652 2629 αὐτοὶ
1696 2575 1754 2628 δὲ
1802 2576 1924 2629 ἀντ-

345 2668 651 2737 ημείψαντο
677 2668 863 2731 αὑτὸν,
888 2687 906 2718 ι
930 2668 1266 2739 χαλάσαντες
1288 2669 1450 2722 αὑτὸν
1472 2671 1527 2747 εν
1569 2668 1645 2738 τῷ
1675 2668 1922 2739 βορϐόρῳ

347 2759 443 2811 τοῦ
473 2759 703 2813 λάκκου.
742 2760 982 2813 Τοιαῦτα
1014 2760 1121 2830 γὰρ
1148 2759 1238 2812 ἀεὶ⁸
1282 2761 1392 2812 τῶν
1425 2760 1699 2814 Ἰουδαίων
1731 2760 1800 2814 τὰ
1829 2762 1924 2814 ἀν-

346 2848 774 2919 δραγαθήματα.
815 2851 927 2903 Kal
971 2850 1170 2918 Ἰωσὴφ
1211 2850 1290 2913 δὲ,
1327 2851 1386 2904 ού
1426 2851 1588 2925 μόνον
1640 2853 1742 2906 οὐκ
1778 2852 1924 2922 ὴμύ-

348 2957 478 3019 νῇατο
497 2943 619 3003 τοὺς
642 2942 907 3011 ἀδελφούς
923 2942 1109 3007 αὑτοῦ,
1136 2942 1270 2996 ἀλλά
1299 2943 1393 3013 καὶ
1422 2943 1687 2998 ἔκλαυσεν
1719 2945 1811 2998 ἐπὶ
1832 2943 1922 2997 τὸν

347 3030 618 3099 τράχηλον
641 3031 820 3082 αὐτῶν
847 3032 905 3097 ἐξ
931 3031 1155 3101 ἀγάπης
1171 3032 1394 3104 πολλῆςο
1423 3034 1517 3087 καὶ
1539 3033 1744 3103 ἔλεγεν,
1785 3054 1803 3086 «
1829 3033 1922 3106 Μὴ

2018 579 2138 632 dire
2164 593 2196 631 a
2220 577 2335 630 Deo
2365 584 2806 644 promereamur,
2841 565 2992 636 quod
3030 572 3087 619 et
3123 563 3192 618 de
3224 562 3346 631 ipso
3378 562 3591 617 Davide

2018 667 2416 740 pronuntiavit,
2452 664 2572 719 viro
2619 659 2945 732 injuriarum
2980 656 3304 710 immemore
3338 667 3588 723 prorsus,

2017 773 2074 818 et
2098 778 2227 832 erga
2258 759 2514 815 inimicos
2542 770 2807 826 perquam
2831 751 3094 822 benigno,
3119 748 3386 802 nimirum
3415 745 3587 800 illud:

2026 875 2044 907 «
2071 842 2261 929 inveni
2354 851 2534 905 virum
2566 846 2869 903 secundum
2918 857 3014 897 cor
3046 855 3256 903 meum,
3291 838 3388 908 qui
3423 838 3591 893 faciet

2016 928 2211 1001 omnes
2268 943 2583 997 voluntates
2635 936 2915 993 meas".t
2967 935 3038 990 Et
3085 947 3189 993 nos
3231 931 3400 1001 igitur
3451 928 3588 989 tanti

2017 1038 2208 1096 herois
2244 1033 2526 1106 provocati
2580 1029 2854 1098 exemplo,
2899 1024 3155 1081 nonnihil
3201 1021 3395 1077 auxilii
3442 1035 3589 1089 prae-

2018 1143 2226 1187 stemus
2266 1144 2331 1183 ac
2379 1125 2746 1194 suﬂ‘ragemur
2783 1119 2959 1184 fratri,
2992 1134 3021 1172 a
3066 1132 3175 1187 quo
3211 1114 3589 1185 qualicunque

2017 1223 2218 1294 injuria
2260 1217 2461 1291 pulsati
2509 1230 2743 1272 sumus:
2775 1227 2845 1267 ne
2896 1210 2984 1265 vel
3028 1216 3277 1277 tempore
3319 1203 3590 1260 orationis

2017 1311 2317 1383 postulatio
2349 1307 2533 1364 omnis
2567 1311 2756 1361 nostra
2790 1299 3139 1373 repudietur,
3179 1312 3382 1367 resque
3425 1294 3591 1349 abeat

2018 1405 2074 1460 in
2112 1402 2392 1458 diversum
2439 1408 2607 1467 quam
2653 1394 2918 1464 petimus.
2949 1390 3116 1448 Iubet
3162 1390 3252 1445 lex
3298 1387 3589 1459 subjugale

2017 1493 2255 1551 aiiimale
2283 1488 2497 1546 inimici
2534 1485 2852 1561 [ipsissimis
2888 1481 3078 1538 verbis
3113 1479 3307 1536 eadem
3359 1493 3592 1549 prorsus

2018 1582 2261 1655 Dionysii
2290 1580 2492 1650 Areop.
2531 1575 2769 1648 epistola
2791 1573 2872 1646 8.]
2906 1572 2973 1646 (si
3008 1572 3122 1627 fors
3144 1569 3255 1625 labi
3281 1566 3588 1639 contingat)

2021 1673 2364 1746 utproinde
2405 1669 2746 1727 subleves".
2797 1665 2901 1722 Job
2960 1662 3349 1718 testimonium
3397 1675 3427 1714 a
3475 1659 3592 1713 Deo

2020 1774 2305 1839 reportare
2345 1761 2675 1835 promeruit,
2723 1757 2872 1835 quod
2908 1771 3064 1813 suam
3104 1754 3287 1810 adhuc
3321 1753 3590 1808 retineret

2019 1875 2085 1915 ac
2113 1844 2369 1914 tueretur
2405 1851 2802 1908 innocentiam.
2825 1846 3029 1916 Joseph
3070 1845 3139 1900 de
3168 1843 3437 1898 fratribus
3460 1842 3591 1895 nul-

2018 1950 2128 2005 lam
2162 1946 2430 2018 expetivit
2458 1944 2748 2007 ultionem,
2778 1954 2918 2010 quos
2952 1936 3161 2007 alioqui
3191 1936 3321 1992 vitae
3360 1933 3594 1990 insidia-

2021 2022 2173 2097 tores
2204 2055 2318 2095 sua:
2351 2037 2533 2092 fuerat
2562 2048 2777 2106 passus.
2805 2031 2944 2087 Abel
2984 2028 3215 2107 amabili
3237 2027 3593 2097 simplicitate

2019 2133 2286 2205 praeditus
2320 2145 2425 2203 nec
2461 2128 2629 2183 ullius
2677 2125 2935 2195 suspicax
2970 2123 3028 2177 in
3064 2137 3124 2176 se
3160 2120 3396 2191 injuriae,
3422 2116 3593 2173 simul

2019 2241 2145 2282 cum
2178 2206 2465 2279 fratricida
2493 2216 2766 2274 concessit
2787 2216 2843 2270 in
2870 2228 3081 2284 agrum.
3110 2211 3168 2267 lu
3196 2224 3399 2282 genere
3424 2216 3592 2277 quot-

2019 2323 2156 2386 quot
2211 2319 2432 2368 sanctos
2475 2308 2677 2362 divinat
2740 2304 3139 2360 concelebrant
3206 2300 3452 2363 Litterae,
3495 2312 3594 2354 eos

2020 2412 2278 2461 astruunt
2332 2419 2430 2473 per
2460 2397 2793 2455 innocentia:
2831 2396 3026 2451 callem
3071 2394 3239 2448 vitam
3286 2391 3593 2447 instituisse

2021 2511 2198 2553 suam.
2236 2494 2341 2549 Sed
2379 2501 2435 2546 et
2464 2506 2609 2546 unus
2650 2487 2852 2558 aliquis
2901 2488 2981 2541 ait
3014 2500 3028 2537 :
3087 2504 3105 2535 «
3133 2482 3233 2550 Qui
3282 2478 3596 2535 reddiderit

2022 2580 2162 2643 mala
2212 2602 2314 2657 pro
2355 2583 2541 2648 bonis,
2588 2597 2699 2651 non
2753 2578 3124 2633 movebuntur
3167 2573 3307 2628 mala
3330 2572 3398 2627 de
3427 2571 3594 2635 domo

2021 2677 2223 2751 ejus".
2253 2696 2270 2728 ι
2315 2676 2520 2730 lterum
2555 2690 2570 2727 :
2609 2670 2750 2738 «Qui
2784 2669 2919 2742 jacit
2947 2668 3183 2738 lapidem
3218 2666 3274 2720 in
3307 2664 3503 2727 altum,
3536 2661 3596 2716 in

2022 2782 2185 2823 suum
2211 2773 2378 2836 caput
2400 2764 2537 2833 jacit
2557 2763 2624 2818 τ’.
2651 2780 2669 2811 ι
2691 2761 2760 2815 Ει
2794 2776 2808 2813 ;
2833 2779 2849 2809 ι
2877 2757 2979 2824 Qui
3001 2756 3140 2811 fodit
3170 2755 3383 2810 foveam
3411 2753 3597 2824 proxi-

2022 2873 2133 2921 mo,
2168 2856 2378 2911 incidet
2400 2855 2455 2907 in
2485 2853 2681 2907 eam".
2714 2870 2732 2901 ι
2767 2851 2834 2904 Ει
2864 2867 2877 2902 :
2911 2868 2928 2900 «
2952 2847 3055 2914 Qui
3087 2846 3279 2901 statuit
3310 2846 3591 2915 laqueum,

2022 2949 2272 3019 capietur
2296 2948 2350 3001 in
2374 2962 2464 3010 eo,
2496 2953 2553 2999 et
2580 2943 2674 3013 qui
2700 2941 2834 2996 facit
2867 2940 3031 3004 mala,
3062 2939 3119 2993 in
3143 2952 3268 2992 eum
3300 2934 3603 2990 devolven-

2024 3050 2117 3096 tur
2138 3041 2207 3092 ⁷⁸.
2232 3020 2546 3094 i'Jeremias
2562 3048 2786 3105 quoque
2816 3033 2990 3105 Deum
3010 3028 3372 3098 interpellans
3400 3025 3598 3081 adver-

352 3119 631 3189 φοϐεῖσθε,
682 3121 796 3190 ἐγὼ
847 3121 1123 3193 διαθρέψω
1173 3125 1377 3194 ὑμᾶς.»
1415 3125 1645 3195 Ἰδωμεν
1691 3125 1745 3179 τί
1778 3125 1923 3178 καὶὸ

2023 3148 2119 3188 sus
2155 3130 2324 3186 Israel
2364 3128 2541 3183 dicit:
2587 3144 2604 3176 «
2631 3124 2688 3179 Si
2730 3121 3044 3177 redduntur
3074 3136 3177 3191 pro
3224 3119 3385 3173 bonis
3430 3117 3597 3181 mala,

350 3213 513 3265 Δαυῖδ
560 3215 880 3284 ἐντυγχάνει
932 3214 1015 3285 ’τῷ
1071 3215 1214 3286 Θεῷ’
1276 3214 1512 3287 «Κύριε,
1542 3219 1571 3270 ό
1603 3216 1740 3281 Θεός
1798 3234 1923 3288 μου,

351 3304 540 3372 φησὶν,
580 3305 627 3356 εί
663 3306 897 3376 ἐποίησα
928 3306 1113 3371 τοῦτο,
1160 3308 1210 3359 εί
1262 3308 1413 3369 ἔστιν
1456 3307 1639 3361 ἀδικία
1681 3311 1738 3361 ὲν
1767 3308 1925 3379 χερσί

353 3411 480 3464 μου,
515 3397 565 3447 εἰ
596 3396 954 3449 ἁνταπέδωκα
1009 3401 1123 3462 τοῖς
1170 3396 1589 3452 ἀνταποδιδοῦσί
1624 3415 1717 3470 μοι
1750 3400 1923 3464 κακὰ,

349 3488 685 3556 ἀποπέσοιμι
715 3472 852 3557 ’ἄρα
914 3488 1022 3540 ἀπὸ
1069 3487 1176 3543 τῶν
1243 3489 1452 3560 ἐχθρῶν
1502 3507 1605 3560 μου
1667 3490 1845 3554 κενός.
1899 3508 1919 3541 ι

367 3570 443 3628 ’0⁷
483 3576 541 3628 δὲ
602 3580 804 3646 Πέτρος
842 3578 1128 3648 παραινῶν
1187 3578 1364 3647 λέγει’
1405 3598 1424 3630 «
1448 3579 1539 3650 Μὴ
1582 3580 1927 3643 ἀποδιδόντες

352 3668 521 3722 κακὸν
568 3669 689 3721 ἀντὶ
747 3668 953 3732 κακοῦ,
1008 3670 1042 3741 ἢ
1098 3670 1369 3743 λοιδορίαν
1435 3673 1558 3725 ἀντὶ
1615 3671 1923 3743 λοιδορίαςο

352 3760 660 3814 τούναντίον
719 3760 776 3814 δὲ
812 3760 1182 3829 εὐλογοῦντες,
1230 3763 1311 3817 ὅτι
1357 3764 1437 3826 είς
1484 3762 1644 3817 τοῦτο
1686 3763 1922 3834 ἐκλήθηε

351 3869 434 3911 τε,
504 3852 591 3905 ἵνα
634 3853 884 3921 εὐλογίαν
958 3853 1467 3926 κληρονομήσητε.)
1529 3856 1640 3908 Kal
1680 3856 1728 3923 ,ό
1782 3857 1928 3911 Παῦ-

352 3944 480 4008 λος,
539 3964 557 3996 «
588 3945 806 4015 Ὁρᾶτε,
864 3946 1051 4015 φησιν,
1098 3947 1176 4016 μή
1217 3963 1301 4010 τις
1348 3946 1521 4012 κακὸν
1574 3947 1696 4001 ἀντὶ
1751 3948 1926 4002 κακοῦ

353 4053 460 4089 τινι
488 4036 694 4107 ἀποδῷ,
724 4035 865 4089 ἀλλά
907 4036 1141 4090 πάντοτε
1184 4036 1247 4090 τὸ
1290 4036 1498 4106 ἀγαθὸν
1545 4036 1791 4105 διώκετε,
1829 4040 1927 4093 καὶ

354 4129 434 4190 είς
489 4127 774 4197 ἀλλήλους,
831 4128 924 4182 καὶ
970 4130 1051 4192 είς
1111 4128 1341 4192 πάντας.
1372 4147 1392 4180 ι
1426 4129 1536 4184 Kal
1569 4125 1727 4193 αὖθις
1747 4145 1761 4159 ·
1793 4149 1811 4182 ι
1833 4130 1926 4202 Μὴ

355 4218 493 4271 νικῶ
523 4219 627 4272 ὑπὸ
676 4218 770 4272 τοῦ
815 4218 1013 4291 κακοῦ,
1056 4218 1196 4274 ἀλλά
1236 4216 1365 4273 νίκα
1404 4219 1572 4292 ἐντῷ
1619 4220 1813 4295 ἀγαθῷ
1866 4220 1927 4274 τὸ

356 4310 549 4363 κακόν.
583 4330 602 4362 ι
652 4311 711 4363 Ὁ
757 4310 814 4364 δὲ
851 4308 1077 4381 Κύριος,
1128 4329 1147 4362 ι
1186 4311 1466 4379 ’Δγαπᾶτε
1523 4312 1652 4372 τοὺς
1697 4311 1926 4382 ἐχθροὺς

357 4402 540 4472 ὑμῶν·
592 4403 774 4466 καλῶς
814 4406 1022 4455 ποιεῖτε
1069 4403 1183 4473 τοῖς
1242 4403 1495 4472 μισοῦσιν
1545 4402 1709 4473 ὑμᾶςέ
1754 4403 1925 4457 Εὐλο-

355 4470 501 4562 γείτε
531 4494 659 4557 τοὺς
689 4494 1113 4565 καταρωμένους
1361 4490 1469 4547 Kal
1496 4470 1642 4558 ὅστις
1676 4508 1735 4546 σε
1764 4495 1928 4564 ραπί-
1959 4470 2000 4525 D

358 4602 439 4639 σει
486 4589 566 4649 εἰς
590 4586 689 4657 τὴν
730 4585 910 4650 δεξιὰν
949 4585 1201 4654 σιαγόνα,
1238 4585 1468 4656 στρέψον
1511 4585 1660 4656 αὐτῷ
1698 4588 1793 4640 καὶ
1826 4587 1925 4657 τὴν

356 4678 544 4749 ἄλλην.
576 4679 687 4731 Kal
707 4676 784 4747 τῷ
816 4677 1022 4730 θέλοντί
1054 4694 1138 4731 σοι
1166 4678 1448 4748 κριθῆναι,
1492 4678 1584 4732 καὶ
1609 4678 1700 4731 τὸν
1724 4676 1930 4748 χιτῶνά

359 4787 452 4823 σου
500 4770 704 4834 λαϐεῖν,
758 4770 895 4837 ἄφες
940 4768 1089 4838 αὐτῷ
1132 4770 1226 4822 καὶ
1253 4768 1315 4821 τὸ
1350 4768 1563 4838 ἱμάτιόν
1594 4786 1710 4822 σου.
1738 4787 1757 4820 ι
1794 4767 1925 4833 Kal,

362 4884 381 4915 «
413 4863 479 4917 Εἴ
499 4881 581 4927 τις
617 4880 675 4916 σε
706 4863 1032 4934 ἀγγαρεύσῃ
1078 4860 1255 4930 μίλιον
1280 4861 1359 4925 ἓν,
1386 4860 1568 4929 ὕπαγε
1609 4863 1729 4932 μετ’
1760 4860 1928 4915 αὐτοῦ

356 4955 473 5008 δύο.
500 4975 516 5005 ι
551 4956 683 5020 Καὶ,
720 4974 738 5006 ι
760 4953 981 5007 Γίνεσθε
1019 4953 1367 5024 οἰκτίρμονες
1398 4954 1495 5006 καὶ
1534 4954 1751 5019 τέλειοι,
1802 4954 1877 5016 ὼς
1902 4957 1956 5016 ὁ,

360 5046 551 5115 Πατὴρ
596 5045 749 5115 ὑμῶν
804 5047 833 5099 ό
876 5044 1148 5115 οὐράνιος.
1176 5064 1196 5096 ι
1248 5045 1407 5116 Αύτῷ
1449 5048 1482 5116 ἡ
1512 5045 1640 5111 δόξα
1679 5047 1757 5108 είς
1806 5046 1931 5108 τοὺς

360 5136 581 5198 αἰῶνας.
620 5136 814 5206 Ἀμήν.

2021 3221 2341 3285 recordare,
2391 3227 2598 3290 quanta
2646 3216 2872 3270 locutus
2918 3213 3023 3268 sim
3068 3225 3169 3281 pro
3207 3211 3289 3264 eis
3322 3207 3595 3263 bona7'.»

2021 3313 2175 3370 Adeo
2203 3314 2389 3384 justus
2420 3311 2533 3373 hic,
2572 3307 2801 3378 perdius
2832 3315 2887 3360 et
2914 3318 3127 3374 pernox
3152 3301 3275 3356 istis
3307 3300 3387 3355 sic
3414 3299 3602 3368 ingra-

1986 3406 2096 3462 'tis
2131 3404 2473 3461 exorabilem
2506 3402 2603 3457 Dei
2668 3398 3021 3455 clementiam
3088 3394 3354 3451 studebat
3415 3391 3603 3447 conci-

2021 3496 2183 3571 liare,
2213 3502 2272 3548 et
2302 3491 2529 3547 ﬂectere
2565 3488 2705 3543 iram
2735 3505 2749 3539 :
2785 3484 3001 3557 1110
3034 3482 3182 3538 unde
3240 3489 3298 3536 et
3346 3479 3514 3535 semel
3545 3486 3603 3534 et

2017 3567 2272 3655 secundo
2321 3581 2509 3636 divina
2553 3594 2691 3634 voce
2732 3575 2950 3644 accepit
2990 3582 3320 3643 reSponsum
3367 3587 3382 3623 :
3434 3567 3602 3624 «Noli

2026 3690 2186 3733 orare
2232 3689 2333 3746 pro
2381 3672 2484 3737 eis,
2519 3685 2629 3726 non
2680 3668 2829 3723 enim
2862 3664 3155 3721 exaudiam
3172 3673 3228 3718 te
3248 3664 3347 3716 ⁷⁸.»
3386 3658 3602 3730 Ecquid

2026 3766 2253 3825 tandem
2289 3763 2511 3833 excepit
2542 3762 2724 3833 digna;
2754 3756 3187 3837 retributionis?
3221 3754 3457 3824 Utrique
3490 3763 3602 3808 tam

2025 3858 2170 3917 bene
2209 3857 2279 3913 de
2321 3872 2382 3912 se
2416 3860 2729 3910 merentem
2771 3849 3121 3905 demiserunt
3153 3848 3214 3902 in
3241 3847 3421 3901 lacum
3461 3844 3605 3898 fetu-

2024 3951 2239 4007 lentum
2272 3964 2339 4004 ac
2384 3961 2544 4002 caeno
2583 3944 2889 3999 madidum.
2918 3940 3046 3996 Haec
3086 3946 3358 4010 perpetuo
3384 3936 3604 3992 Judaeos

2025 4041 2284 4098 comitata
2332 4047 2419 4094 est
2456 4036 2601 4096 male
2650 4041 2808 4106 grata
2848 4032 3175 4098 strenuitas,
3218 4031 3301 4085 sic
3331 4044 3391 4084 se
3428 4028 3604 4083 fortes

2026 4133 2423 4204 praestiterunt.
2457 4127 2665 4198 .loseph
2713 4132 2984 4196 praeterea
3022 4123 3162 4179 adeo
3230 4121 3371 4176 nihil
3431 4119 3605 4174 inter-

2026 4223 2269 4277 minatus
2319 4228 2406 4275 est
2459 4216 2678 4272 ultricis
2698 4214 2959 4270 vindictae
2992 4211 3282 4275 fratribus,
3319 4217 3378 4264 ut
3403 4223 3606 4263 unum-

2028 4327 2306 4384 quemque
2343 4310 2668 4381 complexus
2700 4307 2958 4372 seorsim,
2997 4305 3142 4361 colla
3170 4305 3389 4358 illorum
3415 4300 3606 4371 Opple-

2028 4405 2175 4460 verit
2204 4401 2524 4475 lacrymis"
2561 4392 2581 4454 τ’
2611 4407 2764 4455 tanta
2793 4412 2926 4468 erga
2954 4396 3082 4452 illos
3111 4393 3456 4465 liquescebat
3476 4392 3610 4447 chao

2032 4494 2216 4551 ritate.
2244 4493 2351 4549 Sed
2372 4500 2429 4547 et
2452 4491 2672 4547 dicebat
2699 4508 2713 4543 :
2749 4509 2767 4542 «
2800 4488 2984 4544 Nolite
3014 4488 3229 4552 timere,
3260 4499 3361 4555 ego
3384 4497 3604 4553 pascam

2031 4603 2131 4642 vos
2150 4587 2219 4640 ".
2247 4605 2264 4637 ι
2306 4585 2450 4652 Quid
2492 4584 2729 4655 proinde
2775 4580 3076 4652 postularit
3107 4577 3280 4633 David
3305 4577 3486 4634 aDeo.
3513 4590 3611 4631 er

2034 4676 2388 4749 pendendum
2441 4691 2589 4730 nunc
2623 4694 2634 4728 :
2675 4674 2965 4738 «Domine,
3001 4671 3149 4726 Deus
3209 4684 3386 4734 mens,
3421 4667 3467 4723 si
3500 4666 3606 4723 feci

2033 4770 2203 4835 istud,
2226 4770 2323 4833 ait,
2353 4769 2399 4824 si
2430 4778 2515 4824 est
2535 4762 2812 4838 iniquitas
2844 4766 2899 4820 in
2929 4765 3190 4820 manibus
3216 4763 3375 4826 meis,
3407 4761 3453 4817 si
3475 4760 3606 4815 red-

2000 4916 2001 4931 ,
2034 4862 2149 4916 didi
2186 4860 2630 4916 retribuentibus
2655 4858 2794 4913 mihi
2830 4857 2994 4920 mala,
3026 4856 3276 4912 decidam
3322 4854 3514 4923 utique
3539 4851 3605 4905 ab

2036 4953 2277 5009 inimicis
2315 4952 2455 5006 meis
2503 4949 2763 5004 inanis".
2791 4968 2810 5000 ι
2851 4949 3049 5004 Petrus
3100 4949 3231 5003 item
3281 4946 3607 5006 admonens,

2035 5046 2111 5099 ait
2145 5063 2158 5098 :
2192 5063 2209 5091 ι
2233 5042 2685 5099 Νοιιδιεοιὶιίειιιρε
2729 5042 2930 5095 malum
2970 5056 3068 5110 pro
3111 5041 3275 5103 malo,
3307 5047 3404 5092 aut
3435 5035 3609 5090 male-

2037 5135 2244 5192 dictum
2276 5150 2377 5205 pro
2412 5135 2726 5197 maledicto,
2761 5134 2857 5189 sed
2888 5150 2919 5189 e
2954 5132 3232 5186 contrario
3272 5128 3608 5183 benedicen-

363 5234 479 5292 tes;
525 5228 651 5297 quia
698 5227 754 5280 in
792 5226 917 5280 'hoc
970 5225 1151 5280 vocati
1202 5225 1356 5288 estis,
1389 5233 1450 5279 ut
1493 5224 1932 5279 benedictionem
1970 5224 2289 5279 haereditate
2355 5218 2765 5293 possidentis“.
2792 5242 2811 5273 ›
2874 5221 3076 5275 Paulus
3099 5219 3444 5272 etiamnum:
3477 5216 3607 5271 «Vi-

359 5319 486 5375 delc
520 5335 586 5373 ne
628 5320 753 5388 quis
798 5318 997 5371 malum
1028 5334 1129 5387 pro
1193 5318 1337 5372 malo
1370 5317 1581 5382 reddat,
1622 5316 1719 5372 Sed
1783 5326 2015 5386 semper'
2036 5317 2184 5387 quod
2213 5318 2418 5373 bonum
2451 5327 2558 5381 est,
2591 5316 2953 5371 secteminiet
2983 5314 3036 5366 in
3058 5311 3291 5364 invicem
3323 5318 3380 5362 et
3407 5309 3463 5362 in
3492 5323 3608 5361 om-

360 5411 546 5468 nes“.
578 5432 594 5462 ι
637 5412 879 5467 Rursum
911 5429 925 5462 :
959 5428 979 5465 «
1007 5412 1130 5467 Noli
1174 5411 1323 5466 vinci
1370 5426 1400 5465 a
1446 5412 1615 5476 malo,
1678 5410 1773 5466 sed
1810 5412 1968 5467 vince
2004 5412 2059 5466 in
2095 5413 2240 5467 bono
2274 5412 2479 5465 malum
2502 5410 2566 5461 δ’.
2595 5428 2613 5459 ι
2646 5407 2788 5473 Quid
2855 5404 3156 5459 Dominus?
3193 5422 3211 5453 «
3243 5401 3464 5471 Diligite
3498 5396 3607 5454 ini-

437 5615 480 5646 ”
514 5615 532 5669 Ι
567 5615 697 5685 Reg.
735 5632 849 5677 xui,
881 5615 968 5685 14.
1045 5614 1090 5646 "°
1111 5613 1284 5669 Exod.
1313 5631 1463 5679 mn,
1487 5615 1540 5674 4.
1571 5614 1624 5669 5.

364 5700 529 5743 xxvn.
554 5684 762 5747 29,30.

367 5771 460 5819 vu,
494 5757 543 5819 4,
583 5756 631 5808 5.
720 5756 764 5786 ⁸⁸
795 5753 982 5810 chtr.
1014 5770 1090 5821 In,
1130 5754 1182 5809 9.
1259 5756 1304 5787 ⁸¹
1338 5756 1356 5808 l
1391 5755 1581 5811 Thess.
1617 5772 1668 5819 ι’,
1704 5757 1786 5808 15‘.

881 5615 968 5668 M.
1045 5614 1090 5646 "°
1111 5613 1284 5669 Exod.
1313 5631 1463 5679 χχιιι,
1487 5615 1540 5674 4.
1571 5614 1624 5669 5.
1712 5615 1757 5647 "
1787 5613 1925 5669 Prov

863 5686 909 5716 τι
942 5684 1116 5716 ῐιηιοηι
1172 5701 1296 5716 νυ...
1353 5685 1423 5716 cm
1516 5686 1561 5716 16
1598 5685 1770 5716 Innnnn
1822 5702 1868 5716 .n
1923 5710 1925 5716 ι

2021 5630 2112 5677 v11.
2155 5613 2242 5667 15.
2328 5611 2374 5642 ⁷⁸
2401 5615 2557 5668 Prov.
2595 5624 2741 5670 xxw,
2773 5598 2860 5658 97.
2948 5605 2993 5636 ⁷³
3027 5603 3162 5659 ibid.

2084 5685 2129 5716 Π
2158 5682 2275 5716 non
2338 5699 2389 5716 ν.
2411 5699 2462 5716 η.
2521 5680 2590 5716 πη
2706 5678 2751 5709 ⁷8
2776 5679 2910 5716 (Ian,
2943 5690 3043 5716 τιν
3111 5674 3145 5716 Κ

937 5684 1138 5739 Jcrem.
1172 5701 1317 5746 xvm,
1353 5685 1442 5738 9.0.
1516 5686 1561 5716 ⁷⁸
1589 5685 1793 5739 Jerem.
1819 5702 1892 5748 xl,
1923 5685 2006 5739 M.
2084 5685 2129 5716 ’⁷
2158 5682 2297 5737 Gen.
2338 5699 2486 5747 xun,
2521 5680 2610 5735 '50.

937 5770 982 5807 r.
1014 5770 1090 5811 In.
1130 5754 1182 5809 9.
1259 5756 1304 5787 ⁸¹
1338 5756 1356 5808 l
1391 5755 1581 5811 Thess.
1617 5772 1668 5811 ι’.
1704 5757 1786 5808 15‘.
1893 5758 1937 5787 ⁸³
1971 5756 2125 5811 Ιιυιιι.
2156 5770 2249 5811 xu,
2285 5752 2374 5807 2!.

3360 5602 3408 5634 "
3435 5600 3604 5655 Eccli.

2706 5678 2751 5709 ⁷³
2776 5679 2913 5733 Gen.
2943 5690 3065 5744 XLV,
3111 5674 3164 5743 5,
3203 5675 3290 5728 ll.
3380 5674 3424 5705 "'
3460 5671 3603 5728 Psal.
