3986 6148
499 314 638 384 1595
1762 332 1861 391 AN
1866 334 2131 397 TIOCIII
2171 337 2522 399 MONACHI
3603 352 3708 421 1596

493 431 670 484 micos
724 438 959 495 vestros,
1015 431 1319 489 benefacite
1406 434 1495 491 his
1574 434 1670 504 qui
1728 436 1967 494 oderunt
2018 457 2138 506 vos,
2179 443 2494 500 benedicite
2539 446 3002 507 maledicentibus
3060 452 3254 511 vobis:
3283 459 3583 533 quicunque
3614 481 3711 535 per-

499 523 730 579 cusserit
751 534 803 578 te
834 523 887 577 in
908 523 1192 580 dexteram
1218 528 1514 594 maxillam,
1547 529 1733 599 praebe
1756 530 1810 587 ei
1841 541 1899 588 et
1926 534 2194 602 alteram;
2222 545 2279 592 ct
2325 538 2377 592 ei
2422 540 2518 609 qui
2591 540 2707 603 vult
2758 550 2939 598 tecum
3009 523 3346 607 contendere
3413 554 3468 608 in
3504 523 3709 625 Ijudicio.

492 621 544 668 et
607 618 847 672 tunicam
901 626 1052 673 luam
1106 619 1323 685 tollere,
1374 622 1591 679 dimitte
1632 625 1685 680 ei
1737 635 1795 682 et
1847 626 2076 697 pallium
2116 631 2360 687 tuum”.
2394 652 2413 684 ι
2454 633 2525 689 Et
2571 651 2601 687 ,ι
2671 634 2776 689 «Si
2823 638 2951 707 quis
2991 642 3361 711 angariaverit
3414 656 3467 702 te
3522 618 3713 706 inilliare

495 723 687 771 unum,
724 708 863 764 vade
911 724 1037 764 cum
1070 727 1139 767 eo
1166 720 1223 767 et
1257 714 1364 769 alia
1401 716 1512 771 duo
1549 717 1616 772 ⁸⁵.
1658 738 1680 770 ι
1712 720 1781 774 Et
1813 739 1826 774 :
1865 740 1883 772 (
1910 722 2538 789 Estotemisericordes
2574 735 2630 783 et
2676 729 2935 805 perfecti,
2972 708 3118 791 sicut
3162 736 3327 794 Pater
3370 750 3545 798 vester
3585 745 3712 799 caele.

493 797 592 853 stis
608 807 650 837 υ
663 840 676 853 .
702 818 723 851 ι
762 799 870 869 Ipsi
901 801 1075 883 gloria
1104 803 1163 857 in
1196 804 1419 860 saecula.
1454 805 1668 883 Amen“

1047 876 1345 971 ‘HOMILIA
1379 917 1515 973 LIII.

851 1025 929 1080 De
953 1029 1209 1082 memoria
1239 1040 1465 1101 acceptae
1493 1027 1727 1104 injuriaz.

564 1137 835 1193 Absoluto
891 1148 1175 1212 utcunque
1233 1160 1506 1211 sermone,
1557 1146 1625 1203 de
1671 1163 1738 1203 eo
1780 1147 1927 1219 Quod
1974 1162 2074 1221 pro

495 1220 641 1284 malo
684 1230 1002 1306 neutiquam
1050 1232 1466 1305 rependendum
1494 1239 1566 1293 sit
1590 1239 1815 1306 malum,
1847 1241 1914 1297 ad
1946 1258 2072 1297 eum

495 1302 972 1387 transcendamus,
1013 1302 1128 1395 qui
1161 1331 1246 1381 est
1296 1328 1365 1383 de
1411 1332 1679 1386 memoria
1716 1343 1956 1403 accepta:
1986 1335 2074 1389 in-

488 1407 670 1477 jurirc.
695 1410 815 1465 Non
844 1414 1029 1477 modo,
1060 1415 1281 1485 fratres,
1317 1435 1426 1475 non
1452 1413 1719 1477 debemus
1757 1424 2074 1483 meminisse

495 1496 665 1553 ullius
708 1488 836 1555 mali
884 1511 915 1556 a
965 1506 1381 1564 contribulibus
1425 1517 1521 1565 aut
1554 1509 1814 1569 afﬁnitate
1842 1516 2073 1591 propin-

492 1588 621 1657 quis
648 1593 897 1661 accepti;
931 1592 1030 1650 sed
1056 1611 1126 1650 ex
1158 1597 1381 1654 diverso
1410 1602 1596 1656 cuncti
1631 1605 1866 1659 veniunt
1912 1590 2075 1662 Chri-

491 1679 670 1736 stiana
695 1676 1109 1755 longanimitate
1152 1682 1447 1757 tolerandi,
1477 1709 1543 1748 ac
1566 1692 1698 1750 mali
1726 1680 1914 1752 nostra
1945 1707 2075 1754 sunt

493 1771 821 1828 sublevandi
863 1772 1208 1849 benignitate
1232 1800 1245 1836 :
1271 1792 1372 1838 nec
1395 1791 1698 1857 utcunque,
1724 1804 1919 1844 verum
1943 1805 2073 1863 erga

490 1864 630 1918 tales
675 1878 878 1924 nostra:
914 1871 1373 1942 conduplicemus
1410 1889 1737 1949 argumenta
1769 1882 2073 1940 liberalita-

490 1954 584 2021 tis,
615 1966 676 2012 ut
701 1959 786 2012 vel
816 1955 1032 2029 piorum
1064 1980 1293 2033 operum
1318 1965 1560 2025 efﬁcacia
1582 1986 1685 2026 nos
1704 1972 1855 2042 ipsos
1884 1973 2070 2031 decla-

490 2059 677 2101 remus
707 2044 973 2119 ingenuos
1009 2048 1217 2109 Christi
1249 2071 1371 2112 esse
1414 2057 1720 2131 discipulos
1746 2080 1759 2114 :
1786 2063 1901 2134 ipse
1922 2065 2070 2120 enim

486 2126 748 2196 Christus
793 2142 846 2195 in
896 2146 1070 2201 malos
1117 2157 1287 2218 atque
1351 2126 1578 2207 inutiles
1626 2169 1783 2210 suam
1806 2126 2070 2213 effundit

2110 908 2157 964 Α

2780 925 2999 984 ΛΟΓΟΣ
3036 930 3164 987 NI".

2462 1099 2469 1103 _
2525 1034 2675 1108 Περὶ
2708 1042 2816 1097 τοῦ
2839 1043 2927 1113 μὴ
2951 1050 3381 1114 μνησικακεῖν.

2248 1144 2352 1203 Τὸν
2391 1153 2519 1225 περὶ
2550 1154 2646 1207 τοῦ
2689 1155 2764 1226 μὴ
2795 1159 3192 1215 ἀνταποδοῦναι
3220 1166 3391 1218 κακὸν
3441 1167 3553 1220 ἀντὶ
3580 1172 3712 1224 κακοῦ

2176 1238 2336 1309 λόγον
2364 1242 2710 1309 τελέσαντες,
2754 1248 3105 1321 μετέλθωμεν
3136 1253 3232 1306 καὶ
3270 1257 3352 1318 είς
3381 1257 3469 1309 τὸν
3495 1259 3584 1328 τῆς
3611 1278 3713 1330 μνηο

2179 1333 2464 1397 σικακίας,
2519 1336 2593 1389 Οὐ
2633 1337 2800 1406 μόνον
2847 1339 2976 1410 γὰρ,
3033 1341 3276 1412 ἀδελφοὶ,
3331 1347 3432 1401 οὐκ
3477 1349 3714 1422 ὀφείλομεν

2178 1429 2547 1494 μνησικακεῖν
2594 1431 2710 1492 τοῖς
2763 1431 3087 1501 ὁμογενέσιν
3113 1437 3209 1490 καὶ
3247 1439 3590 1510 ὀμοσάρκοις,
3613 1445 3715 1498 ἀλλὰ

2174 1516 2516 1583 τούναντίον,
2570 1520 2987 1592 Χριστιανικῶς
3027 1526 3344 1597 φερόμενοι,
3379 1534 3471 1584 καὶ
3507 1535 3617 1595 τοὺς
3642 1552 3717 1589 κα-

2175 1605 2307 1669 κοὺς
2360 1608 2774 1677 ἀγαθύνοντες,
2818 1606 2939 1668 και
2969 1617 3354 1685 ὲφαπλοῦντες
3418 1623 3503 1676 ἐπ’
3556 1626 3717 1689 αὐτοὺς

2175 1696 2377 1769 πολλὴν
2405 1700 2746 1773 ἀγαθότητα,
2777 1705 2875 1759 καὶ
2899 1706 3308 1775 ἐπιδεικνύντες
3333 1713 3423 1766 διὰ
3451 1715 3554 1769 τῶν
3575 1714 3716 1788 ἔργων

2174 1787 2407 1852 ἑαυτοὺς
2440 1790 2737 1861 ἀληθινοὺς
2769 1794 3022 1867 μαθητὰς
3058 1800 3155 1853 τοῦ
3184 1802 3452 1873 Χριστοῦ,
3484 1807 3559 1859 ὅτι
3588 1787 3718 1872 αὐτὸς

2176 1879 2419 1945 χρηστός
2453 1880 2606 1937 ἐστιν
2646 1882 2742 1934 ἐπὶ
2771 1885 2898 1949 τοὺς
2941 1889 3217 1959 πονηροὺς
3265 1893 3365 1944 καὶ
3411 1895 3715 1965 ἀχαρίστους.

2175 1966 2366 2029 Οὕτως
2393 1967 2486 2022 οὖν
2529 1971 2625 2024 καὶ
2654 1973 2817 2044 ἡμεῖς
2852 1974 3165 2049 ὀφείλομεν,
3196 1981 3256 2033 ἐν
3295 1983 3491 2051 ἅπασι,
3524 1987 3648 2040 κατὰ
3672 1986 3719 2039 τὸ

2175 2058 2409 2112 δυνατὸν
2462 2062 2620 2130 ἡμῖν,
2677 2066 3025 2136 μιμήσασθαι
3069 2067 3161 2122 τὸν
3210 2071 3421 2143 Κύριον
3462 2076 3626 2144 ήμῶν.
3669 2077 3718 2128 El

2175 2147 2359 2202 τοίνυν
2394 2149 2777 2223 ἐπιθυμοῦμεν
2796 2152 2891 2208 τοῦ
2916 2159 3272 2228 μακαρισμοῦ
3304 2162 3489 2229 αὐτοῦ,
3512 2164 3567 2219 οὐ
3590 2166 3720 2234 μόνον

490 2224 909 2297 benignitatem.
967 2235 1049 2289 Ad
1105 2251 1234 2291 eum
1286 2241 1515 2295 modum
1552 2234 1652 2313 pia
1712 2249 2067 2315 contentione

2172 2240 2273 2310 τὴν
2302 2242 2428 2293 κατ’
2452 2242 2739 2313 ἐνέργειαν
2783 2224 2954 2316 ὀργὴν
3001 2224 3241 2304 κωλῦσαι
3275 2224 3720 2323 ὀφείλοίιένίὰλλὰ

488 2312 694 2374 imitari
729 2319 1025 2379 Dominum
1073 2327 1366 2392 debemus.
1397 2342 1677 2402 quatenus
1708 2337 1901 2394 sinunt
1940 2341 2076 2396 viri-

487 2414 628 2469 cula:
653 2426 877 2472 nostrae.
917 2419 1059 2475 Sane
1087 2422 1267 2494 siqua
1308 2425 1541 2484 incessit
1585 2430 1789 2502 cupido
1821 2433 2078 2490 obtinen-

485 2504 580 2563 da:
599 2506 897 2578 aliquando
920 2511 1306 2579 beatitudinis,
1336 2518 1456 2588 ejus
1496 2524 1818 2587 necessesit
1848 2524 1986 2580 iram
2015 2535 2078 2581 ut

484 2612 797 2662 arceamus,
821 2616 934 2657 non
969 2603 1038 2659 ab
1058 2619 1229 2676 opere
1276 2610 1479 2678 solum,
1515 2610 1612 2668 sed
1644 2628 1749 2670 nec
1775 2614 1832 2670 in
1869 2617 2072 2673 mentis

484 2687 827 2746 domicilium
859 2693 1104 2753 sinamus
1130 2699 1387 2757 alicunde
1412 2703 1900 2779 irrepereaNeque
1926 2710 2075 2765 enim

483 2782 622 2835 tanti
649 2791 735 2837 est
759 2784 816 2838 in
839 2784 963 2855 ipso
996 2788 1446 2849 incandescentis
1478 2796 1571 2851 ira:
1596 2798 1834 2854 articulo
1856 2800 2077 2858 frenare

483 2886 566 2935 os,
592 2887 695 2928 nec
728 2876 901 2930 ullum
937 2879 1269 2961 depromere
1293 2886 1526 2941 verbum
1557 2892 1816 2962 concepti
1866 2892 2072 2949 furoris

482 2963 649 3019 iudex
679 2983 692 3019 :
726 2968 935 3039 1111
965 2974 1161 3041 quanti
1201 2984 1285 3030 est
1317 2993 1624 3050 expurgare
1654 2996 1751 3037 cor
1793 2983 1863 3038 ab
1902 2986 2054 3047 omni

480 3066 721 3126 accepta:
756 3059 975 3130 injuria:
1027 3062 1302 3121 inamoena
1349 3074 1406 3123 et
1432 3069 1652 3125 insuavi
1692 3075 1982 3140 memoria,
2013 3083 2076 3131 ut

480 3160 552 3200 ne
582 3156 764 3203 tecum
806 3150 1078 3207 adversus
1101 3153 1328 3212 fratrem
1371 3159 1657 3229 quidpiam
1696 3163 1952 3241 maligna:
1980 3150 2075 3222 co-

480 3238 770 3309 gitationis
817 3243 987 3300 tacita
1032 3257 1217 3303 mente
1260 3249 1546 3306 obverses.
1578 3238 1866 3324 Siquidem
1900 3273 2072 3313 evan-

479 3329 652 3399 gelica
682 3330 937 3389 doctrina
969 3349 1093 3390 cum
1139 3337 1333 3407 primis
1387 3340 1549 3411 jubet
1588 3343 1673 3413 ab,
1698 3344 1894 3411 radice
1951 3363 2073 3417 pec-

481 3433 603 3479 cata
651 3427 922 3495 exscindi.
956 3428 1057 3486 Irae
1104 3431 1256 3503 enim
1291 3431 1535 3489 radicem
1575 3451 1805 3506 prorsus
1835 3454 1865 3492 a
1899 3441 2069 3496 corde

479 3516 525 3571 si
570 3517 870 3584 excideris,
914 3521 1028 3591 jam
1070 3510 1184 3577 non
1218 3512 1408 3579 odium
1451 3527 1581 3593 erit,
1614 3544 1727 3609 non
1759 3529 1968 3587 invidia
1996 3533 2066 3588 ad

2179 2334 2275 2385 καὶ
2302 2334 2405 2404 τήν
2436 2335 2577 2388 κατὰ
2621 2335 2883 2392 διάνοιαν.
2918 2336 3057 2392 Οὔτε
3085 2341 3196 2413 γὰρ
3241 2344 3499 2399 τοσοῦτόν
3522 2348 3652 2400 ἐστιν
3674 2347 3720 2399 τὸ

2179 2427 2406 2496 κρατεῖν
2450 2425 2548 2481 τοῦ
2600 2431 2870 2500 στόματος
2915 2431 2974 2484 ἐν
2999 2430 3177 2504 καιρῷ
3209 2432 3415 2505 θυμοῦ,
3444 2437 3531 2489 καὶ
3561 2439 3625 2507 μὴ
3645 2439 3717 2489 ἐκ-

2179 2520 2373 2589 φέρειν
2417 2521 2637 2591 ῥήματα
2685 2522 2963 2593 μανιώδηο
3002 2523 3130 2576 ὅσον
3172 2525 3232 2578 to
3279 2526 3596 2600 καθαρίζειν
3639 2527 3717 2598 τὴν

2178 2610 2405 2681 καρδίαν
2436 2612 2549 2666 ἀπὸ
2574 2613 2968 2684 μνησικακίας,
2992 2617 3085 2669 καὶ
3110 2613 3187 2686 μὴ
3216 2617 3577 2689 ἀναστρέφειν
3600 2619 3647 2671 ἐν
3666 2621 3717 2688 τῇ

2176 2702 2392 2774 διανοίᾳ
2427 2703 2571 2758 κατὰ
2599 2704 2694 2759 τοῦ
2725 2704 2957 2776 ἀδελφοῦ
2997 2709 3269 2780 πονηροὺς
3303 2711 3607 2783 λογισμούς.
3630 2711 3717 2773 Τὰς

2179 2795 2335 2867 ῥίζας
2376 2796 2487 2866 γὰρ
2527 2796 2637 2850 τῶν
2684 2798 3113 2870 ἁμαρτημάτων
3141 2802 3510 2867 ἐκκόπτεσθαι
3537 2818 3717 2874 παραγ-

2175 2886 2358 2956 γέλλει
2392 2889 2425 2958 ή
2460 2888 2792 2961 εὐαγγελικὴ
2831 2888 3171 2946 διδασκαλία.
3212 2893 3333 2963 Τῆς
3359 2895 3511 2966 ῥίζης
3532 2895 3628 2966 γὰρ
3648 2897 3718 2949 ἐκ·

2175 2975 2444 3046 κοπείσης
2478 2975 2573 3030 τοῦ
2602 2976 2778 3048 θυμοῦ
2826 2980 2934 3033 ἀπὸ
2985 2980 3085 3050 τῆς
3121 2982 3375 3054 καρδίας,
3424 2984 3538 3038 οὔτε
3572 2986 3716 3055 μῖσος.

2174 3067 2298 3122 οὔτε
2343 3068 2541 3137 φθόνος
2584 3071 2666 3134 εἰς
2715 3070 2880 3141 ἔργον
2927 3074 3362 3145 προαχθήσεται.
3398 3076 3597 3149 Ὠσπερ
3643 3071 3716 3130 οὖν

2176 3157 2419 3224 σκοτίζει
2458 3157 2610 3229 ἥλιον
2658 3153 2975 3231 ὑπὸδραμδν
3019 3161 3201 3230 νέφος,
3245 3162 3428 3229 οὕτως
3466 3165 3580 3220 νοῦν
3600 3167 3717 3230 λογι-

2177 3251 2313 3321 σμὸς
2362 3250 2753 3323 μνησικακίας.
2796 3252 2886 3306 Ἑν
2919 3255 3254 3326 μνησικάκῳ
3280 3256 3401 3335 γὰρ
3431 3258 3568 3329 ψυχῇ
3606 3255 3717 3310 ἀλώ-

2173 3360 2343 3406 πεκες
2370 3341 2922 3413 κατασκηνὼσουσιν,
2968 3346 3154 3399 καὶέν
3188 3351 3577 3421 τεταραγμένῃ
3605 3366 3713 3416 καρ-

2172 3423 2261 3504 δίᾳ
2310 3432 2476 3505 θηρία
2535 3434 2933 3504 φωλεύσουσιν.
2969 3437 3081 3490 Kal
3129 3436 3326 3508 ὥσπερ
3365 3440 3504 3513 ἀνὴρ
3553 3439 3715 3512 σεμνὸς

2172 3526 2518 3594 καταγώγιον
2547 3526 2771 3597 αίσχρὸν
2793 3526 3010 3595 φεύγει,
3043 3526 3221 3593 οὕτως
3250 3533 3354 3586 καὶ
3376 3535 3405 3586 ὁ
3436 3532 3578 3597 Θεὸς,
3606 3548 3712 3601 μντι⁶

479 3623 621 3677 Opus
659 3627 834 3682 usque
864 3614 1273 3684 progredietur.
1311 3618 1500 3698 Itaque
1531 3628 1594 3675 ut
1627 3621 2067 3681 radiosissimum

2176 3616 2402 3672 σίκακον
2442 3614 2706 3690 καρδίαν·
2734 3619 2829 3673 καὶ
2875 3618 2935 3674 ὃν
2983 3621 3187 3693 τρόπον
3230 3624 3447 3690 καπνὸς
3488 3626 3713 3696 ταράσσει

479 3701 613 3757 solis
638 3703 806 3773 jubar
847 3705 1277 3764 subtercurrens
1317 3711 1615 3767 obumbrat
1650 3721 1709 3769 et
1735 3716 1940 3771 occulit
1970 3735 2073 3773 nu-

478 3795 600 3858 bes,
631 3796 707 3852 ita
734 3809 790 3852 et
820 3799 993 3853 menti
1036 3809 1243 3881 nostrae
1273 3803 1359 3858 vel
1391 3802 1509 3858 sola
1557 3815 1800 3877 acceptae
1853 3808 2071 3881 injuria

478 3885 739 3957 cogitatio
803 3887 1031 3944 densam
1091 3876 1358 3961 Oppandit
1407 3886 1719 3965 caliginem.
1773 3896 1834 3953 In
1885 3876 2069 3956 anima

478 3977 627 4033 enim
695 3979 777 4035 sic
859 3982 1075 4043 tenaci,
1121 3984 1449 4055 injuriarum
1535 3988 1817 4046 insidiosae
1873 3992 2068 4063 vulpes

477 4081 640 4122 suum
675 4070 781 4123 sibi
816 4070 991 4142 ﬁgunt
1036 4084 1206 4145 atque
1251 4074 1597 4134 exazdiﬁcant
1644 4081 1941 4138 umbratile
1985 4092 2067 4138 ta-

477 4157 863 4229 bernaculum,
913 4162 1082 4232 inque
1164 4167 1663 4237 ejusmodicorde
1717 4171 2061 4241 turbulento,

477 4260 737 4320 tanquam
771 4252 831 4307 in
861 4255 1079 4324 spelmis
1115 4259 1510 4316 retrusissimis
1560 4262 1895 4319 delitescunt
1929 4265 2063 4321 ferae

477 4339 767 4399 immanes.
800 4345 871 4401 Ut
901 4346 1137 4416 quisque
1168 4349 1305 4404 casti
1357 4349 1589 4419 pudoris
1621 4354 2059 4420 amantissimus,

477 4433 797 4504 longissime
844 4452 903 4493 se
954 4440 1248 4496 submovet
1289 4443 1358 4497 ab
1392 4442 1636 4500 obsceno
1662 4451 1719 4500 et
1753 4444 1944 4508 infami
1974 4446 2056 4500 di-

476 4527 747 4581 verticulo
798 4532 1176 4598 meretricum,
1207 4532 1289 4593 ita,
1316 4549 1538 4605 quoque
1574 4535 1722 4591 Deus
1766 4551 1863 4591 cor
1896 4552 2062 4591 aver-

477 4626 630 4671 satur
659 4628 715 4672 et
743 4620 955 4691 defugit
987 4623 1107 4692 ejus
1133 4625 1225 4693 qui
1254 4625 1415 4680 lixius
1436 4627 1703 4695 memoria
1732 4637 1882 4683 tenet
1904 4628 2062 4689 ,irro-

474 4720 658 4780 gatam
690 4713 795 4767 sibi
827 4715 1106 4785 iniuriam.
1130 4717 1610 4784 Quemadmodum
1643 4721 1832 4778 fumus
1865 4723 2059 4779 obtur-

477 4802 571 4856 bat
600 4814 655 4858 et
684 4804 1078 4862 circumfundit
1133 4811 1441 4880 quamlibet
1471 4815 1846 4884 perspicacem
1880 4815 2055 4871 aciem

473 4896 789 4962 oculorum,
818 4899 899 4953 sic
926 4908 982 4953 et
1015 4902 1290 4959 orationis
1317 4912 1567 4974 tempore
1608 4907 1873 4961 memoria
1920 4923 2055 4963 con-

2173 3709 2511 3779 ὀφθαλμοὺς,
2541 3709 2716 3775 οὕτως
2748 3711 3093 3782 μνησίκακος
3122 3714 3182 3766 ἐν
3214 3716 3405 3788 καιρῷ
3428 3715 3711 3786 προσευχῆς.

2183 3800 2533 3872 Ἀκούσωμεν
2563 3798 2656 3854 οὖν
2702 3802 2755 3855 τί
2801 3794 3113 3858 ἐντέλλεται
3142 3809 3274 3877 ἡμῖν
3305 3809 3378 3863 δι’
3415 3807 3615 3887 ἑαυτοῦ,
3638 3803 3713 3859 καὶ

2169 3893 2278 3945 τῶν
2308 3891 2515 3945 δούλων
2552 3893 2718 3946 αὐτοῦ
2762 3895 2790 3946 ὀ
2832 3896 3061 3967 Κύριος.
3097 3897 3416 3971 Τοιγαροῦν
3449 3897 3712 3972 διαμαρτύ-

2168 4002 2321 4057 ρεται
2352 3987 2485 4057 ἡμῖν
2513 3989 2542 4041 ὁ
2578 3989 2868 4058 προφήτης
2904 3991 3205 4061 Ζαχαρίας,
3250 3993 3456 4064 λέγων,
3500 4015 3516 4046 ι
3537 3993 3711 4047 Κακίαν

2166 4066 2396 4143 ἕκαστος
2424 4077 2504 4151 τῷ
2542 4078 2759 4150 ἀδελφῷ
2796 4081 2961 4145 αὑτοῦ
2993 4082 3067 4155 μὴ
3098 4087 3517 4156 μνησικακείτω
3547 4088 3598 4138 ἐν
3619 4084 3713 4144 ταῖς

2167 4169 2415 4240 καρδίαις
2439 4169 2615 4240 ὑμῶν.
2650 4190 2669 4223 ι
2700 4202 2771 4211 -
2791 4191 2811 4224 ι
2839 4173 3114 4238 Ἕκαστος
3137 4177 3238 4251 τῂν
3262 4179 3464 4232 κακίαν
3488 4176 3571 4230 τοῦ
3599 4174 3710 4242 πλη-

2165 4261 2281 4314 σίον
2324 4261 2489 4315 αὐτοῦ
2540 4260 2617 4334 μὴ
2666 4262 2973 4331 λογιζέσθω
3001 4267 3060 4319 ὲν
3088 4271 3213 4331 ταῖς
3238 4254 3496 4338 καρδίαις
3522 4267 3708 4337 ὑμῶν.ι

2162 4350 2275 4404 Καὶ
2296 4351 2478 4417 ἄλλος,
2518 4371 2537 4404 ι
2568 4354 2664 4415 Ὃς
2699 4356 3058 4425 μνησικακεῖ,
3091 4359 3472 4428 παράνομος.»
3505 4356 3604 4410 Kal
3627 4352 3711 4405 ud-

2160 4442 2263 4506 λιν,
2300 4460 2320 4492 ι
2359 4443 2421 4496 Ὀ
2481 4441 2749 4514 κρύπτων
2790 4443 3017 4515 ἔχθραν,
3075 4447 3401 4517 συνίστησιν
3447 4450 3602 4503 δόλον.
3643 4444 3711 4497 Ἑν

2161 4528 2324 4587 παντὶ
2341 4534 2639 4603 ἀδικήματι
2655 4535 2730 4605 μὴ
2753 4536 3174 4609 μνησικακήσῃς
3185 4539 3278 4592 τὸν
3306 4540 3414 4611 πλη
3424 4539 3550 4593 σίον.
3564 4558 3579 4589 ι
3598 4535 3708 4589 Ἀλλ’

2164 4646 2184 4679 ι
2220 4628 2346 4681 Ἐὰν
2386 4627 2551 4699 πεινᾷ
2582 4629 2609 4680 δ
2636 4626 2832 4697 ἐχθρός
2895 4644 3013 4690 σου,
3062 4630 3229 4699 τρέφε
3295 4632 3493 4685 αὐτόν·
3524 4629 3611 4683 καὶ
3635 4627 3710 4678 ἐὰν

2157 4718 2309 4789 διψᾷ,
2322 4718 2509 4783 πότιζε
2529 4719 2710 4772 αὐτόν.
2726 4738 2746 4772 ι
2762 4718 2876 4772 Καὶ
2895 4718 3079 4784 πάλιν,
3110 4739 3128 4772 ι
3144 4722 3319 4792 Ἀφες
3335 4723 3399 4776 τδ
3416 4722 3640 4789 ἀδίκημα
3651 4714 3708 4783 τῷ

2157 4810 2374 4882 πλησίῳ
2397 4828 2513 4865 σου.
2534 4811 2646 4864 Kal
2672 4811 2797 4865 τότε
2839 4813 3126 4884 δεηθέντος
3152 4813 3247 4867 σοῦ
3274 4816 3333 4868 αἱ
3355 4814 3611 4886 ἁμαρτίαι
3640 4826 3708 4861 σου

2158 4900 2547 4970 λυθήσονται.»
2599 4901 2710 4953 Kal
2756 4903 2991 4971 ἐπάγει·
3044 4920 3064 4954 ι
3106 4903 3432 4974 Ἀνθρωπος
3474 4896 3708 4969 ἀνθρώπῳ

475 4988 719 5046 tumelia:
771 4999 1014 5045 mentem
1076 5007 1176 5048 sua
1234 4967 1564 5066 intemperie
1612 5000 1872 5070 exagitat.
1909 4999 2052 5068 Quid

2171 4967 2420 5063 συντηρεῖ
2468 4991 2661 5063 ὀργὴν,
2696 4992 2790 5046 καὶ
2827 4967 2982 5067 παρὰ
3008 4995 3147 5048 Θεοῦ
3187 4967 3348 5065 ζητεῖ
3375 4996 3538 5049 ἴασιν.
3569 4967 3707 5046 Αῡτκ

473 5080 661 5151 itaque
745 5081 1063 5138 faciendum
1125 5084 1288 5140 nobis
1368 5089 1695 5157 prasscribat
1765 5091 2054 5159 Dominus,

473 5188 572 5243 per
598 5188 657 5229 se
697 5190 942 5245 suosque
983 5193 1197 5245 servos,
1227 5179 1439 5235 intenta
1480 5182 1856 5253 percipiamus
1898 5202 2053 5263 aure.

472 5261 533 5319 lu
586 5264 788 5335 primis
839 5283 943 5323 suo
976 5271 1300 5327 testimonio
1341 5274 1718 5343 praescriptam
1767 5261 2059 5331 conﬁrmat

475 5358 812 5414 sententiam
869 5361 1163 5418 Zacharias
1204 5366 1475 5435 propheta
1528 5384 1542 5420 :
1600 5368 2061 5443 «Malitiam,.in-

477 5448 617 5516 quit,
655 5466 724 5505 ne
756 5453 1073 5509 meminerit
1121 5456 1502 5528 unusquisque
1550 5459 1823 5514 adversus
1874 5461 2060 5529 proxi-

477 5553 629 5594 mium
679 5557 841 5596 suum
900 5544 953 5599 in
1009 5547 1277 5604 cordibus
1304 5550 1506 5609 vestris
1521 5550 1588 5604 ⁸⁸.
1620 5569 1637 5601 ι
1672 5550 1830 5606 Alius
1861 5551 2055 5609 eodem

582 5737 626 5767 ηπ
659 5738 850 5795 Matth.
883 5758 935 5808 v,
976 5742 1062 5808 δυ,
1095 5744 1179 5809 ιο,
1216 5746 1294 5799 ιι.
1375 5747 1415 5778 εκ
1452 5747 1584 5801 ibid.
1620 5749 1703 5803 ιι.

2164 5081 2302 5154 σὰρξ
2349 5085 2447 5147 ὣν,
2475 5085 2729 5156 διατηρεῖ
2774 5087 2956 5157 μῆνιν,
3007 5088 3102 5141 καὶ
3150 5088 3232 5150 τίς
3280 5087 3583 5152 ἐξιλάσεται
3629 5079 3706 5139 τάς

2165 5179 2443 5250 ἁμαρτίας
2477 5177 2673 5245 αὖτοῦ;
2702 5197 2721 5231 ι
2771 5180 2882 5235 Kal
2930 5181 3223 5253 ἐπιφέρειο
3283 5178 3609 5250 (Μνήσθητι
3654 5172 3708 5224 τὶ

2164 5273 2372 5343 ἔσχατὰ
2420 5290 2539 5337 σου,
2591 5273 2690 5328 καλ⁸
2730 5273 2938 5327 παῦσαι
2983 5270 3308 5345 ἐχθραίνων.
3334 5293 3354 5327 ι
3421 5273 3531 5328 Kal
3560 5267 3704 5327 αὖθις.

2173 5385 2192 5417 ι
2228 5365 2496 5434 Ἀπόσχου
2529 5366 2639 5419 ἀπὸ
2679 5367 2884 5437 μάχης,
2918 5366 3013 5420 καὶ
3044 5366 3375 5429 ἐλαττώσεις
3400 5361 3703 5437 ἁμαρτίας-’

2169 5459 2278 5512 Καὶ
2307 5460 2334 5511 ὁ
2369 5458 2808 5531 Παροιμιαστὴς,
2845 5477 2865 5510 ι
2886 5459 3057 5523 Φόϐος
3082 5458 3309 5529 Κυρίου,
3346 5458 3499 5526 μισεί
3520 5451 3702 5507 κακία-ι.

2164 5551 2324 5624 ὓϐριν
2356 5570 2415 5605 τε
2464 5552 2561 5607 καὶ
2609 5552 3016 5623 ὑπερηφανίαν,
3076 5553 3171 5606 καὶ
3213 5550 3364 5615 ὀδοὺς
3413 5543 3697 5620 πονηρῶνιι

1808 5750 1853 5782 ⁸³
1881 5749 2012 5805 Luc.
2046 5766 2118 5813 vr,
2157 5751 2243 5806 36.
2325 5753 2366 5785 ⁸³⁸
2398 5752 2562 5807 Zach.
2603 5770 2720 5814 vm.
2756 5755 2836 5809 l7.
