3986 6148
346 370 477 444 1507

348 494 456 546 Καὶ
504 491 687 557 πάλιν,
738 511 755 543 ι
785 492 876 562 Μὴ
906 492 1084 563 εἴπης,

345 585 623 654 χρήσομαι
644 583 794 652 αύτῷ
814 600 825 611 ·
852 581 907 653 ἢ,
937 583 1177 652 Τὶσομαι
1228 582 1411 648 αὑτὸν,
1446 580 1494 634 ἆ.
1514 599 1580 651 με
1606 582 1914 651 ἠδίκησεν.»

349 675 460 728 Καὶ
509 673 684 739 αὖθις,
730 695 746 726 ι
776 677 866 746 Μὴ
897 674 1087 745 εἴπῃς,
1121 674 1359 745 Τίσομαι
1415 674 1508 726 τὸν
1557 673 1750 744 ἐχθρόν
1785 691 1884 743 μου
1907 690 1920 703 ·

349 769 462 821 ἀλλ’
523 765 818 838 ὑπόμεινον
868 769 957 821 τὸν
995 751 1206 837 Κύριον
1264 767 1352 820 ἵνα
1404 784 1487 820 σοι
1527 767 1793 837 βοηθήσῃ.
1839 767 1927 818 Ἐν

349 861 486 923 ὁδοῖς
517 863 624 930 γὰρ
671 860 1018 929 δικαιοσύνης
1061 860 1197 930 ζωὴ,
1234 859 1346 911 ὁδοὶ
1373 857 1430 911 δὲ
1466 857 1821 928 μνησικακῶν
1848 858 1929 918 εἰς

351 954 640 1007 θάνατον.»
678 943 784 1006 Καὶ
817 956 844 1006 ὁ
891 953 1181 1014 Ἰάκωϐος·
1231 967 1249 1001 ι
1287 950 1639 1018 Ἀποθέμενοι
1685 945 1778 1002 οὖν
1827 951 1930 1001 πᾶ-

353 1063 451 1100 σαν
492 1047 787 1118 ῥυπαρίαν,
831 1041 924 1099 καὶ
983 1045 1305 1116 περισσείαν
1362 1043 1583 1105 κακίας,
1643 1043 1702 1092 ἐν
1761 1040 1930 1111 πραό-

353 1151 475 1208 τητι
518 1135 742 1203 δέξασθε
794 1141 887 1192 τὸν
945 1137 1185 1209 ἔμφυτον
1253 1136 1430 1203 λόγον,
1493 1133 1792 1202 δυνάμενον
1823 1131 1932 1184 σῶ-

358 1248 446 1283 σαι
469 1232 566 1294 τὰς
597 1231 774 1300 ψυχὰς
825 1231 1000 1301 ὑμῶν.
1034 1249 1051 1279 ι
1096 1230 1158 1282 '0
1192 1228 1250 1282 δέ
1290 1227 1521 1289 Παῦλος,
1561 1244 1579 1276 ‹
1606 1225 1698 1294 Μὴ
1745 1223 1933 1276 παιδία

355 1323 571 1392 γίνεσθε
607 1326 729 1385 ταῖς
769 1325 952 1392 φρεσὶ,
987 1321 1120 1376 ἀλλὰ
1146 1325 1211 1391 τῇ
1246 1321 1414 1389 κακίᾳ
1435 1316 1754 1387 νηπιάζετε.
1782 1334 1800 1366 ι
1826 1315 1932 1368 ditia

355 1432 542 1482 γωμεν
577 1411 688 1478 οὖν,
721 1415 962 1482 ἀδελφοὶ,
985 1414 1048 1466 τὸ
1073 1413 1316 1483 ὀλέθριον
1343 1413 1516 1473 πάθος
1537 1413 1636 1477 τῆς
1667 1425 1934 1480 μνησικα-

357 1507 499 1568 κίας,
533 1506 620 1558 ἵνα
673 1506 746 1576 μὴ
803 1505 1224 1576 ἀπαλλοτριώσῃ
1271 1503 1418 1572 ἡμᾶς
1472 1503 1572 1569 τῆς
1621 1502 1758 1570 πρὸς
1804 1501 1936 1552 Θεὸν

358 1595 707 1664 παρρησίας·
755 1593 816 1647 ού
859 1595 966 1664 γὰρ
1022 1594 1287 1663 τολμήσει
1330 1607 1434 1656 τις,
1467 1607 1640 1647 νοσων
1679 1593 1840 1644 τοῦτο
1871 1590 1937 1645 ,τὸ

356 1687 574 1755 νόσημα
623 1689 718 1756 τῆς
779 1688 1172 1756 μνησικακίας,
1206 1687 1554 1756 παραστῆναι
1599 1684 1677 1755 τῷ
1717 1684 1835 1752 Θεῴ
1881 1685 1937 1734 ὲν

360 1781 574 1848 καθαρᾷ
622 1773 922 1848 προσευχῇ.
981 1779 1267 1831 κωλύεται
1311 1778 1419 1848 γὰρ
1469 1776 1561 1828 ὑπ’
1619 1774 1783 1828 αὐτοῦ
1838 1773 1933 1826 τοῦ

1369 368 1698 440 IIOMILI’A
1744 380 1888 439 LIV.
1914 404 1980 415 —
2014 382 2110 441 DE
2149 365 2628 440 INIMICITIIS.

1119 487 1226 543 ’ον
1261 489 1462 560 τρόπον
1512 489 1782 563 ἐχρήσατό
1813 507 1927 560 μοι,

2041 493 2297 561 respicnt:
2329 512 2346 542 ι
2375 487 2774 559 Unusquisque
2822 485 3086 547 malitiam
3140 490 3376 561 proximi
3426 493 3514 545 sui
3547 507 3618 548 ne

3481 373 3618 446 1598

2029 583 2282 652 cogitetis
2309 583 2363 636 in
2394 578 2657 635 cordibus
2678 582 2877 637 vestris
2898 583 2964 634 ⁸⁷.
2997 601 3015 632 ι
3046 580 3258 635 Rursus
3286 598 3300 634 :
3324 598 3342 629 ‹
3369 579 3472 644 Qui
3497 595 3611 634 me-

2028 673 2188 726 minit
2209 673 2445 743 injuriae,
2471 672 2695 742 iniquus
2715 671 3206 736 ".rlterumuQui
3237 671 3480 723 occultat
3505 669 3614 724 ini-

2028 765 2314 829 micitiam,
2366 765 2660 820 concinnat
2706 765 2988 830 dolum”;
3026 763 3084 818 In
3137 763 3286 817 omni
3324 763 3615 832 iniustitia,

2028 873 2100 911 ne
2118 859 2195 911 sis
2219 865 2432 913 memor
2452 857 2912 928 injuriaeproximi
2934 857 3015 922 9°;
3047 876 3065 906 ι
3091 855 3184 911 sed
3209 873 3252 907 ει
3281 855 3336 909 Si
3357 853 3618 909 esurierit

2031 950 2200 1004 frater
2227 958 2374 1011 tuus,
2396 951 2516 1005 ciba
2546 951 2732 1017 illum;
2755 951 2799 1006 si
2827 950 2965 1013 sitit,
2997 958 3184 1019 potum
3217 948 3284 1002 da
3304 948 3434 1001 ei".
3463 967 3480 997 ι
3506 947 3572 1000 Ει
3602 967 3613 1000 :

2040 1063 2057 1092 ε
2080 1042 2302 1097 Dimitte
2335 1044 2593 1114 injuriam
2633 1045 2906 1114 proximo,
2933 1052 2988 1098 ct
3019 1057 3150 1097 tunc
3176 1043 3507 1108 deprecante
3542 1047 3615 1101 te,

2032 1141 2258 1201 peccata
2292 1142 2384 1187 tua
2413 1133 2782 1190 solventur”.
2813 1155 2830 1186 ι
2872 1134 3127 1188 lnducit:
3163 1153 3180 1183 ι
3203 1133 3378 1186 Homo
3406 1131 3618 1184 homini

2034 1232 2326 1278 conservat
2352 1224 2512 1289 iram,
2532 1233 2587 1279 et
2606 1241 2634 1279 a
2660 1225 2770 1280 Deo
2782 1226 2980 1295 quaerit
3005 1223 3272 1286 medelam
3290 1222 3470 1276 ?Talis
3491 1235 3620 1275 caro

2035 1327 2159 1367 cum
2210 1314 2302 1376 sit,
2338 1325 2581 1369 reservat
2610 1316 2782 1381 iram;
2814 1324 2870 1370 et
2894 1313 3365 1385 quis-prOpiti‘abit
3396 1319 3621 1380 peccata

2037 1406 2187 1460 illius
2203 1405 2287 1459 '3?
2315 1425 2332 1456 ι
2365 1406 2571 1461 Infert:
2605 1425 2623 1457 ι
2649 1405 2926 1462 Memento
2955 1406 3410 1464 novissimorum.
3439 1412 3494 1456 et
3524 1402 3622 1456 de-

2037 1499 2157 1552 sine
2186 1481 2482 1558 inimiCari,
2508 1499 2722 1553 abstine
2748 1515 2776 1552 a
2800 1500 2914 1562 lite,
2943 1509 2995 1554 et
3023 1499 3242 1552 minncs
3275 1504 3496 1564 peccata
3515 1494 3578 1544 9".
3597 1513 3614 1543 ι

2039 1591 2417 1645 Parmmlastes
2447 1609 2460 1642 :
2491 1609 2508 1639 ε
2528 1590 2716 1644 Timor
2733 1589 2947 1643 Domini
2971 1589 3090 1643 odit
3115 1587 3403 1646 malitiam,
3422 1591 3619 1638 contu-

2039 1682 2278 1744 meliam,
2324 1681 2659 1751 superbiam,
2683 1690 2738 1736 et
2758 1683 2877 1736 vias
2901 1696 3196 1751 pravorum
3213 1679 3282 1732 ”.
3305 1698 3323 1731 ›
3362 1677 3572 1730 Rursus
3604 1690 3624 1726 τ

2049 1773 2154 1827 «Ne
2171 1773 2376 1827 dixeris
2397 1790 2411 1826 :
2433 1772 2720 1839 Quomodo
2736 1774 2863 1828 fecit
2886 1775 3040 1829 mihi.
3064 1773 3260 1827 faciam
3279 1771 3328 1825 ei
3349 1787 3470 1839 qum
3485 1766 3621 1821 mihi

359 1868 590 1937 Κυρίου,
624 1869 895 1934 λέγοντος,
951 1887 968 1917 ‹
1007 1866 1134 1920 Ἐὰν
1181 1866 1501 1936 προσφέρῃς
1537 1865 1597 1917 τὸ
1624 1865 1795 1933 δῶρόν
1832 1873 1927 1916 σου

2041 1863 2164 1918 fecit
2216 1865 2503 1934 injuste".
2545 1882 2563 1916 ι
2595 1861 2700 1920 Et:
2741 1885 2760 1916 ‹
2790 1865 2868 1920 Ne
2914 1865 3122 1919 dixeris
3168 1857 3509 1916 :V'indicabo
3535 1874 3622 1912 me

359 1961 454 2014 ἐπὶ
514 1961 574 2014 τὸ
631 1960 1043 2029 θυσιαστήριον,
1092 1958 1252 2010 κάκεῖ
1301 1955 1561 2027 μνησθεὶς
1619 1956 1701 2008 ὅτι
1755 1953 1866 2024 ἔχει
1907 1956 1934 2007 ὁ

358 2052 584 2118 ἁδελφός
618 2050 710 2103 σού
744 2068 798 2102 τι
841 2051 984 2103 κατὰ
1018 2048 1134 2110 σοῦ,
1168 2049 1304 2117 ἄφες
1357 2051 1474 2101 ἐκεῖ
1506 2048 1566 2101 τὸ
1613 2047 1787 2118 δῶρόν
1843 2063 1935 2098 σου

359 2141 672 2212 ἔμπροσθεν
718 2141 812 2193 τοῦ
865 2141 1276 2211 θυσιαστηρίου,
1310 2139 1406 2191 καὶ
1462 2140 1660 2206 ὕπαγε,
1722 2137 1938 2209 πρῶτον

356 2233 680 2302 διαλλάγηθι
729 2233 806 2304 τῷ
851 2232 1068 2302 ἀδελφῷ
1099 2250 1217 2296 σου,
1266 2232 1362 2284 καὶ
1392 2232 1516 2284 τότε
1557 2230 1728 2284 ἐλθὼν
1771 2230 1940 2300 πρόσ-

358 2343 490 2394 φερε
524 2326 585 2378 τὸ
611 2325 786 2396 δῶρόν
814 2333 925 2378 σου.
959 2343 978 2376 ι
1009 2315 1232 2394 Ᾱύτῷῄ
1255 2323 1382 2387 δόξα
1426 2325 1505 2386 είς
1546 2322 1674 2386 τοὺς
1713 2321 1936 2385 αἰῶνας.

369 2417 567 2487 Ἀμήν.

2039 1955 2108 2011 de
2138 1957 2365 2011 inimico
2423 1972 2583 2023 meo;
2623 1958 2719 2013 sed
2775 1960 2987 2012 sustine
3039 1955 3359 2017 Dominum,
3397 1960 3460 2007 ut
3520 1950 3623 2005 tibi

2041 2047 2337 2102 auxilietur
2353 2050 2398 2081 "'
2425 2065 2439 2101 :
2469 2049 2524 2102 in
2557 2049 2660 2103 viis
2682 2049 2830 2104 enim
2853 2049 3106 2120 justitiw,
3131 2048 3274 2112 vita;
3301 2046 3405 2099 vite
3436 2051 3622 2098 autem

2042 2130 2518 2196 reminiscelutium
2561 2142 2797 2212 injuriae,
2831 2143 2896 2196 ad
2929 2150 3162 2195 mortem
3186 2140 3253 2192 93.
3286 2157 3305 2190 ›
3337 2136 3576 2192 Jacobus
3606 2151 3622 2187 :

2049 2251 2068 2282 ι
2098 2233 2448 2302 Deponcntes
2478 2233 2646 2304 igitur
2681 2249 2899 2288 omnem
2923 2231 3330 2287 immunditiam
3352 2235 3409 2283 et
3431 2227 3624 2281 abun-

2041 2324 2554 2391 dantiammalitia»,
2598 2326 2651 2379 in
2707 2325 3131 2380 mansuetudine
3184 2320 3453 2392 suscipite
3484 2318 3620 2372 ἰηδί-

2023 2407 2160 2469 tum
2177 2416 2407 2470 verbum
2431 2418 2574 2486 quod
2599 2425 2785 2486 potest
2808 2419 3022 2472 salvare
3047 2417 3261 2471 animas
3275 2420 3491 2468 vestras
3512 2411 3580 2464 ".
3595 2428 3613 2461 ι

359 2509 562 2562 Paulus
615 2508 746 2563 item
788 2526 818 2561 ε·
844 2529 862 2560 ι
893 2509 1071 2564 Nolite
1120 2508 1277 2577 pueri
1333 2505 1471 2562 efﬁci
1519 2507 1796 2570 sensibus,
1838 2503 1931 2561 sed
1973 2507 2290 2564 innocentia
2314 2512 2528 2580 parvuli
2554 2513 2789 2567 estote‘.
2821 2529 2839 2562 ι
2875 2509 3002 2564 Haec
3064 2509 3250 2578 itaque
3308 2505 3622 2574 perniciosa

361 2605 723 2674 perturbatio,
761 2603 1041 2658 memoriae
1092 2618 1290 2672 nempe
1335 2601 1651 2658 retentricis
1702 2601 2052 2672 injuriarum,
2086 2603 2270 2667 nobis,
2344 2604 2563 2670 fratres,
2636 2613 2969 2677 magnOpere
3035 2602 3259 2659 vitanda
3321 2613 3426 2664 cst,
3455 2609 3515 2654 ut
3551 2617 3622 2656 ne

361 2714 464 2752 nos
494 2713 524 2751 a
554 2697 754 2750 ﬁducia
780 2685 1056 2751 abalienet
1085 2705 1248 2765 quam
1286 2711 1408 2765 erga
1443 2695 1613 2749 Deum
1647 2694 1936 2750 habemus.
1974 2696 2166 2766 Neque
2203 2697 2352 2751 enim
2407 2698 2502 2768 qui
2545 2685 2661 2752 hoc.
2695 2704 2925 2769 :egrotet
2984 2711 3186 2768 genere
3233 2695 3436 2758 morbi,
3510 2695 3624 2748 Deo

362 2805 422 2844 se
457 2789 964 2858 ausit.pr:esenta're
999 2803 1124 2843 cum
1169 2790 1486 2844 sinceritate
1526 2787 1816 2851 orationis,
1879 2803 1983 2843 nec
2017 2790 2164 2844 enim
2224 2799 2425 2860 potest.
2465 2793 2678 2862 1112
2751 2792 3039 2846 Dominico
3089 2782 3298 2846 ctenim
3354 2791 3446 2844 illo
3493 2804 3625 2857 prm-

363 2888 524 2950 cepto
572 2889 864 2934 revocatur
921 2890 976 2934 et
1029 2891 1292 2936 arcetur:
1337 2900 1354 2932 (
1390 2881 1447 2935 Si
1501 2881 1669 2934 offers
1732 2897 1933 2954 munus
1973 2889 2126 2935 tuum
2171 2891 2299 2938 ante
2349 2883 2542 2945 altare,
2611 2891 2668 2938 et
2724 2883 2800 2938 ibi
2860 2883 3186 2938 recordatus
3233 2882 3426 2941 fueris,
3493 2880 3622 2950 quin

362 2969 533 3026 habet
569 2971 776 3040 aliquid
810 2971 980 3027 frater
1025 2973 1152 3027 tuus
1189 2973 1480 3028 adversum
1528 2980 1601 3037 te,
1669 2968 1924 3044 relinque
1986 2975 2092 3030 ibi‘
2131 2991 2334 3031 munus
2359 2987 2528 3032 .tuum
2565 2988 2692 3032 ante
2719 2977 2928 3043 'altare,
2960 2985 3016 3030 et
3055 2977 3195 3032 vade
3244 2976 3402 3046 prius
3434 2984 3493 3028 ut
3531 2989 3624 3026 rc-

362 3061 672 3119 concilieris
716 3062 874 3118 fratri
925 3073 1039 3130 tuo,
1083 3074 1137 3120 et
1193 3067 1326 3120 tunc
1369 3067 1462 3120 ubi
1512 3067 1766 3134 redieris,
1804 3061 1943 3123 Oll'er
1971 3084 2174 3124 munus
2200 3074 2418 3125 tuum'.
2443 3089 2462 3122 ι
2495 3069 2601 3140 ipsi
2641 3068 2813 3140 gloria
2843 3070 2898 3123 in
2928 3069 3148 3124 saecula.
3181 3067 3376 3122 Amen.

957 3180 1176 3232 ΛΟΓΟΣ
1215 3175 1338 3235 ΝΔ⁹.

745 3295 884 3363 Περὶ
925 3294 1032 3348 τοῦ
1067 3293 1154 3363 μὴ
1204 3294 1565 3363 ἐχθραίνειν.
1605 3349 1610 3353 .

436 3406 511 3460 Τὸ
542 3405 850 3478 ἐχθραίνειν
900 3406 1213 3478 ἀνθρώποις
1253 3407 1547 3478 ὁμοφύλοις
1602 3409 1697 3460 καὶ
1738 3407 1939 3478 ὁμοπί-

367 3515 534 3563 στοις,
586 3499 846 3568 ἀθέμιτον
892 3499 988 3552 καὶ
1039 3500 1382 3568 ἀνάρμοστον
1420 3501 1535 3560 τοῖς
1583 3499 1942 3569 φοϐουμένοις

363 3589 456 3642 τὸν
494 3590 654 3651 Θεὸν,
702 3590 798 3642 καὶ
836 3589 1334 3659 ἐπαγγελλομένοις
1359 3590 1695 3644 θεοσέόειαν.
1744 3591 1802 3644 '0
1832 3592 1941 3662 γὰρ

365 3681 500 3744 Θεὸς
555 3680 756 3751 ἔχθραν
795 3681 897 3733 οὐκ
942 3681 1340 3751 ἐνομοθέτησεν
1388 3681 1722 3752 ἀνθρώποις,
1782 3685 1830 3734 εί
1865 3681 1940 3752 μὴ

370 3773 532 3842 μόνον
576 3771 716 3841 πρὸς
739 3772 834 3824 τὸν
871 3772 1017 3841 ὅφιν,
1045 3773 1219 3841 ἦγουν
1265 3772 1402 3842 πρὸς
1451 3773 1541 3825 τὸν
1577 3773 1646 3825 δι’
1678 3771 1844 3825 αὑτοῦ
1882 3773 1942 3839 ἐξ

362 3863 542 3936 ἀρχῆς
585 3864 966 3933 ἀπατήσαντα,
1001 3864 1099 3917 καὶ
1126 3863 1465 3931 ἐξαγαγόντα
1507 3865 1573 3917 ὲκ
1613 3864 1941 3933 παραδείσω

363 3957 456 4010 τὸν
508 3957 820 4028 ἄνθρωπον.
877 3956 1329 4027 ἀνθρωποκτόνον
1384 3955 1654 4011 διάὸολον.
1706 3956 1944 4027 Ὁμοίως

363 4047 422 4101 δὲ
451 4047 547 4101 καὶ
576 4046 886 4118 ἐχθραίνειν
930 4045 1389 4116 προσετάχθημεν
1416 4048 1530 4110 τοῖς
1563 4046 1940 4116 Μαδιηναίοις,

365 4140 670 4205 τουτέστιν,
709 4141 823 4202 τοῖς
850 4138 1184 4209 ἀκαθάρτοις
1225 4138 1534 4207 πνεύμασιν
1561 4138 1661 4207 τῆς
1688 4138 1944 4208 πορνείας

365 4228 462 4281 καὶ
503 4227 818 4296 ἀσελγείας,
865 4229 980 4289 τοῖς
1016 4225 1334 4298 σπείρουσιν
1358 4228 1508 4290 τοὺς
1551 4227 1822 4296 πονηροὺς
1850 4227 1944 4280 καὶ

367 4321 630 4391 βεϐήλους
666 4321 962 4390 λογισμοὺς
1013 4321 1094 4382 είς
1146 4321 1248 4390 τὴν
1293 4318 1544 4388 καρδίαν.
1581 4307 1822 4384 Τούτους
1873 4307 1940 4390 δὴ

363 4415 516 4486 πάσῃ
565 4415 792 4484 δυνάμει
842 4413 1153 4484 ἐχθραίνειν
1194 4413 1292 4466 καὶ
1337 4413 1802 4484 ἀποστρέφεσθαι,
1855 4415 1942 4468 ἵνα

2511 3223 2517 3227 .
2620 3169 2905 3235 IIOMiLlA
2945 3169 3078 3234 LIV.
3126 3182 3132 3190 '

2143 3294 2460 3350 Inimicitias
2487 3295 2541 3348 in
2579 3293 2785 3352 nullum
2812 3310 3028 3364 prorsus
3053 3292 3286 3346 exerceri
3315 3291 3518 3345 debere.

2109 3407 2327 3465 lnfense
2357 3417 2523 3479 atque
2557 3407 2860 3462 inimiciter
2889 3405 3152 3476 persequi
3176 3418 3348 3457 unum
3384 3403 3626 3471 aliquem

2039 3502 2134 3571 qui
2159 3502 2256 3556 tibi
2283 3502 2354 3556 sit
2396 3499 2748 3566 contribulis,
2779 3508 2876 3554 aut
2911 3498 3039 3552 fidei
3071 3512 3333 3568 germana
3381 3510 3630 3550 commu-

2040 3593 2206 3648 nione
2222 3593 2545 3655 fwderctur,
2575 3591 2847 3646 nefarium
2861 3605 3114 3660 prorsus,
3143 3605 3246 3644 nec
3266 3589 3367 3643 ulli
3391 3603 3628 3644 consen-

2043 3692 2264 3739 taneum
2311 3685 2408 3753 qui
2457 3685 2631 3738 Deum
2706 3689 2984 3746 vereatur,
3051 3688 3222 3751 seque
3245 3697 3332 3735 ex
3375 3680 3629 3750 professo

2042 3777 2218 3832 cultui
2248 3777 2442 3832 divino
2474 3775 2826 3846 manciparit.
2855 3775 3048 3842 Neque
3073 3775 3224 3829 enim
3254 3774 3402 3828 Deus
3440 3771 3627 3827 inimia-

2041 3866 2205 3921 citias
2225 3867 2325 3920 ulli
2375 3866 2664 3920 hominum
2712 3867 3055 3924 exercendas
3093 3879 3190 3918 sua
3239 3862 3424 3918 sanxit
3483 3863 3627 3933 lege,

2041 3965 2408 4029 praeterquam
2455 3943 2724 4010 adversus
2757 3955 2914 4010 illum
2945 3954 3299 4010 homicidam
3345 3953 3630 4008 diabolum

2041 4050 2138 4119 qui
2166 4050 2286 4116 ipso
2320 4048 2504 4104 statim
2541 4048 2719 4117 initio"
2747 4047 2902 4102 orbis
2931 4047 3143 4102 conditi
3180 4046 3464 4100 hominem
3495 4045 3629 4099 illici

2043 4141 2318 4196 lenocinio
2348 4143 2653 4195 inescatum
2679 4139 2924 4209 decepit,
2953 4148 3122 4209 atque
3143 4139 3285 4194 adeo
3309 4128 3628 4207 deceptum,

2041 4233 2361 4287 amoenitate
2381 4233 2566 4302 exegit
2615 4232 2882 4301 paradisi.
2937 4231 3095 4286 Haud
3159 4247 3324 4286 secus
3362 4231 3631 4299 iubemur

2043 4323 2368 4378 Madianitas
2416 4309 2786 4378 exsecrariet
2810 4323 3019 4388 odisse,
3072 4323 3339 4378 nimirum
3383 4323 3632 4392 impuros

2044 4413 2167 4469 illos
2189 4415 2418 4483 Spiritus
2440 4409 2828 4469 fornicationis
2852 4422 3019 4484 atque
3047 4413 3356 4468 omnifarite
3378 4413 3632 4468 libidinis

367 4502 442 4574 μὴ
477 4503 704 4572 ἐχθροὺς
733 4504 880 4574 ἡμᾶς
907 4503 1220 4572 ποιήσωσιν-
1241 4500 1334 4556 τοῦ
1369 4501 1507 4556 Θεοῦ
1549 4505 1614 4556 ἐκ
1667 4504 1766 4573 τῆς
1801 4505 1937 4574 πρὸς

2041 4505 2394 4571 incentores,
2437 4505 2535 4575 qui
2590 4507 2878 4576 improbas
2909 4507 3280 4578 cogitationes
3329 4514 3396 4560 et
3434 4505 3629 4559 nimis-

363 4595 564 4657 αὐτοὺς
595 4593 820 4662 φιλικῆς
863 4594 1103 4664 ὁμιλίας,
1136 4596 1279 4649 κατά
1321 4596 1383 4649 τὸ
1425 4595 1735 4668 εἰρημένον,
1770 4595 1942 4665 ιΟύχὶ

364 4683 493 4746 τοὺς
546 4681 841 4751 μισοῦντάς
889 4700 973 4746 σε,
1029 4682 1222 4755 Κύριε,
1261 4685 1522 4755 ἐμίσησα,
1559 4685 1656 4738 καὶ
1703 4685 1798 4737 ἐπὶ
1827 4688 1943 4748 τοῖς

366 4775 580 4846 ἐχθροῖς
615 4791 708 4827 σου
739 4773 1110 4845 ἐξετηκόμηνς
1142 4775 1349 4830 τέλειον
1386 4778 1541 4847 μῖσος
1589 4776 1814 4847 ἐμίσουν
1842 4777 1943 4828 αύ-

308 4862 336 4920 1)
365 4868 510 4932 τοὺς,
548 4869 628 4930 είς
659 4867 886 4938 ἐχθροὺς
918 4867 1170 4934 ἐγένοντό
1206 4885 1317 4938 μοι.
1351 4887 1369 4919 ι
1398 4868 1544 4936 Πρὸς
1573 4868 1629 4922 δὲ
1652 4868 1942 4940 ἄνθρωπον

364 4959 427 5012 ού
462 4959 568 5028 χρὴ
601 4957 1015 5028 έχθρανλέχειν·
1053 4958 1294 5028 μάλιστα
1328 4961 1462 5030 περὶ
1508 4960 1715 5031 ζημίας
1750 4977 1939 5031 σωμα-

364 5049 546 5119 τικῆς,
599 5050 632 5118 ἦ
667 5049 1024 5114 καταλαλιᾶς,
1069 5050 1103 5121 ἢ
1155 5051 1388 5122 ὕϐρεως,
1433 5053 1466 5123 ἢ
1521 5053 1622 5105 ὅσα
1671 5053 1750 5122 τῷ
1781 5053 1938 5106 αἰῶνι

363 5141 539 5212 τούτῳ
563 5142 816 5214 ἁρμόζει.
845 5143 921 5197 Ού
951 5144 1058 5213 χρὴ
1089 5143 1159 5197 δι’
1185 5145 1326 5198 αὐτὰ
1351 5144 1608 5214 ἀπεχθῶς
1635 5145 1941 5204 διακεῖσθαι

366 5233 502 5303 πρὸς
541 5233 633 5288 τὸν
673 5235 982 5304 ὁμόφυλον,
1017 5235 1156 5289 ἀλλά
1203 5235 1406 5306 μᾶλλον
1459 5236 1827 5306 εὐχαριστεῖν,
1857 5237 1942 5289 ὅτι

365 5324 618 5395 πρόξενοι
668 5327 800 5396 ἡμῖν
851 5326 1093 5394 γίνονται
1144 5327 1445 5398 σωτηρίας.
1487 5327 1550 5380 Ἦ
1606 5328 1718 5398 γὰρ
1747 5326 1939 5392 κακία,

365 5420 464 5487 τῆς
492 5419 592 5487 μὲν
625 5419 706 5481 είς
751 5419 884 5472 Θεὸν
935 5420 1236 5488 συναφείας
1291 5415 1624 5490 ἀπέστησεν,
1679 5421 1775 5472 καὶ
1817 5421 1943 5483 τοὺς

365 5507 688 5577 ἀνθρώπους
743 5510 990 5580 ἀλλήλων
1042 5511 1348 5580 διέστησεν.
1416 5511 1632 5580 Ταύτην
1689 5505 1782 5564 οὖν
1837 5511 1944 5581 πρὸ

435 5649 484 5680 ⁸⁷
510 5648 678 5703 Eccli.
709 5666 817 5715 xix,
853 5651 934 5704 l0.
1010 5653 1053 5684 ⁸⁸
1075 5653 1243 5706 Eccli.
1267 5669 1319 5715 κ,
1343 5653 1398 5707 6.
1474 5652 1517 5683 ⁸³
1543 5653 1684 5706 Psal.
1713 5668 1852 5708 xtlx.
1875 5653 1960 5708 19.

367 5719 411 5751 ⁸³
442 5719 574 5772 ibid.
614 5719 668 5782 5,
703 5723 754 5774 ll.

367 5790 410 5820 ’ᾖ
436 5789 549 5844 Jac.
595 5807 628 5854 ι,
656 5791 743 5845 21.

857 5720 900 5752 ⁰¹⁵
927 5722 1064 5776 ibid.
1107 5725 1158 5784 8,
1197 5723 1282 5777 10.

1379 5725 1425 5755 ³⁵
1463 5723 1621 5776 Prov.
1652 5740 1761 5781 vm.
1803 5724 1882 5777 15.

1987 5725 2032 5756 ⁹⁶⁸
2059 5727 2217 5778 Prov.
2253 5741 2394 5784 wi,
2431 5723 2520 5777 '29.
2599 5724 2641 5754 ³⁸⁷
2670 5725 2832 5778 Prov.
2866 5721 3055 5790 xx,‘22.

827 5793 837 5821 ‘
875 5791 892 5844 1
927 5792 1050 5846 Cor.
1083 5810 1193 5860 .uv,
1226 5794 1314 5846 εἶθ.
1391 5796 1408 5824 ¹
1441 5794 1629 5847 Matth.
1696 5811 1739 5857 ν,
1771 5795 1858 5859 '23,
1896 5795 1980 5848 Ἡ.

2048 4611 2209 4667 quam
2274 4596 2544 4652 obscenas
2596 4596 2754 4668 quasi
2804 4599 3021 4652 semina
3067 4597 3334 4652 cordibus
3394 4597 3630 4652 inseruit

2045 4692 2274 4746 nostris.
2304 4690 2415 4746 llos
2445 4705 2550 4759 pro
2589 4690 2735 4745 virili
2766 4691 3026 4760 portione
3055 4697 3118 4744 ut
3149 4689 3358 4755 oderis,
3402 4703 3629 4744 necesse

2045 4781 2139 4843 sit,
2169 4797 2376 4852 eosque
2402 4781 2651 4835 declines
2680 4797 2848 4852 quam
2901 4781 3182 4844 ocissime,
3207 4780 3504 4851 nequando
3527 4794 3630 4834 nos

2046 4871 2284 4926 reddant
2317 4872 2524 4926 invisos
2557 4873 2668 4927 Deo
2696 4888 2794 4943 per
2830 4873 3107 4942 impuram
3142 4888 3270 4928 cum
3308 4872 3448 4941 ipsis
3482 4886 3622 4925 con-

2045 4963 2405 5019 flictationem
2429 4974 2485 5018 et
2521 4965 2844 5029 amicitiam,
2877 4966 3031 5035 juxta
3069 4965 3400 5020 sententiam
3441 4963 3622 5016 illam:

2052 5075 2070 5107 ι
2097 5057 2292 5112 Nonne
2323 5057 2420 5126 qui
2451 5057 2691 5114 oderunt
2730 5067 2802 5122 te,
2831 5059 3083 5123 Domine,
3113 5045 3370 5122 oderam,
3387 5061 3442 5109 et
3460 5069 3628 5122 super

2045 5147 2302 5203 inimicos
2333 5157 2458 5203 tuos
2510 5149 2862 5206 tabescebam
2887 5150 2910 5202 ?
2933 5148 3186 5203 Perfecto
3229 5146 3362 5200 odio
3400 5145 3625 5199 oderam

2038 5239 2186 5304 illos,
2224 5239 2433 5295 inimici
2478 5241 2607 5296 facti
2644 5249 2774 5296 sunt
2812 5241 2949 5293 mihi
2989 5240 3048 5289 ³..
3086 5257 3103 5288 ι
3132 5237 3414 5292 Adversus
3443 5244 3627 5289 autem

2041 5331 2213 5386 alium
2250 5332 2527 5401 quemvis,
2574 5333 2758 5386 locum
2810 5331 3027 5384 nullum
3086 5327 3256 5383 habet
3310 5326 3626 5386 inimicitia.

2044 5421 2352 5490 praesertim
2393 5422 2445 5477 si.
2471 5422 2540 5476 de
2580 5421 2782 5476 damno
2818 5421 3002 5491 agitur
3031 5420 3329 5489 corporali,
3351 5419 3421 5473 de
3441 5418 3625 5473 detra-

2045 5513 2254 5576 ctione,
2293 5514 2381 5568 vel
2447 5512 2812 5577 contumelia,
2851 5521 2948 5566 aut
2989 5526 3337 5582 quaecunque
3403 5509 3624 5564 tandem

3087 5652 3132 5682 "
3160 5651 3329 5706 Eccli.
3365 5662 3548 5702 δίκην.
3569 5646 3620 5699 2.

3136 5725 3177 5753 θ’*
3203 5723 3362 5776 Prov.
3400 5736 3491 5782 ιιι,
3532 5717 3618 5772 28.

2038 5656 2083 5687 ⁸ο
2104 5655 2272 5708 Eccli.
2306 5670 2359 5717 x,
2385 5653 2439 5706 6.
2515 5654 2556 5684 ⁹¹
2585 5653 2742 5706 Prov.
2778 5669 2899 5715 xxv,
2919 5652 3008 5706 21.

2064 5797 2080 5824 ³
2105 5794 2244 5848 l‘sal.
2283 5810 2534 5860 cxxxvrn,
2563 5794 2652 5860 21,
2676 5795 2764 5848 2:2.
