3986 6148
446 260 590 329 1599

1726 260 2093 325 ANTIOCHI
2127 265 2471 355 MONACHI

3571 260 3691 328 1600

435 380 570 431 sunt
596 370 905 427 conformia
939 371 1031 428 isti
1066 372 1270 428 saeculo
1307 381 1367 429 et
1397 382 1790 433 consentanea.
1834 374 2025 444 Neque

2137 374 2347 428 πάντων
2376 374 2459 427 δεῖ
2479 369 2724 442 φεύγειν,
2758 368 2854 424 καὶ
2873 368 3087 425 διιῖικειν
3110 368 3211 439 τὴν
3232 367 3463 442 ἀρετὴν,
3478 370 3572 425 καὶ
3592 372 3690 443 Θεῷ

436 466 588 521 enim
640 465 913 519 adversus
970 472 1128 523 tuum
1181 466 1445 536 gentilem
1492 466 1611 522 sive
1656 466 2031 522 contribulem

438 557 613 614 debes
635 557 892 613 hostilem
915 557 1173 612 affectum
1192 558 1424 615 induere
1444 559 1514 613 ob
1533 559 1651 614 haec
1672 559 2030 630 temporaria,

438 651 626 720 potius
658 649 885 720 agendae
909 649 1143 706 veniunt
1174 651 1380 723 gratiae,
1411 651 1560 721 quod
1588 652 1752 707 nobis
1774 661 1905 706 sunt
1940 666 2031 707 sa-

439 740 575 796 lutis
618 740 829 797 certius
858 741 1178 797 obtinenda:
1209 743 1408 811 parati.
1454 742 1582 798 Sola
1617 743 1766 798 enim
1804 752 1889 798 est
1912 759 2031 798 ma-

436 833 558 888 litia
607 849 731 904 qua:
785 850 889 907 nos
918 833 1235 891 afamiliari
1269 835 1367 890 Dei
1419 851 1722 907 congressu
1778 835 2031 902 diremit,

438 925 804 996 hominesque
828 942 858 981 a
886 927 1157 982 charitate
1205 936 1398 983 mutua
1428 929 1653 985 avulsit.
1683 928 1836 984 Hanc
1866 929 2034 1001 igitur

439 1018 738 1074 adversum
769 1020 1025 1087 homines
1054 1020 1428 1087 inimicitiam,
1459 1031 1587 1076 ante
1629 1024 1819 1078 omnia
1846 1023 2032 1087 abste

441 1117 505 1163 ut
534 1109 818 1164 amoliaris
844 1108 1097 1175 acvites,
1124 1125 1309 1181 Opera:
1341 1110 1583 1181 pretium
1622 1121 1742 1168 est:
1781 1119 1839 1166 at
1860 1111 2034 1166 v‘irtu-

440 1206 553 1254 tem
583 1201 894 1257 continenti
925 1202 1112 1261 studio
1136 1217 1493 1273 persequere,
1515 1219 1638 1274 qua:
1668 1212 1723 1259 te
1755 1204 1870 1261 Deo
1893 1219 2031 1259 con-

440 1291 614 1357 ciliet,
646 1301 703 1347 et
727 1292 995 1363 proximis
1028 1293 1334 1365 agglutinet
1376 1301 1583 1351 mutuae
1629 1294 1870 1365 glutinio
1896 1293 2032 1349 cha-

441 1382 649 1439 ritatis.
712 1384 926 1455 Scopus
985 1386 1136 1441 enim
1185 1385 1388 1441 unicus
1458 1386 1552 1443 hic
1577 1394 1664 1441 est
1707 1386 1938 1443 virtutis
1975 1392 2035 1441 et

2131 465 2542 536 προσάγουσαν,
2591 463 2692 518 καὶ
2738 462 2994 533 ἀλλήλοις
3035 462 3449 519 συνάπτουσαν.
3490 464 3689 534 ’Δρετῇς

2129 557 2188 611 δὲ
2233 557 2331 611 καὶ
2375 555 2696 627 φιλοσοφίας
2747 556 2896 628 ὄρος,
2951 556 3012 608 τὸ
3063 555 3204 626 μετά
3249 555 3522 618 συνέσεως
3546 556 3689 611 ἀπλα-

2133 666 2277 704 στον.
2313 648 2612 719 Συνηγορεῖ
2650 647 2709 702 δέ
2738 646 2817 720 τῷ
2861 646 3006 718 λόγῳ
3042 644 3202 718 ήμῶν
3238 647 3340 699 καὶ
3367 647 3400 698 ό
3433 648 3688 717 προφήτης

2146 738 2373 803 Ἡσαΐας
2390 755 2403 769 ·
2425 736 2587 809 φησὶν
2608 737 2769 809 γὰρ,ι
2792 736 2909 791 Οὐκ
2930 736 3031 810 ἔσῃ
3056 736 3195 807 μετά
3222 734 3488 790 πλειόνων
3521 737 3572 786 ἐν
3602 753 3685 788 ιιι-

2131 830 2279 904 κίᾳί
2298 832 2427 901 περὶ
2440 820 2548 884 τῶν
2579 828 2907 902 ἀκαθάρτων
2928 828 3104 895 λέγων
3129 826 3435 897 λογισμῶν.
3473 828 3575 879 Kal
3608 828 3687 878 ἐπ.

2132 927 2275 997 άγει,
2311 945 2331 978 ι
2363 924 2666 991 Λούσασθε,
2686 926 2782 980 καὶ
2804 924 3037 996 καθαροὶ
3060 922 3302 995 γίνεσθε,
3349 923 3568 992 ἀφέλετε
3606 923 3684 985 τὰς

2132 1019 2397 1091 πονηρίας
2423 1018 2533 1073 ἀπὸ
2561 1018 2672 1072 τῶν
2693 1018 2881 1088 ψυχῶν
2925 1017 3102 1087 ὑμῶν,
3140 1016 3431 1070 παύσασθε
3464 1015 3565 1066 ἀπὸ
3595 1013 3684 1066 τῶν

2132 1112 2410 1184 πονηριῶν
2443 1109 2622 1182 ὑμῶν,
2640 1110 2842 1182 μάθετε
2872 1110 3036 1166 καλὸν
3078 1112 3275 1165 ποιεῖν.
3314 1127 3334 1160 ι
3372 1109 3483 1161 Καὶ
3513 1109 3539 1160 ό
3561 1106 3686 1175 [Iap-

2130 1203 2420 1275 οιμιαστής
2466 1219 2655 1273 φησιν,
2717 1220 2737 1255 ι
2764 1201 2856 1273 Μὴ
2902 1200 3278 1273 φιλεχθρήσῃς
3311 1200 3394 1263 είς
3433 1199 3686 1268 ἄνθρωπον

2134 1295 2332 1368 μάτην,
2368 1296 2444 1367 μή
2493 1312 2627 1349 ποτε
2677 1295 2759 1358 εἰς
2804 1294 2864 1348 σὲ
2898 1294 3069 1348 κακόν
3112 1310 3166 1346 τι
3195 1293 3566 1364 ἐργάσηται.»
3598 1289 3686 1344 Kal

2132 1385 2320 1454 πάλιν,
2357 1404 2377 1438 ι
2427 1387 2596 1451 Φόϐος
2639 1386 2850 1457 Κυρίου
2895 1388 3045 1457 μισεῖ
3075 1383 3315 1439 κακίανο
3351 1385 3382 1437 ό
3410 1383 3468 1435 δὲ
3493 1380 3687 1451 ἀναιδὴς

442 1476 825 1548 philosophiae,
854 1484 912 1533 ut
939 1478 1077 1533 citra
1093 1479 1279 1534 fucum
1304 1479 1529 1551 quidvis
1554 1487 1698 1551 agat,
1723 1480 2030 1551 praesertim

2137 1477 2255 1549 μεθ’
2282 1474 2495 1549 ὖόρεως
2530 1476 2771 1548 πράσσει
2811 1477 2978 1531 κακά.
2999 1476 3109 1529 Kal
3130 1478 3159 1528 ό
3184 1474 3507 1544 φιλομαχῶν
3538 1472 3687 1543 χαίρει

443 1569 491 1622 si
523 1585 648 1623 cum
708 1570 1008 1640 prudentia
1079 1573 1457 1645 conjungitur.
1520 1573 1690 1630 Isaias
1761 1573 2032 1644 propheta

2137 1569 2359 1640 μάχαις.
2393 1587 2412 1621 ι
2450 1568 2565 1622 Kal
2594 1568 2775 1636 πάλιν,
2814 1588 2833 1620 ι
2867 1567 3031 1639 ’Δνὴρ
3077 1565 3447 1638 εὐμετάϐολος
3478 1566 3686 1636 γλώσσῃ,

443 1668 697 1714 nostrum
732 1676 1051 1717 sermonem
1086 1678 1189 1718 suo
1242 1664 1536 1720 confirmat
1568 1665 1903 1735 patrocinio,
1951 1663 2031 1719 ait

2137 1663 2457 1732 ἐμπεσεῖται
2481 1662 2561 1723 είς
2583 1661 2752 1715 κακά.
2778 1679 2797 1711 ι
2844 1660 2903 1714 '0
2940 1661 3000 1713 δὲ
3028 1659 3194 1714 Δαυῒδ
3220 1658 3523 1713 ἀντιϐολῶν
3548 1673 3688 1726 φησιν

445 1750 591 1804 enim
623 1770 636 1805 :
675 1771 695 1804 ι
732 1752 847 1808 Nec
879 1754 993 1809 eris
1021 1770 1146 1810 cum
1176 1756 1430 1825 pluribus
1464 1757 1524 1812 in
1555 1756 1767 1812 malitia
1788 1756 1833 1810 δ.
1855 1776 1873 1808 ι
1905 1755 2033 1812 Haec

446 1842 671 1911 quidem
706 1843 777 1898 de
809 1844 1044 1915 impuris
1090 1855 1148 1903 et
1179 1848 1437 1906 obscenis
1468 1850 1898 1921 cogitationibus
1945 1854 2032 1910 di-

446 1950 602 1991 cens.
639 1935 858 1992 lnducit
911 1945 1138 1994 autem:
1174 1958 1194 1992 ι
1229 1939 1538 2007 Lavamini,
1592 1942 1786 2005 mundi
1829 1952 2031 2012 estote,

447 2027 647 2084 oﬂ‘erte
700 2030 940 2087 malitias
967 2032 1036 2086 ab
1090 2031 1383 2087 animabus
1431 2033 1653 2100 vestris,
1699 2035 1970 2105 quiescite
1998 2054 2035 2094 a

448 2118 679 2174 malitiis
712 2121 935 2186 vestris,
967 2120 1168 2176 discite
1210 2121 1536 2178 benefacere
1566 2123 1609 2177 ⁸.
1637 2124 1884 2196 »1113
1930 2128 2035 2182 Pa-

450 2209 1075 2266 rmmiastesitemzNe
1131 2210 1329 2283 diligas
1396 2212 1718 2269 inimicitias
1767 2216 2037 2275 adversus

453 2300 734 2373 hominem
766 2302 996 2367 frustra,
1031 2318 1100 2357 ne
1123 2301 1264 2358 forte
1288 2303 1346 2359 in
1370 2312 1420 2359 te
1442 2304 1651 2375 aliquid
1680 2306 1809 2361 mali
1843 2322 2040 2381 opere-

455 2402 549 2447 tur
568 2393 610 2447 ⁸.
647 2412 665 2445 ι
696 2394 903 2449 lterum
933 2414 947 2450 :
980 2413 1000 2446 ι
1038 2394 1228 2450 Timor
1266 2395 1485 2452 Domini
1519 2397 1637 2452 odit
1677 2399 1944 2454 malitiam
1977 2400 1998 2433 "
2019 2441 2035 2467 ,

452 2483 749 2551 impudens
805 2493 988 2539 autem
1051 2499 1180 2539 cum
1242 2486 1579 2542 contumelia
1611 2498 1875 2559 operatur
1925 2507 2041 2547 ma-

454 2575 506 2630 la
533 2574 579 2645 3,
615 2595 633 2628 ι
677 2576 850 2632 David
897 2577 1031 2633 item
1065 2578 1394 2653 suppliciter
1427 2580 1541 2636 Deo
1570 2582 1884 2652 procidens,
1911 2583 1991 2638 ait
2023 2602 2037 2640 :

2138 1754 2275 1826 πρὸς
2310 1753 2402 1808 τὸν
2440 1752 2596 1819 θεὸν,
2633 1771 2652 1805 ι
2678 1752 2769 1823 Μὴ
2801 1751 3114 1824 ἐπιχαρῶσί
3175 1768 3270 1823 μοι
3318 1751 3370 1804 οἱ
3411 1748 3691 1820 ἐχθραίνον-

2129 1845 2224 1908 τές
2271 1862 2363 1916 μοι
2411 1844 2640 1911 ἀδίκως,
2686 1846 2736 1898 oi
2792 1845 3084 1916 μισοῦντές
3106 1861 3174 1914 με
3200 1844 3419 1915 δωρεάν
3442 1860 3456 1874 υ
3483 1840 3588 1897 ἀλλ’
3617 1841 3687 1894 al-

2134 1936 2524 2007 σχυνθήτωσαν
2577 1938 2673 1990 καὶ
2711 1937 3148 2009 ἐντραπήτωσαν
3191 1939 3245 1990 οἱ
3286 1935 3569 2008 ζητοῦντες
3607 1933 3689 2002 τὴν

2132 2027 2313 2098 ψυχήν
2335 2044 2492 2098 μου.»
2525 2027 2688 2093 Καὶ,ι
2710 2027 3084 2099 ’Δποστρὲψῃς
3101 2028 3169 2081 τὰ
3188 2027 3341 2082 κακά
3369 2028 3481 2090 τοῖς
3504 2027 3689 2096 ἐχθροῖς

2138 2137 2260 2190 μου.
2286 2139 2306 2172 ο
2341 2119 2474 2184 Kal,
2501 2137 2520 2170 ι
2558 2119 2646 2173 Ἐν
2675 2123 2742 2191 τῇ
2763 2119 2991 2192 ἀληθείᾳ
3026 2137 3118 2173 σου
3149 2138 3167 2170 ι
3189 2119 3491 2183 τουτέστιν,
3528 2121 3580 2170 ἐν
3626 2114 3689 2185 τῷ

2136 2210 2383 2284 Χριστῷ,
2418 2230 2437 2264 ι
2473 2210 2857 2282 ἐξολόθρευσον
2886 2213 3140 2275 αὐτούς.)
3171 2212 3310 2277 Kal,
3335 2210 3562 2281 (Κύριος
3586 2206 3689 2277 ἐμοὶ

2140 2304 2352 2374 βοηθὸς,
2403 2304 2560 2373 κάγὼ
2602 2305 2875 2376 ἐπόψομαι
2917 2305 3045 2368 τοὺς
3086 2303 3317 2374 ἐχθρούς
3364 2319 3493 2372 μου·
3542 2304 3593 2355 ἐν
3626 2297 3689 2369 τῷ

2137 2395 2259 2467 Θεῷ
2293 2394 2400 2468 γὰρ
2432 2396 2733 2467 ποιήσομαι
2769 2395 3000 2465 δύναμιν
3021 2411 3034 2425 ⁸
3066 2394 3161 2448 καὶ
3184 2394 3351 2457 αὐτὸς
3378 2391 3687 2459 ἐξουδενὼσει

2138 2487 2267 2547 τοὺς
2306 2484 2539 2556 ἐχθροὺς
2579 2486 2759 2556 ἡμῶν.
2789 2505 2807 2536 ι
2860 2483 3048 2538 Ταῦτα
3085 2484 3143 2536 δέ
3186 2483 3319 2553 περὶ
3363 2483 3468 2535 τῶν
3510 2479 3687 2550 νοητῶν

2143 2579 2353 2650 ἐχθρῶν
2394 2579 2761 2651 προσηύχετο,
2812 2579 2908 2633 καὶ
2945 2578 3067 2649 οὐχὶ
3095 2579 3224 2648 περὶ
3258 2576 3571 2648 ἀνθρώπων.
3597 2574 3688 2627 Kal

463 2685 482 2718 ι
504 2667 583 2722 Ne
606 2668 883 2738 gaudeant
906 2686 1076 2742 super
1109 2687 1197 2728 me
1221 2672 1316 2742 qui
1346 2672 1715 2730 adversantur
1741 2675 1878 2731 mihi
1931 2677 2042 2732 ini-

455 2762 698 2829 que,qui
736 2762 977 2819 oderunt
1028 2780 1114 2819 me
1139 2764 1335 2834 gratis,
1382 2766 1478 2821 sed
1528 2766 1945 2825 confundantur
1987 2778 2036 2825 el

2141 2763 2362 2827 τοῦντος
2386 2764 2482 2835 τὴν
2508 2763 2685 2835 ψυχὴν
2709 2764 2896 2831 αὐτοῦ,
2924 2765 3021 2818 xal
3045 2763 3342 2827 διώκοντος
3394 2761 3548 2815 αὐτὸν
3574 2754 3688 2829 μετὰ

456 2858 817 2911 revereantu'r
830 2867 1143 2924 quaerentes
1156 2858 1396 2920 animam
1415 2860 1458 2914 ³.
1485 2883 1503 2913 ι
1524 2861 1593 2915 Et
1618 2876 1633 2915 :
1663 2881 1680 2913 ι
1707 2863 1910 2919 Averte
1929 2880 2036 2920 ma-

2145 2856 2459 2929 τρισχιλίων
2481 2857 2709 2928 ἀνδρῶν,
2734 2857 2830 2910 καὶ
2869 2854 3273 2927 παραδοθέντος
3304 2856 3383 2917 εἰς
3409 2853 3500 2914 τάς
3528 2852 3688 2921 χεῖρας

455 2943 761 2999 lainimicis
791 2948 950 3011 meis,
970 2957 1028 3004 et
1054 2949 1111 3004 in
1140 2932 1375 3007 veritate
1417 2959 1509 3007 tua
1537 2952 1555 3023 (
1581 2954 1684 3008 hoc
1702 2963 1789 3010 est
1813 2956 1869 3010 in
1886 2955 2036 3011 Chri-

2146 2951 2314 3005 αύτοῦ
2350 2948 2516 3015 ἅπαξ,
2546 2949 2642 3002 καὶ
2681 2949 2784 3013 δίς,
2821 2947 2914 3000 καὶ
2936 2946 3044 3000 τῶν
3087 2946 3206 3016 μετ’
3235 2945 3403 3001 αὐτοῦ
3432 2944 3683 3009 λεγόντων,

456 3038 584 3106 sto)
610 3037 871 3106 disperde
894 3040 1017 3095 illos
1035 3041 1129 3094 ¹⁰.›
1157 3042 1260 3097 Et:
1290 3061 1308 3095 ι
1334 3043 1600 3099 Dominus
1634 3047 1770 3101 mihi
1801 3049 2036 3120 adjutor,

2154 3064 2173 3095 ι
2209 3041 2338 3095 Ἰδοὺ
2379 3043 2413 3112 ἡ
2440 3041 2623 3112 ἡμέρα
2649 3033 2683 3113 ᾖ
2714 3039 2918 3109 Κύριος
2943 3036 3265 3108 παρέδωκεν
3286 3036 3378 3089 τὸν
3410 3033 3585 3103 ἐχθρόν
3608 3046 3683 3082 σου

457 3136 512 3180 et
537 3144 637 3196 rgo
669 3127 967 3197 despiciam
999 3130 1254 3186 inimicos
1288 3147 1440 3188 meos
1464 3134 1526 3187 “.
1555 3134 1614 3189 In
1640 3136 1752 3191 Deo
1782 3138 2036 3195 faciemus

2147 3138 2208 3190 ὲν
2233 3138 2298 3206 τῇ
2325 3134 2469 3205 χειρί
2512 3150 2603 3186 σου
2630 3149 2689 3182 ον»
2742 3131 2904 3197 αὐτὸς
2952 3130 3298 3196 ἀπελογεῖτο*
3337 3129 3446 3197 «Ζῇ
3493 3123 3682 3192 Κύριος,

458 3218 743 3284 virtutem,
776 3227 832 3272 et
858 3219 974 3289 ipse
1008 3220 1076 3274 ad
1115 3222 1352 3278 nihilum
1381 3210 1620 3281 deducet
1651 3227 1904 3285 inimicos
1948 3248 2036 3287 no-

2146 3228 2209 3281 ού
2240 3229 2314 3298 μὴ
2342 3227 2610 3294 ἐπαγάγω
2641 3224 2744 3293 τὴν
2767 3222 2926 3293 χεῖρά
2958 3238 3059 3292 μου
3090 3221 3182 3274 ἐπὶ
3203 3219 3426 3291 χριστδν
3454 3215 3678 3285 Κυρίου.»

450 3319 605 3364 stt-os
647 3311 710 3364 “.
749 3329 765 3360 ι
797 3309 869 3365 Et
902 3311 1017 3366 haec
1069 3312 1295 3382 quidem
1341 3330 1530 3371 orasse
1590 3317 1822 3390 intelligi
1879 3321 2036 3380 debet

2145 3320 2262 3372 Καὶ
2290 3320 2350 3372 οὑ
2384 3320 2546 3389 μόνον
2569 3317 2750 3393 τοῦτο,
2786 3316 2922 3370 ἀλλὰ
2964 3316 3060 3369 καὶ
3089 3314 3313 3368 ἐπένθει
3337 3312 3577 3370 θανόντος
3608 3307 3684 3357 αὺ-

450 3400 725 3455 adversus
750 3403 1085 3470 espirituales
1135 3404 1415 3468 inimicos,
1457 3424 1568 3462 non
1606 3410 1739 3463 item
1773 3412 2036 3470 adversus

2147 3407 2263 3463 τοῦ.
2297 3409 2405 3461 Καὶ
2439 3406 2782 3460 ἐθανάτωσεν
2805 3405 2896 3459 τὸν
2921 3403 3427 3472 εὐαγγελισάμενον
3454 3395 3587 3464 αύτῷ
3603 3394 3681 3461 τὴν

458 3493 732 3548 hoznines.
765 3496 1004 3550 Historia
1035 3496 1357 3553 testimonio
1381 3511 1466 3554 est
1511 3501 1779 3559 adversus
1828 3505 2036 3561 intelle-

2151 3500 2364 3571 σφαγὴν
2396 3497 2585 3553 αὐτοῦ.
2624 3498 2859 3566 Ὁμοίως
2895 3498 3058 3550 πάλιν
3087 3494 3313 3548 ἐπένθει
3346 3493 3439 3546 καὶ
3466 3480 3682 3558 περὶτοῦ

454 3586 674 3639 ctuales
709 3586 896 3641 hostes
929 3587 1190 3645 Davidem
1221 3605 1344 3645 esse
1374 3602 1660 3661 precatum
1686 3594 1880 3650 Deum.
1908 3598 2036 3653 Cum

2151 3594 2386 3646 θανάτου
2421 3590 2741 3659 Ἀὄεσαλὼμ
2762 3588 2859 3643 τοῦ
2889 3586 3180 3656 ζητοῦντος
3203 3587 3367 3639 αὑτὸν
3384 3582 3680 3637 ἀποκτεῖναι.

456 3674 609 3729 enim
643 3676 773 3731 Saul
796 3677 1036 3733 animam
1068 3670 1235 3734 David
1269 3683 1699 3751 prepensissime
1737 3696 2036 3756 appeteret,

2152 3684 2349 3755 Σαφῶς
2374 3680 2468 3738 οὖν
2494 3684 2873 3745 ἀποδέδεικται
2894 3682 2981 3735 διὰ
3002 3680 3232 3743 τούτων,
3259 3681 3345 3731 ὄτι
3370 3678 3428 3729 οὐ
3460 3673 3581 3743 πρὸς
3609 3671 3681 3720 ἀν·

461 3781 701 3835 eumque
762 3779 1197 3837 persequeretur
1255 3787 1421 3833 manu
1492 3775 1731 3844 stipatus
1798 3779 2048 3833 virorum

463 3860 632 3915 trium
646 3860 903 3925 millium,
927 3870 985 3917 et
1006 3871 1155 3917 esset
1180 3861 1309 3917 Saul
1331 3866 1502 3923 semel
1521 3868 1852 3922 etsecundo
1873 3869 2049 3924 tradi-

466 3962 555 4007 tus
587 3954 643 4006 in
678 3969 872 4007 manus
904 3954 1078 4022 ipsius
1113 3954 1284 4009 David
1316 3964 1373 4009 et
1410 3970 1607 4009 eorum
1638 3956 1732 4024 qui
1764 3973 1889 4027 cum
1930 3960 2050 4028 ipso

465 4054 645 4109 erant,
674 4045 767 4113 qui
815 4046 981 4101 etiam
1019 4046 1307 4101 dicerent:
1350 4065 1368 4097 ι
1396 4048 1539 4101 Ecce
1572 4047 1691 4102 dies
1729 4049 1789 4102 in
1809 4065 1918 4118 qua
1944 4064 2052 4107 tra-

465 4137 609 4191 didit
652 4138 919 4194 Dominus
965 4138 1251 4192 inimicum
1290 4148 1446 4193 tuum
1495 4138 1551 4192 in
1599 4155 1763 4194 manu
1813 4150 1904 4196 tua
1934 4144 2036 4209 ¹³ςι

2151 4140 2243 4208 τοῦ
2279 4138 2881 4203 Ἰακώϐου,λέγοντος,ι
2910 4138 3002 4204 Μὴ
3028 4135 3341 4198 στενάζετε,
3360 4126 3558 4196 ἀδελφοί
3578 4140 3677 4194 μου,

466 4229 755 4298 respondit
794 4228 1002 4283 David:
1042 4247 1060 4279 ι
1101 4227 1248 4289 Vivit
1300 4227 1585 4291 Dominus,
1637 4244 1749 4282 non
1802 4229 2036 4300 injician

2151 4234 2272 4287 κατ’
2308 4231 2575 4301 ἀλλήλων,
2604 4229 2692 4282 ἵνα
2736 4226 2809 4300 μῆ
2838 4228 3085 4298 κριθῆτε.
3110 4244 3129 4278 ι
3158 4226 3271 4279 Kal
3299 4222 3460 4278 αὐτοῦ
3496 4219 3576 4273 τοῦ
3596 4216 3682 4267 Κυ-

469 4336 693 4376 manum
732 4336 909 4375 meam
960 4319 1015 4374 in
1049 4320 1329 4374 christum
1367 4319 1583 4374 Domini
1617 4321 1681 4375 ιε’.
1715 4339 1732 4371 ι
1772 4321 1963 4391 Neque
1994 4323 2036 4377 id

2156 4313 2274 4395 ρῶυ
2297 4322 2600 4390 εἰρηκότος,
2623 4338 2642 4371 ι
2682 4320 2843 4385 Ὑμῖν
2856 4318 2913 4371 δὲ
2937 4318 3080 4385 λέγω
3092 4319 3206 4378 τοῖς
3225 4315 3524 4372 ἀκούουσιν,
3551 4310 3681 4370 ’Δγαο

467 4415 634 4468 modo
687 4413 838 4475 fecit,
871 4413 966 4468 sed
1023 4423 1077 4468 et
1112 4413 1294 4468 Saulis
1341 4420 1574 4467 mortem
1609 4412 1769 4479 luxit,
1808 4376 2036 4484 eu-mqut

2156 4376 2297 4468 πᾶτε
2345 4376 2476 4477 «tot;
2510 4411 2741 4483 ἐχθροὺς
2792 4410 2970 4479 ὑμῶν,
3006 4407 3190 4471 καλῶς
3235 4410 3440 4460 ποιεῖτε
3474 4403 3570 4461 τοῖς
3610 4412 3679 4465 μι·
3756 4476 3768 4490 ⁸

469 4506 680 4561 dedidit
708 4506 852 4569 neci,
879 4506 977 4574 qui
1016 4505 1221 4559 eaedem
1245 4503 1590 4558 renuntiarat
1622 4504 1803 4560 Saulis
1844 4506 1906 4560 ¹⁵.
1937 4508 2036 4563 Net

2157 4509 2341 4563 σοῦσιν
2370 4508 2536 4577 ὑμᾶς,
2568 4502 2938 4576 προσεύχεσθε
2995 4501 3135 4570 ὑπὲρ
3172 4500 3284 4554 τῶν
3314 4495 3681 4587 ἐπηρεαζόντων

467 4596 633 4650 aliter
680 4596 975 4651 Absalonis
1018 4595 1239 4665 lugebat
1285 4605 1539 4659 mortem,
1576 4596 1673 4665 qui
1708 4610 1897 4652 necem
1936 4606 2036 4653 tam

2138 4603 2297 4671 ὑμᾶς
2328 4600 2422 4654 καὶ
2451 4598 2781 4652 διωκόντων.
2832 4613 2851 4647 ι
2885 4594 3044 4662 Αύτῷ
3078 4596 3115 4664 ἡ
3137 4594 3266 4660 δόξα
3318 4594 3397 4654 είς
3437 4590 3551 4648 τοὺς
3580 4582 3682 4635 αἰῶ·

468 4689 718 4744 studiose
743 4688 1083 4757 expetiverat
1104 4687 1343 4756 patris“.
1367 4687 1622 4742 Arbitror
1646 4703 1777 4743 sane
1807 4705 1905 4755 per
1931 4690 2047 4746 base
2152 4709 2265 4755 νας.
2303 4691 2496 4760 Ἀμήν.
3388 4726 3391 4731 -

471 4783 609 4837 nihil
641 4782 895 4835 obscuris
926 4779 1266 4849 argumentis
1300 4779 1638 4834 declaratum
1706 4779 1868 4835 istius
1939 4781 2258 4839 inimicitias
2312 4782 2638 4851 neutiquam
2681 4779 2739 4834 in
2804 4776 3059 4832 homines
3108 4777 3350 4832 intentas
3379 4774 3557 4829 fuisse.
3605 4758 3681 4866 ξίςά

470 4879 734 4930 adversus
763 4873 1041 4929 daemones
1072 4873 1200 4928 odio
1233 4873 1383 4928 omni
1434 4872 1810 4941 dignissimos.
1835 4874 1902 4927 Et
1963 4892 2068 4931 nos
2101 4879 2268 4949 igitur
2295 4875 2390 4945 qui
2443 4890 2555 4944 pra:
2573 4872 2790 4929 caeteris
2818 4871 2946 4939 (vel
2974 4870 3092 4943 ipso
3118 4881 3256 4925 teste
3292 4868 3475 4924 habitu
3502 4867 3518 4933 )
3549 4860 3681 4957 spiri.’

474 4970 648 5029 tuales
693 4969 968 5031 videmur,
1016 4968 1305 5022 audiamus
1372 4966 1637 5022 Jacobqu
1718 4967 2044 5024 dicentem:
2091 4990 2109 5022 ι
2185 4970 2369 5026 Nolite
2416 4967 2783 5038 ingemiscere
2834 4967 2891 5020 in
2959 4964 3311 5025 alterutrum.
3362 4962 3542 5015 fratres
3579 4961 3679 5008 mel.

476 5074 537 5117 ut
568 5080 635 5118 ne
665 5064 1011 5135 injudicinm
1036 5062 1307 5118 deeidatis
1327 5062 1390 5115 ¹⁷.
1414 5080 1432 5111 ι
1461 5060 1567 5115 Sed
1590 5069 1646 5114 et
1669 5060 1785 5130 ipse
1809 5064 2074 5119 Dominus
2111 5066 2245 5135 quid
2285 5063 2508 5127 dixerit,
2561 5070 2770 5117 attenta
2816 5076 2881 5115 ac
2938 5058 3087 5114 ﬁdeli
3123 5073 3258 5112 aure
3298 5050 3678 5141 percipinmuisf

488 5157 698 5212 cVobis
717 5132 902 5212 autem
939 5155 1065 5210 dico
1105 5152 1507 5208 audientibus:
1553 5152 1769 5221 Diligite
1818 5154 2073 5211 inimicos
2113 5132 2782 5222 vestros,benefaeitehis
2817 5154 2915 5221 qui
2954 5150 3597 5213 oderuntvos;oratcpr0
3614 5132 3679 5185 bis

477 5252 569 5323 qui
591 5250 1005 5304 calumniantur
1023 5255 1080 5301 et
1110 5255 1523 5317 persequuntur
1546 5260 1645 5300 vos
1686 5246 1751 5300 ⁸⁸.
1781 5265 1800 5297 ι
1830 5247 1937 5317 Ipsi
1956 5248 2129 5319 gloria
2170 5249 2227 5303 in
2262 5248 2483 5304 saecula.
2527 5246 2723 5301 Amen.

2147 2671 2359 2744 μάρτυς
2398 2673 2431 2742 ή
2476 2673 2601 2725 κατ’
2634 2671 2798 2725 αὑτὸν
2850 2671 3088 2742 ἱστορία.
3144 2671 3253 2724 Τοῦ
3286 2671 3396 2740 γὰρ
3416 2667 3574 2722 Σαοὺλ
3605 2665 3686 2732 ζη-

2150 3777 2401 3848 θρώπους
2446 3772 2516 3845 ἦν
2561 3774 2712 3845 αὐτῷ
2740 3777 2775 3845 ἡ
2807 3773 3000 3847 ἔχθρα,
3039 3772 3175 3826 ἀλλὰ
3217 3773 3359 3843 πρδς
3388 3770 3508 3829 τοὺς
3549 3776 3681 3835 μίση·

2149 3869 2277 3931 τοὺς
2310 3867 2595 3937 δαίμονας.
2629 3868 2737 3920 Καὶ
2772 3867 2935 3936 ἡμεῖς
2964 3860 3059 3918 οὖν
3091 3862 3171 3934 τῷ
3203 3862 3426 3916 πάντων
3451 3857 3558 3926 Θεῷ
3583 3856 3684 3906 dva-

2154 3961 2399 4031 θώμεθα,
2423 3960 2516 4013 καὶ
2540 3959 2702 4022 αὐτὸς
2719 3955 2880 4021 σώζει
2909 3957 3056 4026 ἡμᾶς
3086 3956 3153 4008 ἐκ
3178 3954 3291 4006 τῶν
3314 3950 3511 4023 ἐχθρῶν
3533 3944 3677 4016 ἡμῶν.

2154 4051 2265 4104 τῶν
2293 4049 2509 4121 νοητῶν
2535 4049 2630 4102 καὶ
2665 4047 2963 4117 αἰσθητῶν,
3013 4042 3253 4116 μάλιστα
3280 4047 3378 4097 ἐὰν
3405 4041 3680 4102 ἀκούσωμεν

548 5429 569 5457 ⁸
592 5430 755 5483 l’rov.
789 5446 932 5494 xxiv,
970 5428 1061 5482 21.
1127 5429 1272 5484 ‘isa.
1302 5443 1339 5491 ι,
1378 5428 1465 5493 l6,
1498 5430 1578 5484 l7.
1658 5432 1678 5464 ⁸
1706 5434 1868 5489 Prov.
1901 5446 1981 5495 ut,
2002 5428 2091 5483 50.
2205 5428 2224 5459 '
2253 5430 2415 5485 Prov.
2447 5446 2561 5493 vm,
2599 5427 2687 5483 15.
2708 5429 2728 5460 ⁸
2753 5428 2915 5483 Prov.
2957 5442 3067 5487 xu,
3095 5426 3184 5479 28.
3297 5426 3318 5456 ’
3340 5420 3471 5495 Psal:
3493 5418 3674 5495 ηιιιιγν

483 5495 570 5572 is,
603 5502 683 5572 ι,
731 5500 773 5531 ιο
819 5486 968 5572 psit.
998 5515 1109 5564 LIII,
1141 5500 1194 5554 7.
1262 5486 1647 5572 "malim",
1682 5486 1846 5572 71'}:
1888 5486 2187 5572 esset“).
2232 5486 2624 5572 ιιιηξιιιιες.
2653 5515 2797 5567 xm,
2864 5503 2920 5554 s.
2965 5498 3009 5530 ιι
3041 5497 3178 5550 ibid.
3216 5495 3300 5551 ιι.
3367 5488 3461 5543 "Il
3492 5486 3670 5552 Res-lt

489 5566 577 5634 ’15,
621 5571 707 5625 Π.
789 5571 830 5603 ’⁸
862 5571 906 5625 ll
941 5571 1073 5641 Reg.
1109 5586 1261 5636 xvm,
1302 5570 1391 5624 55.
1460 5570 1502 5603 ³⁷
1525 5566 1642 5629 λιιι),
1672 5591 1728 5640 γ,
1773 5567 1825 5622 9.
1919 5571 1962 5603 ⁸⁸
2005 5570 2036 5624 N.

2143 5568 2198 5622 h.
2236 5586 2288 5631 ν.
2331 5570 2417 5625 44.

2097 5702 2166 5719 ~
