3986 6148
313 326 440 394 1601

905 427 1126 487 ΛΟΓΟΣ
1169 431 1296 487 NE'.

731 549 868 615 Περὶ
907 546 1012 600 τοῦ
1036 542 1123 615 μὴ
1163 544 1431 615 φθονεῖν.

381 667 489 720 Kal
522 667 550 718 6
594 661 786 730 φθόνος
825 659 994 712 δεινὸν
1031 658 1225 722 πάθος,
1278 656 1370 710 xal
1418 653 1742 716 διαϐολικὺν,
1791 651 1885 705 καὶ

313 756 566 810 δυσίατον
588 771 601 784 ·
638 752 696 817 ἐξ
723 749 896 816 αὑτοῦ
930 749 1038 819 γὰρ
1075 746 1386 817 ἀρξάμενον
1417 743 1617 804 εὐθέως
1652 741 1888 810 μετεπή-

314 847 474 918 δησεν
508 847 588 904 εἰς
628 843 717 897 τὸν
767 838 1158 908 ἀδελφοκτόνον
1205 836 1366 889 Κάἳν.
1400 835 1509 886 Kal
1538 830 1772 902 καθεξῆς
1806 832 1886 893 εἰς

314 942 440 1000 τοὺς
486 934 883 1007 κυριοκτόνους
948 929 1236 991 Ἰουδαίους
1294 927 1655 995 κατήντησεν.
1703 921 1890 974 Ἀεινὸν

314 1027 429 1090 οὖν,
458 1029 532 1090 ὡς
577 1028 808 1095 ἔφαμεν,
839 1023 935 1076 καὶ
968 1020 1208 1090 πονηρὸν
1237 1021 1265 1072 6
1296 1017 1510 1086 φθόνος.
1551 1016 1608 1067 '0
1642 1015 1739 1085 μὲν
1781 1013 1890 1082 γὰρ

319 1121 528 1189 φθονῶν
562 1117 786 1192 ἄχθεται
835 1115 929 1167 καὶ
980 1113 1228 1182 τήκεται.
1275 1111 1386 1162 Kal
1445 1107 1634 1177 ὥσπερ
1676 1103 1893 1174 σκώληξ

318 1216 376 1264 ὲν
406 1211 547 1278 ξύλῳ
579 1209 675 1262 καὶ
709 1207 807 1276 σὴς
839 1210 896 1259 ὲν
947 1203 1170 1274 ἱματίῳ,
1204 1201 1378 1263 οὕτως
1410 1199 1509 1270 τὴν
1545 1198 1774 1270 καρδίαν
1797 1196 1892 1250 καὶ

317 1301 378 1356 τὸ
426 1301 718 1370 πρόσωπον
770 1294 1088 1364 ὲξαφανίζει
1157 1290 1253 1344 τοῦ
1301 1289 1635 1359 ἐμπεσόντος
1681 1290 1760 1350 είς
1795 1287 1894 1348 τὰς

321 1397 508 1465 χεῖρας
556 1388 723 1442 αὐτοῦ
770 1391 797 1441 6
850 1386 1065 1455 φθόνος.
1111 1383 1170 1435 Ὀ
1203 1382 1259 1434 δὲ
1302 1379 1665 1449 φθονούμενος
1700 1375 1792 1428 ἐπὶ
1825 1374 1895 1426 τὰ

323 1489 509 1557 πρόσω
540 1481 862 1551 προκόπτει,
881 1477 985 1529 ὑπὸ
1015 1477 1222 1544 Κυρίου
1245 1471 1678 1540 σκεπαζόμενος·
1706 1466 1894 1536 ὥσπερ

325 1582 418 1630 καὶ
448 1579 475 1628 6
519 1576 720 1642 Ἰωσήφ
743 1589 756 1604 ⁸
796 1573 920 1624 ὅσον
966 1569 1075 1638 γὰρ
1126 1565 1385 1634 ἐφθόνουν
1416 1561 1564 1634 αὐτῷ
1596 1562 1644 1614 οἱ
1678 1557 1897 1623 ἀδελφοὶ

328 1668 516 1731 αὐτοῦ,
547 1665 801 1718 τοσοῦτον
831 1663 859 1714 ό
894 1660 1028 1723 Θεὸς
1059 1659 1274 1727 ὕψωσεν
1321 1657 1504 1721 αὑτὸν,
1536 1655 1640 1717 ἓως
1680 1648 1740 1707 οὗ
1793 1653 1900 1704 είσ-

1399 323 1728 383 HOMILIA
1770 321 1883 380 LV.
1918 343 1981 356 -·
2016 320 2111 378 DE
2154 304 2480 378 INVIDIA.

3437 310 3571 376 1602

2551 433 2829 492 llOMiLlA
2863 441 2970 492 LV.

2397 551 2475 608 Ne
2495 551 2728 620 cuipiam
2764 553 3036 606 invideris.

2056 666 2173 721 Jam
2202 665 2410 721 invidia
2453 680 2615 735 quam
2663 665 2965 718 vehemens
2993 663 3064 717 sit
3119 663 3289 716 animi
3319 663 3566 726 ali'ectio,

1988 755 2176 810 verius
2207 754 2477 809 diabolica
2526 754 2900 821 intemperies,
2937 752 3137 819 vixque
3183 752 3332 806 illam
3369 752 3568 805 admit-
3641 799 3644 804 .

1991 854 2114 900 tens
2145 847 2414 900 medelam
2455 886 2470 910 ,
2499 845 2624 914 quis
2673 844 2877 899 referat
2909 843 2932 895 ?
2966 841 3049 896 Ab
3084 858 3205 911 lpSO
3248 843 3396 896 enim
3451 843 3572 896 dia-

1991 939 2118 994 bolo
2147 939 2370 991 vixdum
2403 947 2644 992 traxerat
2680 936 2973 1007 originem,
3007 944 3062 988 et
3091 951 3220 990 ecce
3267 951 3297 990 e
3342 936 3573 1005 vestigio

1993 1030 2049 1083 in
2071 1029 2418 1084 fratricidam
2439 1029 2671 1084 Cainum
2692 1027 3002 1090 trausilivit,
3023 1037 3189 1096 atque
3213 1027 3405 1081 ordine
3422 1027 3576 1081 dein-

1991 1136 2121 1190 ceps
2165 1136 2342 1190 prono
2396 1136 2561 1174 cursu
2617 1121 2673 1174 in
2730 1118 3098 1172 dominicidas
3149 1118 3368 1173 Iudaeos
3403 1118 3575 1172 devo-

1995 1213 2112 1268 luta
2145 1221 2250 1267 est.
2282 1214 2447 1268 Plane
2478 1213 2684 1267 invidia
2702 1213 3000 1267 vehemens
3015 1222 3179 1280 atque
3200 1222 3358 1264 atrox
3373 1211 3576 1265 malum

1995 1319 2058 1357 ac
2081 1304 2258 1358 modis
2313 1303 2570 1358 omnibus
2596 1303 2820 1356 crudele
2875 1311 2978 1356 est.
3005 1302 3107 1366 Qui
3140 1299 3288 1353 enim
3337 1300 3576 1369 cuipiam

1998 1381 2228 1461 invidet,
2285 1395 2454 1448 animi
2520 1410 2722 1464 angore
2802 1393 3188 1457 discruciatur,
3239 1392 3580 1448 contabescit

1998 1486 2221 1552 misere,
2264 1486 2544 1555 eliquatur
2575 1496 2742 1539 totus.
2766 1485 2975 1540 Invidia
3005 1486 3152 1538 enim
3180 1485 3337 1554 quasi
3375 1484 3580 1539 vermis

1999 1579 2057 1634 in
2085 1579 2254 1648 ligno,
2303 1588 2358 1634 et
2390 1579 2444 1631 in
2478 1577 2809 1647 vestimento
2861 1576 3029 1640 tinea,
3075 1577 3152 1631 ita
3184 1591 3280 1630 cor
3338 1576 3578 1644 denique

2005 1671 2220 1742 1114
2260 1678 2318 1726 et
2347 1670 2542 1724 faciem
2585 1670 2704 1738 ejus
2746 1668 2970 1724 conﬁcit
3001 1685 3065 1723 ac
3111 1677 3351 1723 macerat
3397 1668 3579 1723 hebeti

330 1763 536 1829 ἢγαγεν
572 1760 733 1810 αὐτὸν
789 1757 868 1815 εἰς
905 1755 1002 1822 τὴν
1060 1749 1358 1821 βασιλείαν.
1407 1747 1679 1809 Ὡσαύτως
1723 1747 1821 1800 καὶ
1873 1748 1900 1799 6

2018 1764 2208 1830 gallore
2227 1805 2242 1828 ,
2268 1763 2361 1832 qui
2396 1762 2564 1816 semel
2594 1760 2648 1814 in
2683 1761 2858 1829 ipsius
2888 1777 3082 1815 manus
3109 1759 3325 1815 incidit.
3353 1760 3580 1826 Contra,

331 1854 524 1915 Σαοὺλ,
562 1851 650 1903 διὰ
696 1849 888 1918 φθόνον
918 1848 1144 1900 ἐδίωκεν
1171 1844 1260 1896 τὸν
1292 1841 1478 1903 Δαυῒδ,
1514 1840 1656 1893 καθὰ
1695 1841 1900 1907 γέγρα-

333 1962 486 2004 πται,
523 1964 540 1994 ι
577 1941 831 2010 Ἐξῆλθον
867 1941 922 1993 αἱ
955 1942 1279 2009 χορεύουσαι
1308 1936 1402 1987 καὶ
1431 1934 1636 2001 ἔλεγον,
1671 1931 1907 1984 Ἐπάτα-

334 2037 423 2100 ξεν
455 2031 626 2086 Σαοὺλ
654 2033 712 2083 ὲν
760 2028 998 2098 χιλιάσιν
1028 2026 1218 2085 αὐτοῦ.
1253 2026 1347 2077 καὶ
1373 2022 1535 2076 Δαυῒδ
1567 2024 1622 2074 ὲν
1650 2019 1906 2090 μυριάσιν

333 2127 520 2180 αὐτοῦ.
551 2144 568 2176 ›
602 2122 952 2193 Παραχρῆμα
981 2119 1090 2189 γὰρ
1134 2115 1436 2189 ἐρρίζωσεν
1469 2115 1496 2166 6
1526 2113 1719 2182 φθόνος
1750 2113 1807 2164 ἐν
1839 2112 1905 2183 τῇ

337 2219 537 2290 καρδία
579 2215 784 2270 Σαούλ·
820 2215 914 2267 καὶ
945 2209 1098 2265 εἶπεν
1143 2209 1220 2281 τῷ
1265 2207 1448 2269 Δαυῒδ,
1488 2225 1503 2256 ι
1531 2205 1621 2259 Σοὶ
1669 2204 1909 2257 δέδωκαν

336 2311 433 2375 τὰς
487 2309 776 2380 μυριάδας,
848 2304 1016 2373 κάμοὶ
1074 2301 1172 2364 τὰς
1221 2299 1534 2370 χιλιάδας.»
1575 2295 1687 2349 Kal
1741 2295 1770 2345 6
1815 2293 1910 2362 μὲν

336 2399 483 2463 οἶκος
525 2399 618 2451 τοῦ
669 2394 932 2468 φθονεροῦ
964 2393 1158 2458 Σαοὺλ,
1209 2390 1504 2462 ἐπορεύετο
1546 2385 1639 2438 καὶ
1685 2384 1914 2453 ἠλαττο-

339 2489 523 2544 νοῦτο·
553 2491 580 2542 6
612 2487 669 2539 δὲ
710 2481 859 2547 οἶκος
909 2481 1004 2535 τοῦ
1045 2479 1410 2552 φθονουμὲνου
1446 2475 1627 2542 Δαυῖδ,
1656 2473 1910 2546 ηὔξανεν,

340 2581 437 2635 καὶ
481 2577 875 2648 ἐκραταιοῦτοο
919 2574 1016 2628 καὶ
1064 2572 1229 2633 αὐτὸς
1282 2567 1572 2638 ὲμελῴδει’
1639 2587 1658 2617 ι
1692 2565 1915 2618 Ἔθεντο

339 2673 460 2726 κατ’
491 2669 624 2740 ἐμοῦ
673 2668 819 2720 κακὰ
865 2665 989 2718 ἀντὶ
1028 2663 1265 2731 ἀγαθῶν,
1309 2659 1401 2712 καὶ
1453 2662 1607 2728 μῖσος
1657 2656 1916 2733 ἀντὶιτῆς

340 2761 672 2833 ἀγαπήσεως
699 2777 824 2831 μου.
847 2777 864 2808 ι
896 2759 1004 2810 Καὶ
1042 2755 1227 2818 πάλιν,
1271 2771 1288 2804 ι
1313 2752 1729 2820 Καταράσονται
1766 2749 1917 2802 αὐτοὶ

343 2859 528 2912 καὶσὺ
555 2855 900 2923 εὐλογήσεις·
942 2849 1052 2918 ἐγὼ
1104 2849 1159 2901 δὲ
1187 2847 1247 2900 ού
1294 2838 1662 2916 προετιθέμην
1693 2843 1920 2918 πρδιόφ-

345 2946 566 3017 θαλμῶν
604 2963 702 3016 μου
741 2943 884 3013 πρᾶγ
901 2957 978 3010 μα
1025 2938 1363 3015 παράνομον.
1392 2955 1410 2986 ι
1447 2936 1554 2988 Καὶ
1583 2936 1610 2987 6
1634 2932 1921 3004 προφήτης

357 3039 626 3095 Ἀϐϐακοὺ
637 3056 694 3107 μ,
710 3055 727 3087 ι
759 3023 1014 3104 Καθαρὸς
1030 3029 1309 3101 ὀφθαλμὸς
1330 3028 1423 3082 τοῦ
1445 3029 1518 3098 μὴ
1534 3028 1665 3098 όρᾷν
1686 3025 1918 3096 πονηρὲ,

2006 1855 2050 1907 is
2083 1855 2171 1909 cui
2197 1854 2491 1917 invidetur,
2520 1853 2574 1906 in
2611 1853 2897 1906 hominum
2935 1860 3230 1922 prospectu
3270 1854 3430 1907 miris
3461 1868 3581 1906 mo-

2005 1945 2091 1998 dis
2141 1953 2500 2013 promovetur
2554 1929 2617 1997 ac
2652 1942 2894 2011 proﬁcit,
2939 1957 2968 1995 a
3010 1942 3243 1995 Domino
3277 1952 3580 2011 protectus.

2006 2037 2275 2105 Exemplo
2302 2044 2385 2089 cst
2425 2036 2622 2088 beatus
2659 2036 2750 2088 ille
2812 2034 3038 2103 Joseph.
3098 2033 3217 2100 Quo
3246 2035 3392 2089 cnim
3439 2035 3586 2089 faces

2005 2128 2266 2182 fraternae
2310 2127 2533 2180 invidiae
2569 2127 2624 2180 in
2652 2127 2804 2180 illum
2860 2137 3182 2181 exarserant
3223 2127 3428 2189 acrius,
3481 2127 3587 2182 hoc

2005 2215 2101 2270 ille
2136 2214 2428 2270 sublimius
2451 2231 2483 2269 a
2509 2215 2622 2268 Deo
2669 2215 3080 2284 provehebatur
3103 2256 3116 2280 ,
3148 2231 3437 2285 quousque
3468 2226 3586 2271 lan-

2009 2307 2137 2362 dem
2169 2307 2236 2361 ad
2277 2307 2432 2377 regni
2486 2307 2859 2377 gubernacula
2923 2315 3212 2376 promotus
3259 2316 3362 2361 est.
3412 2308 3501 2362 Sic
3532 2318 3589 2364 et

2011 2400 2140 2456 Saul
2196 2410 2366 2455 (nstro
2433 2399 2823 2454 exstimulatus
2899 2397 3141 2463 invidiae,
3206 2399 3587 2454 admirabilem

2012 2495 2167 2548 illum
2231 2491 2403 2546 David
2455 2490 2894 2560 persequebatur
2917 2530 2932 2554 ,
2968 2489 3115 2544 sicut
3163 2489 3429 2560 scriptum
3457 2500 3540 2545 cst
3573 2509 3586 2543 :

2022 2605 2040 2636 ι
2063 2585 2331 2640 Exierunt
2349 2593 2512 2652 alque
2530 2597 2654 2636 cum
2683 2581 2926 2650 tripudio
2946 2581 3180 2651 agebant
3201 2582 3590 2650 triumphalem

2015 2676 2272 2730 choream
2345 2672 2562 2742 puellae,
2599 2687 2663 2726 ac
2710 2672 2974 2726 dicebant
3005 2689 3017 2725 :
3043 2673 3324 2728 Percussit
3369 2673 3497 2728 Saul
3539 2675 3593 2728 in

2016 2765 2262 2819 millibus
2281 2763 2398 2819 suis
2419 2771 2476 2819 et
2494 2762 2664 2817 David
2688 2763 2948 2818 indecem
2991 2764 3236 2818 millibus
3251 2765 3366 2819 suis
3385 2766 3447 2818 ιθ.
3469 2784 3485 2815 ι
3504 2765 3591 2818 Di-

2018 2871 2107 2914 cm
2126 2857 2280 2912 ocius
2295 2870 2494 2925 parens
2509 2854 2599 2909 ille
2616 2853 2835 2916 invidiae
2851 2854 3028 2910 omnis
3048 2854 3102 2911 in
3117 2853 3295 2911 Saulis
3312 2855 3476 2910 corde
3494 2855 3598 2910 sibi

2019 2952 2226 3023 delegit
2240 2951 2369 3006 vitae
2387 2949 2926 3020 domicilium,eique
2947 2949 3339 3016 insusurravit,
3354 2960 3414 3004 ut
3445 2951 3598 3006 dice-

2022 3049 2108 3098 ret
2143 3061 2202 3096 τι
2241 3041 2410 3096 David
2460 3040 2736 3096 dederunt
2771 3041 2963 3095 decem
3011 3041 3204 3104 millia.
3246 3042 3381 3096 mihi
3415 3051 3599 3098 autem

347 3133 443 3188 καὶ
473 3129 792 3185 ἐπιϐλέπειν
813 3127 906 3180 ἐπὶ
938 3127 1135 3186 πόνους
1165 3123 1378 3192 ὀδύνης.
1400 3142 1418 3174 ι
1443 3121 1502 3176 Ὀ
1527 3121 1584 3177 δὲ
1605 3119 1914 3184 Ἀπόστολος

2027 3135 2173 3190 mille
2192 3135 2237 3166 ²⁰
2259 3135 2312 3193 ?¢_
2337 3131 2640 3203 thuidem
2663 3124 3065 3196 domusDavid,
3085 3135 3174 3187 cui
3193 3133 3273 3188 sic
3289 3133 3600 3199 videbatur,

350 3222 682 3296 στηλιτεύων
722 3223 848 3284 τοὺς
887 3223 946 3274 ὲν
978 3218 1157 3288 φθόνῳ
1203 3215 1576 3279 διδασκάλους,
1611 3213 1811 3283 γράφει
1837 3214 1924 3265 Φι-

349 3314 691 3386 λιππησίοις,
721 3331 741 3364 ι
770 3312 926 3374 Τινὲς
955 3309 1054 3380 μὲν
1084 3309 1172 3362 διὰ
1204 3307 1398 3377 φθόνον
1429 3305 1522 3359 καὶ
1549 3303 1686 3375 ἔριν,
1720 3303 1778 3369 ἐξ
1813 3305 1924 3374 ὲρι-

352 3410 500 3472 θείας
545 3408 637 3461 τὸν
673 3404 908 3475 Χριστὸν
940 3399 1424 3469 καταγγέλλουσιν,
1459 3398 1697 3469 οἰόμενοι
1742 3395 1920 3464 θλίψιν

352 3501 590 3571 ἐγείρειν
621 3501 732 3561 τοῖς
761 3496 982 3564 δεσμοῖς
1015 3510 1140 3563 μου.
1167 3511 1186 3544 ι
1227 3491 1340 3544 Καὶ
1387 3489 1668 3560 παραινῶν
1705 3487 1922 3553 αὐτοὺς,

355 3594 573 3659 ἐπάγει,
603 3609 622 3642 ι
649 3587 868 3642 Γίνεσθε
889 3583 982 3640 οῦν
1007 3587 1087 3647 εἰς
1108 3582 1372 3651 ἀλλήλους
1391 3581 1637 3651 χρηστοὶ,
1660 3578 1928 3648 εὔσπλαγ-

355 3702 492 3757 χνοι,
519 3681 871 3754 χαριζόμενοι
907 3677 1145 3740 ἑαυτοῖς,
1197 3675 1290 3727 καὶ
1321 3674 1350 3725 6
1395 3671 1599 3745 Κύριος
1634 3671 1928 3742 ἐχαρίσατο

356 3779 507 3849 ὑμῖν.
535 3772 756 3826 Γίνεσθε
777 3767 872 3823 οὖν
903 3767 1142 3838 μιμηταὶ
1174 3763 1266 3818 τοῦ
1287 3762 1446 3829 Θεοῦ,
1485 3762 1560 3826 ὼς
1592 3761 1761 3822 τέκνα
1792 3763 1930 3829 ἁγα-

354 3867 523 3937 πητὰ,
583 3864 678 3918 καὶ
721 3860 1078 3932 περιπατεῖτε
1133 3858 1191 3910 ὲν
1244 3855 1452 3924 ἀγάπῃ.
1485 3871 1502 3904 ι
1561 3853 1755 3924 Ψυχῆς
1817 3851 1928 3922 γὰρ

353 3959 618 4029 καθαρᾶς
644 3956 796 4018 ῐδιον,
823 3953 983 4021 λόγος
1019 3949 1127 4020 μὲν,
1147 3948 1399 4018 ἄφθονος.
1423 3947 1589 4017 Ζῆλος
1615 3947 1673 3999 δὲ
1695 3945 1926 4012 ἄκακος,

354 4052 495 4124 ἔρως
519 4051 576 4104 δὲ
596 4049 874 4106 ἄπαυστος
893 4042 984 4096 τοῦ
1009 4041 1212 4112 Κυρίου
1236 4039 1335 4108 τῆς
1354 4037 1652 4109 δόξης.ούκ
1666 4035 1815 4091 ἔστιν
1835 4031 1928 4088 οὖν

357 4142 618 4213 ἁρμόδιον
660 4140 777 4200 τοῖς
819 4133 914 4188 τοῦ
961 4133 1170 4202 Κυρίου
1201 4131 1484 4202 φοιτηταῖς
1507 4128 1686 4200 φθόνῳ
1719 4129 1930 4200 κρατεῖ-

357 4239 502 4299 σθαι,
529 4232 562 4303 ἢ
585 4226 958 4302 θορυϐεῖσθαι,
980 4225 1110 4278 ὅταν
1133 4223 1368 4294 μάλιστα
1391 4221 1758 4292 θεωρήσωμεν
1777 4218 1930 4274 ἀδελ·-

346 4324 490 4394 νφούς
525 4339 678 4384 τινας
710 4319 1048 4388 ἐλαχίστους,
1065 4316 1100 4386 ἢ
1119 4313 1390 4376 ἀνειδέους
1411 4311 1504 4368 ἐπὶ
1531 4311 1703 4383 ἀρχὴν
1733 4309 1930 4383 προκό-

354 4417 584 4486 ψαντας.
623 4410 970 4480 ’Δκούσωμεν
993 4407 1103 4478 γὰρ
1123 4404 1220 4460 τοῦ
1248 4403 1456 4475 Κυρίου
1486 4403 1760 4471 λέγοντος,
1794 4421 1812 4454 ι
1831 4401 1929 4466 Δὸς

2023 3226 2350 3297 quotidiana
2397 3226 2716 3282 accessione
2761 3223 3042 3280 crescebat
3064 3233 3122 3280 et
3166 3224 3600 3288 confortabatur.

2024 3319 2140 3396 ipse
2159 3335 2258 3389 per
2273 3319 2389 3374 haec
2409 3320 2477 3374 ad
2504 3321 2677 3391 lyram
2703 3321 2984 3378 mellicum
3009 3317 3328 3373 cantillabat
3343 3332 3599 3372 carmen:

1991 3447 1996 3450 -
2031 3412 2681 3469 «Posueruntadversum
2702 3427 2791 3467 me
2816 3411 2959 3465 mala
2995 3423 3104 3478 .pro
3131 3407 3384 3470 bonis,et
3412 3406 3602 3460 odium

2025 3521 2126 3575 pro
2157 3504 2452 3560 dilectione
2471 3519 2592 3557 mea
2609 3505 2676 3556 ²¹.
2701 3522 2720 3553 ι
2743 3502 2945 3556 Iterum
2965 3518 2978 3554 ι
3001 3519 3018 3550 ι
3034 3497 3450 3553 Maledicentilli
3471 3507 3527 3553 et
3545 3508 3602 3553 tu

2025 3596 2320 3650 benedices
2336 3596 2381 3626 “
2398 3612 2413 3662 ;
2430 3609 2532 3664 ego
2552 3603 2736 3648 autem
2753 3608 2865 3648 non
2880 3590 3252 3662 proponebam
3272 3597 3398 3644 ante
3415 3591 3605 3648 oculos

2025 3691 2180 3742 meos
2205 3702 2321 3742 rem
2347 3686 2606 3756 injustam
2638 3685 2736 3737 π.»
2769 3683 2878 3738 Sed
2912 3692 2970 3738 et
3013 3682 3281 3752 prepheta
3311 3680 3601 3740 Habacuc:

2035 3797 2054 3830 ι
2080 3778 2258 3832 Purus
2285 3785 2375 3832 est
2411 3776 2606 3832 oculus
2629 3784 2778 3840 tuus,
2800 3791 2869 3832 ne
2901 3775 3088 3829 videat
3130 3779 3272 3830 mala
3299 3788 3355 3834 et
3375 3777 3608 3847 aspiciat

2028 3881 2194 3937 super
2217 3866 2434 3922 labores
2457 3865 2664 3921 doloris
2684 3865 2748 3920 ⁸³.
2783 3884 2802 3916 ι
2824 3865 3121 3934 Apostolus
3142 3867 3270 3922 item
3303 3868 3372 3923 ad
3403 3869 3608 3938 Philip-

2029 3973 2230 4029 penses
2271 3958 2542 4024 scribens,
2573 3957 2804 4028 pulchre
2841 3958 3100 4013 doctores
3129 3961 3252 4015 illos
3276 3969 3434 4015 notat
3461 3962 3606 4015 invi-

2029 4049 2132 4104 diae
2162 4067 2225 4117 :_¢
2255 4048 2488 4115 Quidam
2516 4049 2741 4118 quidem
2772 4065 2870 4119 per
2902 4049 3161 4105 invidiam
3194 4060 3251 4106 et
3297 4053 3610 4108 contentio-

2029 4154 2177 4204 nem,
2223 4158 2242 4191 ι
2276 4155 2344 4194 ex
2396 4140 2808 4198 concertatione
2859 4141 3070 4197 scilicet
3121 4144 3604 4213 proﬁciscentem;

2038 4249 2056 4282 ι
2084 4229 2366 4288 Christum
2399 4231 2752 4296 annuntiant,
2797 4232 3176 4289 existimantes
3203 4249 3521 4304 pressuram
3549 4250 3608 4290 se

2030 4324 2296 4380 suscitare
2334 4323 2578 4380 vinculis.
2595 4327 2736 4380 meis
2761 4326 2828 4378 ".
2861 4344 2882 4377 ι
2918 4326 3022 4380 Per
3052 4325 3486 4382 admonitionem
3519 4329 3607 4382 in-

2031 4414 2224 4470 ducit:
2257 4434 2277 4467 ι
2305 4415 2499 4471 Estote
2528 4429 2660 4485 ergo
2683 4415 2740 4470 in
2762 4415 2998 4470 invicem
3014 4416 3262 4488 benigni,
3297 4418 3612 4474 misericor-

355 4509 534 4578 τούτῳ
553 4508 741 4566 τόπον,
780 4503 923 4570 ὥστε
949 4499 1350 4571 κατακλιθῆναι
1393 4497 1686 4570 ἀνώτερον.
1711 4515 1731 4551 δ
1773 4495 1914 4550 Ἀλλὲ

2037 4508 2158 4575 des,
2209 4509 2484 4566 donantes
2542 4511 2778 4567 invicem
2810 4511 2957 4567 sicut
2985 4521 3042 4567 et
3076 4510 3334 4568 Christus
3382 4513 3611 4571 donavit

367 4601 567 4673 μᾶλλον
599 4595 974 4666 θαυμάζωμεν
1001 4594 1095 4648 τὸν
1121 4593 1329 4670 δίκαιον
1363 4590 1688 4662 προνοητὴν,
1743 4590 1931 4658 σαφῶς

360 4695 455 4748 καὶ
498 4693 825 4762 ἀπορρήτως
877 4687 1192 4757 κεκρικότα,
1237 4686 1444 4738 ἐκεῖνον
1476 4683 1574 4753 μὲν
1601 4681 1932 4760 τὸνξοίκτρὸν

359 4782 716 4855 κληρωθῆναι
738 4779 833 4833 καὶ
859 4776 1161 4847 πρωτεύειν
1182 4777 1277 4830 καὶ
1306 4775 1682 4844 καθηγεῖσθαι,
1713 4775 1858 4843 ἡμᾶς
1874 4773 1931 4825 δὲ

361 4871 690 4943 ὲσχατίζειν.
736 4868 1002 4938 Φύγωμεν
1055 4863 1146 4920 οὖν
1183 4866 1460 4934 ἀγαπητοὶ
1487 4865 1577 4918 τὸν
1622 4866 1836 4933 φθόνον,
1869 4864 1932 4918 τὸ

359 4967 611 5035 γέννημα
636 4963 728 5016 τοῦ
750 4961 1027 5014 διαϐόλου·
1062 4960 1148 5012 ἵνα
1182 4960 1254 5029 μὴ
1301 4959 1831 5029 συγκατακριθῶμεν
1854 4959 1932 5030 τῷ

364 5055 508 5109 Κάῖν
530 5071 542 5086 ο
571 5055 723 5115 ὅστις
759 5053 984 5116 στένων,
1013 5053 1107 5104 καὶ
1132 5051 1352 5120 τρέμων
1382 5050 1645 5102 κατέλυσε
1670 5050 1761 5102 τὸν
1793 5051 1928 5120 βίου’

367 5148 503 5217 μηδὲ
543 5147 704 5200 πάλιν
724 5147 836 5208 τοῖς
863 5147 1120 5213 πονηροῖς
1150 5141 1442 5205 Ἰουδαίοις,
1461 5140 1658 5204 οἵτινες
1697 5142 1786 5195 διὰ
1807 5142 1935 5212 φθό-

361 5259 452 5296 νον
481 5240 590 5292 τῶν
615 5238 708 5292 τοῦ
738 5241 944 5310 Κυρίου
970 5235 1286 5305 θαυμάτων,
1314 5233 1636 5304 παρέδωκαν
1667 5235 1826 5288 αὑτὸν
1853 5237 1934 5299 είς

2033 4598 2193 4653 vobis
2233 4600 2300 4653 ’°.
2323 4599 2514 4654 Estote
2535 4600 2712 4672 igitur
2750 4601 3052 4655 imitatores
3079 4600 3286 4657 Christi
3325 4603 3469 4658 sicut
3515 4604 3610 4659 ﬁlii

2036 4691 2373 4753 charissimi,
2409 4701 2465 4746 et
2491 4693 2769 4748 ambulate
2801 4695 2857 4748 in
2884 4695 3181 4750 dilectione
3228 4699 3294 4749 ’⁷.
3332 4717 3349 4747 ι
3402 4699 3613 4752 Animae

2038 4781 2363 4836 sincerioris
2401 4776 2681 4852 peculiare
2705 4795 2790 4840 est
2819 4796 3224 4856 argumentum,
3257 4795 3318 4842 ut
3345 4789 3493 4858 quod
3523 4790 3610 4842 lo-

2038 4875 2250 4944 quitur,
2283 4874 2418 4928 nihil
2455 4891 2683 4945 prorsus
2709 4877 2936 4948 resipiat
2968 4881 3205 4936 invidiaz.
3252 4880 3440 4935 Zelum
3471 4881 3612 4935 alio-

2040 4964 2133 5032 qui
2169 4964 2332 5020 habet
2360 4965 2584 5020 malitiae
2641 4967 2825 5022 omnis
2855 4979 3155 5035 exsortem,
3181 4980 3236 5025 et
3269 4972 3362 5040 qui
3407 4971 3613 5040 jugiter

2039 5056 2137 5110 Dei
2167 5067 2375 5126 quaerat
2400 5073 2465 5112 ac
2493 5057 2675 5112 ﬁrmet
2691 5060 2938 5130 gloriam.
2967 5061 3114 5115 Nihil
3137 5063 3325 5115 minus
3355 5062 3615 5118 convenit

2039 5162 2205 5216 quam
2236 5157 2298 5202 ut
2330 5148 2691 5218 proﬁteamur
2735 5167 2836 5207 nos
2873 5167 2995 5206 esse
3035 5151 3335 5220 discipulos
3372 5150 3612 5218 Domhi,

2044 5253 2103 5293 re
2131 5250 2314 5294 autem
2347 5241 2461 5310 ipsa
2493 5241 2738 5299 sinamus
2781 5257 2884 5297 nos
2907 5242 3162 5310 intercipi
3185 5251 3337 5310 peste
3368 5241 3611 5309 invidia,

430 5394 518 5468 ’.ξι
541 5394 651 5468 [leg
704 5409 852 5468 xviii.
873 5394 938 5468 _6,
961 5391 1012 5445 7.
1085 5387 1414 5468 '°_i_l-sid.__8._
1446 5389 1646 5468 {’Psal.
1680 5405 1824 5468 cvm,
1984 5392 2029 5422 “
2059 5391 2191 5446 ibid.
2223 5393 2314 5447 28.
2370 5393 2415 5424 "
2436 5393 2578 5449 Psal.
2608 5409 2659 5457 c,
2689 5395 2741 5448 5.
2803 5393 2844 5424 “
2872 5393 3070 5448 llabac.
3100 5393 3241 5459 1,15.
3306 5397 3350 5426 "‘
3373 5396 3606 5468 Philipp.

365 5479 402 5529 ἱ,
435 5464 520 5524 15.
555 5465 641 5516 l'i.
717 5464 763 5493 "
789 5464 989 5536 Ephes.
1024 5478 1091 5515 IV.
1131 5462 1218 5514 5‘2.
1290 5462 1332 5490 ’⁷
1375 5461 1578 5531 Ephes.
1603 5477 1656 5526 ν,
1687 5461 1736 5524 1,
1766 5460 1819 5512 ‘2.

1672 5614 1900 5670 VARle
1941 5615 2344 5671 LECTIONES.

443 5715 457 5767 l
484 5714 624 5770 LXX
660 5714 753 5766 ἐπὶ
780 5712 1052 5782 πονηροὺς
1086 5711 1146 5762 οὺ
1178 5711 1402 5780 δυνήσῃ.
