3986 6148
473 283 608 348 1603
1718 282 2084 342 ANTIOCHI
2124 281 2467 340 MONAClll
3571 277 3684 339 1604

468 397 638 467 inque
669 397 847 452 vicem
876 396 1296 450 tumultuentur.
1330 393 1387 450 ld
1423 393 1658 448 maxime
1687 403 1802 448 tum
1824 396 2041 450 contin-

2148 393 2400 456 θάνατον,
2417 389 2597 454 καθὼς
2624 393 2893 460 μαρτυρεῖ
2909 389 2968 442 τὸ
2990 388 3684 457 Εὐαγγέλιον.Συνη;ιμενων

468 492 567 560 git,
605 491 650 544 si
692 489 916 559 quando
946 487 1252 542 viderimus
1285 486 1552 556 quosdam
1570 485 1834 555 fratrum,
1877 484 2041 558 toti-us

2145 482 2269 551 γάρ,
2290 483 2477 552 φησιν,
2499 480 2703 546 αύτῶν,
2725 476 2878 532 εἶπεν
2900 481 3372 543 ὁῐΙιλᾶτος,‹Τὶνα
3388 479 3558 531 θέλετε
3575 479 3686 529 ἁπο-

468 582 710 636 sodalitii
763 595 926 649 quam
965 577 1246 640 minimos,
1295 584 1390 630 aut
1434 584 1583 630 certe
1626 575 1923 641 deformes,
1978 573 2041 630 ad

2145 572 2288 626 λύσω
2328 574 2497 639 ύμῖν;
2534 569 2872 642 Βαραϐὅᾶνῆ
2905 571 3114 641 Ἰησοῦν
3141 573 3231 624 τὸν
3261 573 3551 640 λεγόμενον
3575 567 3688 639 Χρι-

468 675 844 742 magistratum
883 668 1201 724 obeundum
1239 683 1360 722 esse
1417 677 1745 736 promotos:
1791 667 2041 721 audimus

2146 664 2310 729 στόν;
2348 665 2464 735 ᾔδει
2495 664 2604 734 γάρ
2637 665 2717 717 ὅτι
2747 663 2832 716 διά
2876 663 3071 733 φθόνον
3103 664 3429 733 παρέδωκαν
3482 661 3644 715 αὐτόν.
3670 677 3683 709 ι

469 765 762 818 Dominum
787 771 919 814 tunc
944 760 1219 815 dicentem
1250 778 1262 812 :
1293 779 1311 811 ι
1335 759 1776 825 Dahuicloeum,
1807 771 1868 813 ut
1895 772 2041 813 recu-

2157 754 2217 808 'O
2267 756 2324 806 δὲ
2375 755 2756 824 ἀμνησίκακος
2812 753 3038 825 Κύριος,
3097 755 3173 816 ὡς
3242 755 3429 824 ἀρνίον
3490 752 3687 813 ἄκακον,

468 857 586 911 bitu
614 855 803 909 sedeat
853 853 1179 908 sublimiore
1203 851 1269 904 ’³.
1308 871 1324 902 ι
1379 852 1523 918 Quin
1561 853 1832 906 miremur
1858 852 2041 921 potius

2149 847 2328 906 πάντα
2363 847 2657 916 ὑπέφερεν.
2693 845 2850 915 Αύτῷ
2909 847 2941 916 ἡ
2994 845 3123 913 δόξα
3177 847 3256 908 είς
3315 845 3443 906 τοὺς
3498 841 3690 904 αῑῶνας.

469 963 653 1000 rerum
707 946 1054 999 conditarum
1100 944 1445 1008 Curatorem,
1507 944 1602 1013 qui
1649 959 1746 1000 sua
1805 943 2040 1012 sapienti
2160 936 2352 1018 Ἀμήν.

468 1047 634 1106 atque
668 1053 867 1091 arcana
893 1035 1261 1106 providentia,
1291 1035 1368 1088 illi
1400 1035 1625 1104 quidem
1649 1035 1800 1089 velut
1844 1036 2040 1090 sortito

471 1129 844 1190 (miserabilis
898 1127 1027 1181 licet
1060 1128 1116 1180 in
1183 1127 1424 1196 speciem
1491 1125 1897 1196 conspiciatur)
1963 1128 2298 1201 adjudicavit
2351 1131 2749 1198 haereditatem,
2801 1123 2916 1189 sive
2959 1143 3188 1195 caeteros
3222 1145 3286 1198 ut
3319 1134 3696 1205 antegrediatur

468 1223 814 1281 auctoritate.
857 1227 950 1273 aut
976 1227 1129 1272 certe
1177 1227 1238 1271 ut
1279 1217 1533 1288 imperet,
1591 1233 1690 1271 nos
1739 1228 1928 1272 contra
1980 1220 2037 1273 in
2075 1233 2355 1292 postrema
2383 1224 2575 1279 sedere
2604 1225 2780 1280 voluit
2813 1236 2986 1295 parte.
3064 1226 3147 1280 Ab
3222 1227 3328 1281 hac
3372 1227 3556 1297 igitur,
3610 1226 3696 1278 fra-

472 1314 799 1384 tres,pestili
827 1313 919 1366 lue
953 1311 1172 1364 invidia:
1233 1298 1396 1381 quam
1423 1310 1681 1363 ocissime
1745 1309 2110 1388 defugiamus,
2151 1332 2273 1385 qum
2296 1317 2498 1372 diaboli
2529 1333 2754 1388 germen
2776 1327 2879 1385 est,
2911 1328 2972 1373 ut
3001 1334 3070 1373 ne
3093 1320 3344 1389 compari
3377 1320 3541 1378 multa
3567 1319 3694 1372 dam.

468 1406 708 1460 nationis
748 1420 873 1458 cum
911 1402 1082 1457 Caino
1124 1403 1468 1457 involvamur
1503 1403 1636 1471 :qui
1675 1402 1898 1471 quidem
1931 1419 2030 1472 per
2090 1410 2327 1482 suspiria
2362 1410 2579 1473 crebra,
2617 1421 2949 1480 artuumque
3002 1412 3377 1466 miserabilem
3439 1422 3696 1465 tremorem

469 1498 633 1551 vitam
664 1512 787 1550 cum
828 1496 1117 1563 exegisset,
1183 1510 1367 1548 amara
1414 1502 1590 1548 morte
1639 1493 1861 1548 functus
1886 1505 1970 1550 est
1989 1497 2064 1562 ";
2105 1516 2213 1554 neu
2250 1517 2440 1566 rursus
2500 1516 2624 1555 cum
2653 1501 3064 1571 malignissimis
3090 1503 3296 1558 Juda-is
3333 1504 3427 1572 qui
3456 1519 3552 1572 per
3586 1504 3700 1555 invi-

468 1587 612 1641 diam
660 1586 993 1640 mirabilium
1033 1584 1129 1638 Dei
1173 1599 1422 1659 operum,
1472 1583 1649 1651 ipSum
1689 1585 1755 1636 ad
1800 1596 2032 1640 mortem
2072 1589 2460 1656 prodiderunt,
2491 1592 2573 1645 vel
2608 1601 2743 1646 teste
2796 1592 3112 1662 Evangelia.
3161 1594 3518 1664 Congregatis
3575 1594 3698 1647 enim

467 1677 606 1731 dixit
643 1675 897 1730 Pilatus:
972 1692 989 1724 ι
1061 1672 1234 1738 Quem
1296 1673 1464 1725 vultis
1534 1672 1811 1726 dimittam
1854 1673 2057 1728 vobis?
2094 1676 2399 1734 Barabham
2446 1679 2659 1750 1115
2720 1694 2788 1734 an
2833 1681 3018 1735 Jesum
3056 1683 3151 1751 qui
3184 1671 3392 1736 dicitur
3431 1681 3696 1740 Christus;

467 1770 675 1829 sciebat
695 1768 865 1830 enim,
906 1766 1034 1836 quia
1071 1781 1170 1834 per
1214 1765 1476 1821 invidiam
1521 1765 1879 1820 tradidissent
1919 1783 2044 1821 eum
2092 1769 2156 1822 ⁸ο.
2197 1788 2214 1820 ι
2258 1770 2523 1825 Dominus
2545 1779 2728 1826 autem
2791 1770 3004 1841 injurizn
3031 1774 3210 1828 omnis
3242 1773 3551 1840 immemor,
3580 1783 3696 1842 Quas

467 1879 640 1934 agnus
679 1862 966 1926 innocens,
1012 1859 1152 1913 nihil
1173 1874 1280 1912 non
1318 1857 1588 1920 tolerabat
1636 1860 2138 1916 mansuetissimus.
2171 1863 2277 1936 Ipsi
2305 1865 2475 1935 gloria
2513 1865 2566 1917 in
2594 1863 2811 1924 sazcula.
2845 1863 3048 1920 Amen.

1024 1993 1309 2059 nonum
1341 1993 1476 2054 LVI,
1509 1959 1511 1962 ’

1027 2108 1106 2162 Ne
1140 2107 1440 2160 contendito
1452 2146 1465 2160 .

550 2225 938 2282 Contentiosus
987 2232 1042 2276 et
1101 2222 1196 2290 qui
1235 2221 1424 2274 litibus
1482 2221 1731 2277 serendis
1778 2223 2032 2288 insuevit,

471 2318 610 2373 adeo
661 2331 784 2369 cum
827 2312 1144 2367 domesticis
1185 2311 1477 2365 habiturus
1523 2327 1711 2380 pacem
1776 2328 1887 2366 non
1934 2321 2040 2377 est,

471 2409 567 2464 sed
615 2423 682 2461 ne
732 2420 856 2460 cum
915 2403 1160 2458 externis
1235 2403 1482 2472 quidem.
1520 2404 1660 2456 Dum
1714 2404 1861 2457 enim
1929 2419 2042 2458 sua:

471 2497 812 2569 cogitationi,
837 2511 998 2565 quam
1025 2495 1394 2549 contentionis
1415 2497 1662 2551 serendae
1698 2495 1882 2549 studio
1913 2510 2044 2549 con-

471 2590 639 2658 cepit,
667 2588 820 2656 cupit
849 2572 1026 2640 modis
1063 2585 1325 2640 omnibus
1363 2594 1422 2638 ut
1457 2585 1729 2648 satisﬁat;
1760 2601 2041 2654 nunquam

473 2696 581 2734 non
619 2679 691 2732 ad
735 2677 1011 2748 ingenium
1058 2684 1114 2728 et
1165 2686 1478 2730 commenta
1523 2675 1868 2729 veteratoria:
1911 2675 2046 2730 artis

471 2783 771 2824 conversus
788 2765 1226 2820 comminiscitur
1253 2765 1492 2820 novitias
1511 2764 1754 2829 fraudes,
1779 2780 1844 2818 ac
1872 2765 2046 2818 veluti

2722 1996 2940 2050 ΛΟΓΟΣ
2974 1966 3119 2062 Nq'.

2597 2108 2735 2178 Περὶ
2759 2109 2866 2162 τοῦ
2893 2112 2981 2178 μὴ
3007 2106 3238 2177 ἐρίζειν,

2221 2223 2539 2291 Ἀνθρωπος
2589 2222 2811 2292 ἐριστὴς
2861 2222 2921 2276 ού
2966 2221 3128 2292 μόνον
3162 2222 3305 2292 μετά
3356 2221 3466 2275 τῶν
3509 2208 3699 2275 οἰκείων

2141 2313 2241 2364 οὐκ
2279 2310 2567 2383 εἰρηνεύει,
2596 2311 2712 2364 ἀλλ’
2736 2311 2856 2364 οὐδὲ
2891 2311 3029 2379 μετά
3052 2311 3160 2365 τῶν
3188 2311 3510 2384 ἀλλοτρίων.
3543 2312 3698 2365 Θέλων

2141 2403 2250 2473 γάρ
2288 2401 2378 2455 τὸν
2429 2402 2705 2471 ἐριστικὸν
2749 2398 2916 2456 αὐτοῦ
2961 2402 3223 2472 λογισμὸν
3271 2403 3688 2476 πληροφορῆσαι,

2143 2493 2232 2546 ἀεὶ
2269 2495 2344 2555 εἰς
2395 2493 2742 2563 ῥᾳδιουργίας
2786 2491 3114 2568 ἐπιτηδεύει,
3139 2495 3233 2546 καὶ
3255 2495 3544 2563 ἐνδελεχῶς
3579 2510 3698 2565 παρ-

2143 2583 2446 2654 οτρύνεται,
2473 2585 2567 2637 καὶ
2593 2584 2786 2648 ἄλλους
2809 2584 3050 2641 θολωνεῖ.
3087 2587 3145 2639 '0
3182 2587 3432 2649 τοιοῦτος
3462 2585 3696 2652 στυγητὸς

2145 2677 2296 2745 παρὰ
2339 2676 2504 2728 πᾶσιν
2548 2673 2860 2746 ἀνθρώποις
2901 2677 3243 2747 εὑρίσκεται,
3293 2678 3497 2747 μᾶλλον
3533 2679 3584 2731 δὲ
3611 2676 3690 2729 xal

2144 2765 2439 2828 οἴκτιστος.
2472 2766 2788 2837 Γέγραπται
2827 2767 2933 2840 γὰρ
2969 2769 3026 2820 ἐν
3046 2771 3112 2838 τῇ
3148 2770 3392 2832 Γενέσει,
3427 2771 3507 2822 ὅτι
3535 2769 3697 2821 ἐλαϐεν

471 2859 587 2914 acri
630 2858 889 2927 quopiam
933 2866 1105 2911 (nstro
1161 2857 1427 2925 percitus,
1476 2845 1746 2926 perpetim
1777 2855 2048 2911 novandis

470 2951 664 3006 litibus
686 2949 1092 3003 exstimulatur.
1118 2947 1222 3001 Per
1247 2948 1362 3002 haec
1396 2947 1620 3000 interim
1650 2945 1772 3000 aliis
1805 2945 2048 3008 concitat

473 3041 683 3106 turbas,
729 3051 784 3094 et
823 3039 940 3094 suis
981 3055 1078 3094 eos
1108 3038 1347 3109 exagitat
1409 3037 1770 3106 intemperiis.
1805 3035 1902 3089 llic
1923 3035 2041 3090 talis

2149 3039 2316 3092 δέκκα
2350 3040 2436 3110 τῷ·
2468 3040 2654 3094 Ἰσαάκ
2678 3058 2691 3071 ·
2732 3059 2750 3090 ι
2779 3040 3140 3112 Προσώχθισα
3179 3046 3246 3112 τῇ
3301 3042 3417 3111 ζωῇ
3471 3059 3584 3112 μου,
3625 3040 3697 3092 διὰ

471 3133 606 3186 nulli
625 3147 734 3186 non
757 3129 1190 3199 deprehenditur
1210 3129 1440 3190 invisus,
1461 3137 1626 3197 atque
1647 3129 1896 3182 omnium
1917 3129 2041 3184 odio

2146 3131 2245 3194 τὰς
2275 3130 2584 3202 θυγατέρας
2624 3130 2734 3182 τῶν
2791 3132 2922 3183 υἱῶν
2974 3131 3105 3186 Χέτ.
3137 3151 3156 3185 ι
3204 3134 3386 3186 Τοῦτο
3442 3133 3698 3202 δηλοῦντος

471 3225 634 3293 longe
660 3221 1048 3292 dignissimus;
1091 3220 1278 3273 verius
1307 3218 1562 3284 dixerim,
1595 3220 1842 3275 omnium
1874 3221 2041 3275 multo

2146 3220 2241 3274 τοῦ
2265 3221 2445 3288 λόγου,
2477 3221 2560 3273 ὃτι
2599 3222 2660 3274 τὸ
2698 3221 2903 3291 ἐρίζειν
2964 3222 3147 3286 ἀθέοις
3184 3224 3444 3293 ἁρμόζει,
3481 3226 3566 3278 καὶ
3596 3224 3695 3292 οὐχὶ

473 3315 836 3369 miserrimus.
881 3312 1160 3382 Scriptum
1207 3311 1409 3380 quippe
1440 3312 1496 3365 in
1539 3311 1739 3366 Genesi
1779 3321 1883 3375 est,
1916 3312 2041 3380 quia

2149 3313 2357 3372 πιστοῖς
2404 3309 2500 3362 καὶ
2553 3309 2824 3363 εύλαϐἐσι.
2857 3311 2921 3364 Ui
2951 3311 3060 3380 γάρ
3103 3311 3272 3374 ὅντως
3326 3314 3588 3391 εὐλαϐεῖς,
3620 3313 3696 3364 καὶ

472 3407 613 3461 Esau
647 3419 843 3458 uxores
891 3403 1105 3471 accepit
1133 3417 1241 3455 non
1278 3417 1388 3457 sua:
1433 3402 1633 3470 gentis,
1662 3401 1757 3457 sed
1783 3411 2041 3467 externae,

2149 3401 2384 3471 Χριστοῦ
2402 3401 2660 3470 μαθηταὶ,
2677 3401 2770 3472 τὸν
2794 3402 2985 3456 ἐαυτὸν
3007 3403 3273 3474 δεσπότην
3295 3407 3394 3460 καὶ
3413 3405 3695 3459 διδάσκαλον

471 3511 592 3566 quae
621 3512 722 3566 pro
750 3493 1148 3549 consuetudine
1181 3492 1593 3547 contendebant
1640 3507 1767 3547 eum
1818 3493 1968 3547 Isaac
1992 3504 2041 3548 et

2152 3491 2465 3562 μιμοῦνται.
2503 3511 2519 3542 ι
2547 3493 2660 3545 Ούκ
2684 3495 2852 3562 ἐρίσει
2873 3493 3001 3562 γὰρ,
3029 3495 3216 3564 φησὶν,
3249 3498 3372 3549 οὐδὲ
3405 3497 3692 3568 κραυγάσει,

473 3588 743 3640 Rebecca.
793 3585 942 3640 Dixit
977 3591 1160 3638 autem
1197 3583 1444 3637 Rebecca
1488 3583 1638 3636 Isaae
1680 3601 1738 3635 ε(
1792 3582 2041 3638 Βίειωᾶει

2149 3583 2269 3634 οὐδὲ
2293 3582 2512 3634 ἀκούσει
2531 3599 2612 3645 τις
2639 3582 2736 3652 τὴν
2759 3583 2942 3651 φωνὴν
2961 3584 3152 3637 αὑτοῦ.
3173 3603 3190 3635 ι
3209 3587 3321 3637 Ka‘t
3347 3589 3395 3640 οἱ
3416 3589 3624 3640 τοιοῦτοι
3645 3585 3693 3636 ού

473 3691 562 3730 me
595 3677 723 3752 vitae
753 3691 907 3739 meae,
949 3674 1196 3743 mihique
1245 3673 1350 3742 ipsi
1396 3672 1612 3727 infensa
1653 3687 1776 3728 sum
1822 3683 2041 3742 propter

2150 3673 2446 3742 πειρῶνται
2469 3673 2785 3743 οἱονδήποτε
2837 3676 3069 3745 πρᾶγμα
3103 3675 3170 3728 δι’
3198 3678 3434 3748 ἐρισμοῦ
3462 3680 3548 3732 καὶ
3579 3678 3698 3745 φιλο-

463 3767 613 3822 ’ίίιίαε
658 3766 897 3820 ﬁliorum
967 3766 1073 3820 ﬂet
1100 3766 1165 3819 ἐι.
1198 3785 1216 3816 ι
1260 3759 1596 3819 Luculentér
1626 3779 1724 3833 per
1767 3764 1873 3818 hoc
1918 3764 2041 3818 iusi-

2151 3765 2359 3826 νεικίας
2390 3764 2666 3829 ἐπιλῦσαι,
2699 3765 2833 3818 ἀλλά
2854 3767 2921 3819 δι’
2953 3767 3254 3837 ὑπομονῆς,
3277 3773 3379 3823 καὶ
3399 3767 3692 3838 προσευχῆς,

470 3867 674 3913 nuatur
703 3873 896 3913 verum
919 3871 1063 3920 esse,
1089 3856 1218 3924 quia
1245 3855 1445 3925 pugnis
1499 3863 1665 3926 atque
1693 3855 2041 3910 contentione

2150 3858 2244 3908 καὶ
2278 3856 2548 3925 ὑπακοῆς,
2571 3858 2664 3910 καὶ
2694 3857 3072 3926 μονολογίστου
3093 3860 3331 3924 ἐλπίδος.
3367 3862 3529 3930 Φησὶν
3564 3859 3697 3930 γάρὸ

469 3951 765 4004 verborum
790 3949 1102 4002 velitarium
1131 3947 1422 4016 digladiari
1457 3954 1515 4001 et
1544 3961 1732 4002 serere
1761 3947 1909 4011 lites,
1955 3962 2041 4000 eo-

2152 3942 2618 4016 Κύριος,‹Ἦλθον
2633 3949 2729 4018 οὐχ
2746 3948 2832 4001 ἵνα
2855 3951 2995 4001 ποιῶ
3013 3951 3074 4002 τὸ
3101 3950 3316 4022 θέλημα
3340 3953 3400 4004 τὸ
3427 3953 3567 4021 ἐμὸν,
3584 3951 3694 4003 ἀλλὰ

472 4056 594 4094 rum
619 4051 701 4093 εει
734 4039 825 4108 qui
851 4055 881 4092 a
907 4039 1020 4092 Deo
1055 4046 1185 4091 sunt
1213 4037 1401 4100 alieni,
1432 4050 1541 4090 non
1573 4036 1702 4089 item
1728 4035 1969 4090 ﬁdelium
1995 4045 2041 4088 el

2150 4037 2212 4089 τὸ
2244 4037 2451 4106 θέλημα
2472 4038 2564 4090 τοῦ
2588 4039 2898 4108 πέμψαντός
2931 4057 2996 4109 με
3029 4041 3262 4112 Πατρός.
3296 4061 3318 4092 ι
3346 4045 3456 4096 Καὶ
3479 4045 3505 4096 ὁ
3529 4044 3696 4111 Παροι-

471 4132 566 4201 qni
603 4146 661 4184 se
686 4128 1002 4187 excolendae
1051 4127 1240 4198 pietati
1271 4135 1417 4181 totos
1458 4135 1868 4180 consecrarunt.
1899 4123 2041 4179 Reli-

2157 4129 2387 4200 μιαστὴς
2410 4131 2468 4182 δὲ
2499 4133 2627 4202 περὶ
2663 4132 2774 4184 τῶν
2801 4131 3030 4202 ὲριστῶν
3055 4147 3240 4203 φησιν,
3287 4153 3306 4186 ι
3334 4136 3427 4206 Μὴ
3457 4135 3693 4203 διαμάχου

472 4219 609 4289 εἰοδί
638 4219 785 4274 enim
805 4233 935 4272 vere
964 4217 1056 4286 qui
1087 4225 1291 4269 suntet
1320 4213 1525 4269 Christi
1573 4214 1854 4284 discipuli,
1890 4229 2041 4269 suum

2153 4220 2426 4291 ἀνθρώπῳ
2465 4221 2794 4289 γλωσσώδει,
2832 4223 2966 4292 μηδὲ
3007 4223 3354 4286 ἐπιστοίϐαζε
3375 4227 3464 4278 ἐπὶ
3507 4224 3564 4286 τδ
3603 4221 3695 4291 πῦρ

474 4319 720 4380 ipsorum
747 4308 1077 4363 aemulantur
1103 4316 1159 4360 et
1180 4305 1464 4359 dominum
1486 4314 1542 4358 et
1567 4304 1870 4359 doctorem.
1899 4325 1915 4356 ι
1935 4305 2041 4360 Non

2155 4312 2319 4364 αὐτοῦ
2352 4311 2502 4375 ξύλα.
2524 4331 2541 4363 ι
2579 4314 2709 4378 Καὶ,
2746 4331 2764 4364 ι
2790 4314 2882 4383 Μὴ
2912 4314 3214 4384 ἀποκρίνου
3243 4316 3444 4386 ἄφρονι
3471 4315 3596 4385 πρὸς
3611 4313 3694 4380 τὴν

469 4401 788 4461 contendet,
806 4399 884 4452 ait
908 4397 1154 4467 quidam,
1193 4409 1295 4449 nec
1322 4394 1600 4459 clamabit,
1654 4409 1836 4464 neque
1863 4395 2041 4450 audiet

2153 4402 2358 4454 ἐκείνου
2397 4401 2726 4472 ἀφροσύνην,
2750 4401 2863 4472 [ἵνα
2905 4403 2990 4473 μὴ’
3013 4404 3198 4473 ὅμοιος
3225 4405 3360 4476 γένῃ
3391 4405 3566 4468 αύτῷ*
3596 4399 3690 4456 ἀλλ’

470 4492 595 4560 quis
616 4505 806 4545 vocem
827 4489 946 4560 ejus
962 4489 1028 4542 ³³.
1051 4507 1069 4538 ι
1123 4485 1401 4555 Quidquid
1461 4485 1550 4541 isti
1605 4485 1828 4542 tandem
1857 4487 1936 4541 rei
1966 4487 2041 4542 vel

2152 4493 2450 4562 ,ἀποκρίνου
2484 4491 2675 4562 ἄφρονι
2703 4493 2844 4552 κατά
2871 4494 2968 4561 τὴν
2997 4493 3309 4563 ἀφροσύνην
3354 4492 3596 4562 ἐκείνου,]
3622 4493 3693 4543 ἵνα

471 4582 656 4652 operis
679 4581 1091 4652 aggrediuntur,
1125 4593 1406 4646 nunquam
1437 4576 1491 4632 id
1517 4592 1616 4646 per
1656 4577 1809 4632 litem
1839 4586 1896 4632 et
1923 4593 2041 4632 con-

2159 4585 2234 4654 μὴ
2270 4584 2531 4652 φαίνηται
2559 4583 2721 4651 σοφὸς
2747 4584 2874 4653 παρ’
2903 4583 3106 4654 ἐαυτῷ.
3127 4603 3146 4635 ι
3183 4586 3292 4637 Καὶ
3317 4585 3496 4647 ἄλλος,
3524 4604 3541 4636 ι
3562 4583 3692 4650 Ἔρις

473 4675 775 4730 tentionem
828 4671 895 4725 ad
942 4670 1150 4726 exitum
1199 4683 1373 4737 usque
1423 4678 1748 4736 promovent
1778 4678 1833 4722 et
1861 4669 2041 4723 absol-

2149 4674 2700 4743 κατασπουδαζομένη
2755 4675 2967 4727 ἐκκαίει
3017 4675 3163 4748 πῦρ,
3201 4675 3296 4728 καὶ
3359 4678 3504 4746 μάχη
3552 4690 3694 4726 κατα-

470 4776 628 4820 vunt.
657 4764 809 4818 Finis
839 4763 986 4817 enim
1032 4761 1333 4828 imponitur
1364 4761 1518 4829 Operi
1555 4759 1920 4828 debitus,.per
1946 4775 2041 4828 pa-

2145 4765 2448 4818 σπεύδουσα
2490 4766 2679 4835 ἐκχέει
2726 4760 2886 4834 αἷμα.
2920 4785 2940 4817 ι
2989 4768 3100 4818 Καὶ
3129 4767 3310 4830 πάλιν,
3347 4788 3365 4819 ι
3398 4769 3520 4820 Ἐὰν
3541 4763 3691 4834 pust}.-

2157 2855 2326 2908 Ἡσαῦ
2363 2856 2428 2907 ἐκ
2474 2856 2582 2908 τῶν
2618 2856 2931 2926 ἀλλοφύλων
2960 2862 3248 2925 γυναῖκας,
3283 2860 3385 2913 καὶ
3429 2855 3561 2928 ἦσαν
3601 2857 3697 2928 ἐρί-

2147 2947 2336 3009 ζουσαι
2367 2946 2443 3014 τῷ
2487 2947 2675 2999 Ἰσαὰκ
2717 2949 2811 3000 καὶ
2866 2951 2931 3018 τῇ
2983 2948 3269 3020 Ῥεϐέκκα.
3310 2945 3480 3003 Εἶπεν
3511 2949 3564 3002 δὲ
3601 2949 3698 3001 Ῥε-

473 4856 742 4918 tientiam,
775 4854 1102 4916 orationem,
1155 4850 1558 4914 obedientiam,
1614 4863 1818 4917 perque
1870 4849 2041 4903 solam

469 4963 620 5018 spem
654 4959 1002 5018 generosam.
1039 4942 1130 4996 Ait
1152 4943 1300 4996 enim
1337 4941 1705 5011 ‘Dominuszs
1755 4938 2041 5002 Veni,non

470 5048 531 5093 ut
553 5038 746 5092 faciam
771 5036 1107 5090 voluntatem
1129 5031 1440 5095 meam,‘sed
1458 5031 1794 5086 voluntatem
1810 5030 1928 5099 ejus
1941 5029 2034 5097 qui

472 5132 620 5186 misit
646 5144 732 5184 me
782 5128 959 5183 Patris
1005 5127 1070 5181 ³³.
1106 5146 1123 5176 ι
1149 5123 1535 5180 Parmmiastes
1563 5121 1695 5175 item
1718 5120 1786 5176 de
1806 5130 2035 5176 conten-

470 5224 627 5277 tiosis
645 5221 913 5292 ejusmodi
948 5236 963 5273 :
995 5237 1011 5268 ι
1046 5218 1124 5271 Ne
1155 5215 1339 5284 litiges
1373 5227 1498 5266 cum
1527 5212 1748 5267 homine
1777 5212 2036 5282 Iinguaci,

469 5331 645 5384 neque
667 5325 846 5373 struas
869 5327 1035 5380 super
1066 5310 1249 5379 ignem
1285 5306 1431 5360 illius
1451 5305 1596 5376 ligna
1623 5304 1689 5356 3".
1728 5324 1745 5354 ι
1771 5304 1837 5358 Ει
1867 5321 1880 5357 :
1916 5325 1934 5355 ι
1961 5305 2037 5358 Ne

470 5407 806 5477 respondeas
829 5399 1328 5461 stultosecundum
1353 5399 1639 5454 stultitiam
1693 5397 1859 5461 illius,
1885 5407 1944 5451 nt
1973 5414 2040 5451 ne

2143 4874 2240 4929 σῃς
2283 4859 2362 4919 είς
2410 4856 2707 4925 σπινθῆρα,
2741 4857 3143 4925 ἐκκαυθήσεται
3167 4875 3180 4888 ·
3213 4860 3328 4923 καὶ,
3365 4858 3462 4910 ἐὰν
3507 4855 3693 4926 ἐμπτύ-

2144 4963 2243 5017 σῃς
2278 4948 2356 5006 εἰς
2381 4944 2568 5019 αὐτὸν,
2605 4945 2987 5015 σϐεσθήσεται,
3017 4947 3112 5008 καὶ
3170 4948 3460 5018 ἀμφότερα
3516 4949 3575 5000 ἐκ
3614 4941 3691 4995 τοῦ

2144 5040 2410 5108 στόματος
2453 5027 2832 5108 ἐκπορεύεται,
2863 5057 2882 5090 ι
2931 5039 3095 5107 Λέγει
3142 5039 3200 5092 δὲ
3239 5040 3335 5092 καὶ
3372 5040 3401 5091 ὁ
3447 5037 3691 5098 Ἰάκωὸος,

2149 5151 2164 5180 ι
2187 5130 2360 5181 Ὅπου
2393 5127 2501 5198 γὰρ
2531 5127 2692 5196 ζῆλος
2724 5126 2818 5182 καὶ
2848 5127 2986 5195 ἔρις,
3027 5131 3147 5182 ἐκεῖ
3189 5127 3584 5187 ἀκαταστασία,
3613 5125 3692 5177 καὶ

2145 5224 2253 5275 πᾶν
2297 5220 2505 5289 φαῦλον
2558 5221 2815 5290 πρᾶγμα.
2853 5240 2870 5272 ι
2915 5221 2973 5274 Ὁ
2993 5222 3051 5274 δὲ
3083 5222 3299 5287 Παῦλός
3325 5239 3514 5292 φησιν,
3550 5239 3566 5271 ι
3588 5219 3690 5274 Τοῖς

2143 5313 2199 5364 δὲ
2234 5313 2293 5376 ἐξ
2321 5311 2562 5381 ἐριθείας
2595 5312 2691 5364 καὶ
2741 5311 3060 5365 ἀπειθοῦσιν
3098 5312 3197 5382 μὲν
3223 5316 3292 5383 τῇ
3321 5309 3564 5380 ἀληθείᾳ,
3591 5322 3682 5356 πει-

2147 5401 2393 5470 θομένοις
2422 5400 2478 5452 δὲ
2513 5395 2578 5469 cf}
2620 5402 2825 5473 ἀδικίᾳ,
2853 5401 3013 5473 ὀργὴ,
3042 5404 3136 5456 καὶ
3170 5402 3338 5474 θυμός
3361 5421 3373 5434 ·
3418 5402 3584 5470 θλῐψις
3611 5398 3690 5449 καὶ

540 5607 584 5638 "
603 5607 736 5660 Luc.
765 5605 944 5666 xw,9.
1018 5606 1064 5636 ¹⁹
1101 5603 1238 5660 Gen.
1267 5619 1340 5670 tv,
1369 5603 1452 5658 Μ.
1489 5603 1531 5634 ³⁰
1555 5601 1744 5656 Matth.
1785 5575 1949 5664 xxvii,
1975 5598 2038 5654 17

2145 5600 2193 5652 8.
2273 5599 2310 5629 "
2347 5599 2485 5656 Gen.
2512 5614 2673 5665 xxvn,
2705 5598 2791 5653 46.
2825 5599 2868 5629 ³⁸
2895 5599 2999 5654 lsa.
3035 5599 3232 5665 “11,2.
3277 5601 3322 5633 ³³
3343 5599 3500 5654 Joan.
3524 5591 3685 5672 v|,38.

469 5662 510 5695 ³³
541 5675 708 5730 Eccli.
753 5662 871 5740 vni,
903 5675 953 5727 4.
