3986 6148
335 289 467 348 1605

1466 299 1793 359 IlOMlLlA
1829 302 2004 361 LVII.
2040 301 2224 359 —DE
2261 282 2479 355 ODlO.

2714 203 2814 213 ταν-ι
2877 211 2885 216 _
2894 211 2934 220 .—

3473 299 3609 368 1606

336 401 668 470 στενοχωρία
709 401 801 454 ἐπὶ
841 401 1014 455 πᾶσαν
1043 395 1232 472 ψυχὴν
1272 405 1565 477 ἀνθρώπου
1587 408 1682 460 τοῦ
1718 427 1918 480 κατερ-

2027 410 2274 464 videatur
2304 403 2408 462 sibi
2441 394 2664 468 sapiens
2695 401 2761 457 ³⁸.
2806 423 2823 455 ι
2850 406 3004 461 Alius
3027 408 3250 476 quidam
3282 428 3296 461 :
3339 429 3356 460 ι
3391 411 3483 466 Lis
3521 414 3604 468 fe"

335 491 641 570 γαζομὲνου
691 493 750 546 τὸ
802 495 988 548 κακόν.
1013 512 1031 545 ι
1066 492 1189 548 Καὶ
1221 499 1279 550 ὲν
1312 498 1517 563 ἄλλοις,
1549 520 1567 551 ι
1596 503 1692 556 Ὃν
1717 504 1921 573 τρόπον

348 583 552 653 ’ίαννὴς
587 585 683 637 καὶ
715 585 974 657 Ίαμῦρὴς
1005 585 1346 660 ἀντέστησαν
1377 591 1454 662 τῷ
1479 593 1712 664 Μωῡσῇ,
1745 593 1922 659 οὕτως

338 677 430 729 καὶ
454 669 598 729 οὗτοι
631 677 982 733 ἀνθίστανται
1013 684 1078 752 τῇ
1119 681 1369 753 ἀληθείᾳ.
1400 702 1419 734 ι
1488 687 1821 740 Ἐπιστέλλει
1864 689 1920 741 δὲ

337 766 430 818 καὶ
469 763 546 834 τῷ
575 765 742 836 Τίτῳ,
774 767 951 834 λέγων
971 785 986 798 ·
1030 789 1046 822 ι
1075 770 1284 842 Μωρὰς
1312 773 1369 824 δὲ
1397 773 1676 844 ζητήσεις,
1705 777 1800 830 καὶ
1837 794 1917 844 γε-

335 855 640 924 νεαλογίας,
674 859 772 910 καὶ
802 860 968 928 ἕρεις,
1001 861 1096 914 καὶ
1122 864 1300 932 μάχας
1327 865 1556 934 νομικὰς
1579 868 1915 938 περιίστασο.

339 946 488 998 Εἰσὶν
547 948 654 1018 γὰρ
714 949 1015 1017 ἀνωφελεῖς
1065 953 1161 1005 καὶ
1219 954 1459 1022 μάταιοι.
1491 974 1510 1006 ι
1559 957 1749 1026 Ἡμεῖς
1803 953 1919 1023 οὖν,

339 1039 635 1106 ἀγαπητοὶ,
665 1039 741 1102 ὡς
767 1044 866 1110 τῆς
899 1043 1152 1112 ὑπακοῆς
1183 1044 1338 1108 ὄντες
1368 1045 1554 1112 τέκνα,
1599 1048 1673 1117 μὴ
1713 1049 1918 1117 ὁμοιω-

339 1127 522 1195 θῶμεν
563 1133 676 1191 τοῖς
723 1132 972 1200 ματαίοις
1023 1135 1266 1202 ὲρισταῖς
1297 1134 1400 1187 καὶ
1433 1135 1785 1202 φιλονείκοις,
1821 1156 1922 1207 μα-

340 1219 522 1282 θόντες
568 1223 631 1273 ὲκ
658 1222 760 1289 τῆς
801 1223 954 1286 θείας
1007 1225 1236 1294 Γραφῆς
1287 1225 1350 1278 τὸ
1403 1225 1667 1298 βλαϐερὸν
1686 1227 1780 1280 τοῦ
1811 1230 1923 1298 ὲρι-

343 1309 502 1378 σμοῦ,
543 1313 616 1380 μή
651 1329 782 1364 ποτε
816 1315 1250 1384 κατακριθῶμεν
1307 1317 1405 1369 σὺν
1432 1319 1545 1380 τοῖς
1580 1320 1922 1388 παρανόμοις

355 1401 648 1465 Ἰουδαίοις,
681 1403 880 1466 οἵτινες
925 1407 1012 1458 ἀεὶ
1057 1406 1378 1460 ἀνθίσταντο
1431 1410 1498 1479 τῇ
1543 1408 1801 1480 ἀληθείᾳ·
1829 1411 1922 1462 καὶ

341 1494 530 1562 ελεγον
561 1495 639 1564 τῷ
671 1498 916 1568 Δεσπότῃ
941 1513 952 1527 ·
991 1517 1007 1549 ι
1033 1499 1105 1550 Σὺ
1141 1500 1271 1570 περὶ
1315 1501 1548 1556 σεαυτοῦ
1585 1506 1884 1574 μαρτυρεῖς
1904 1523 1918 1536 ·

341 1587 375 1656 ή
409 1587 687 1657 μαρτυρία
727 1605 821 1640 σου
848 1589 948 1642 οὐκ
975 1589 1124 1643 ἔστιν
1145 1591 1376 1663 ἀληθής.
1403 1612 1420 1644 ›
1455 1593 1564 1646 Καὶ
1595 1595 1776 1660 πάλιν,
1807 1614 1826 1646 ι
1849 1596 1921 1649 Σὺ

2022 505 2228 558 stinata
2263 494 2515 556 incendit
2552 495 2755 566 ignem,
2787 509 2843 556 et
2865 517 3050 572 pugna
3078 501 3348 557 festinans
3370 505 3606 559 eli‘uudit

2021 608 2234 662 pugnas
2262 591 2328 646 ³⁸.
2366 608 2386 642 ι
2421 587 2664 644 Rursum
2701 607 2748 642 ει
2772 591 2830 645 Si
2859 593 3165 647 suﬂlaveris
3200 594 3252 646 in
3281 594 3598 661 scintillam,

2019 682 2355 737 accendetur
2380 699 2394 748 ;
2415 690 2471 735 et
2500 680 2544 734 si
2566 682 2890 750 conSpueris
2914 682 2969 736 in
2994 683 3164 746 illam,
3192 684 3599 753 exstinguetur,

2019 779 2075 826 et
2103 773 2266 828 ambo
2312 791 2377 830 ex
2407 792 2506 848 pore
2535 777 2843 847 procedunt
2871 777 2936 830 ³⁷.
2975 795 2994 827 ι
3026 775 3169 830 Dicit
3203 784 3259 831 et
3284 776 3478 831 beatus
3507 778 3601 831 Ja-

2021 864 2222 919 cobus:
2255 884 2272 916 ι
2303 867 2404 922 Ubi
2422 869 2567 922 enim
2594 870 2744 923 zelus
2761 877 2818 922 et
2841 868 3148 931 contentio,
3178 868 3256 922 ibi
3282 869 3603 922 inconstano

2023 956 2098 1010 tia
2135 966 2190 1010 et
2228 973 2390 1014 omne
2446 976 2586 1031 opus
2615 977 2845 1030 pravum
2871 961 2936 1013 ³⁸.
2970 980 2988 1011 ι
3021 959 3227 1014 Paulus
3281 970 3596 1029 praeterea:

2029 1067 2046 1099 ι
2063 1049 2136 1103 Iis
2157 1050 2249 1118 qui
2271 1061 2398 1106 sunt
2420 1069 2486 1106 ex
2509 1052 2885 1116 contentione,
2903 1060 2960 1104 et
2989 1050 3081 1120 qui
3104 1065 3215 1104 non
3239 1049 3603 1120 acquiescunt

2019 1140 2263 1206 veritati,
2285 1143 2521 1198 credunt
2549 1153 2731 1198 autem
2755 1142 3054 1210 iniquitati,
3082 1142 3158 1195 ira
3183 1150 3237 1195 et
3259 1141 3596 1211 indignatio;

2021 1231 2304 1293 tribulatio
2355 1244 2410 1288 et
2449 1234 2696 1304 angustia
2722 1235 2778 1288 in
2821 1248 3042 1287 omnem
3087 1233 3326 1285 animam
3358 1231 3602 1285 hominis

2021 1323 2302 1391 operantis
2331 1325 2534 1378 malum
2559 1326 2623 1379 ³³.
2661 1345 2678 1376 ι
2707 1325 2828 1379 Alio
2860 1326 2993 1378 item
3058 1323 3179 1377 loco
3215 1340 3228 1375 :
3273 1341 3291 1372 ι
3326 1320 3604 1387 Quemad-

2022 1410 2251 1467 modum,
2296 1409 2494 1468 Jannes
2524 1422 2580 1468 et
2609 1408 2881 1468 Mamhres
2915 1413 3242 1467 restiterunt
3277 1412 3467 1482 Moysi,
3527 1412 3601 1466 ita

2021 1511 2076 1560 et
2105 1503 2162 1556 hi
2205 1505 2471 1558 resistunt
2499 1506 2722 1558 veritati
2747 1505 2815 1556 ⁸ο.
2858 1521 2874 1554 ι
2908 1504 3015 1558 Sed
3038 1512 3094 1558 et
3128 1503 3195 1557 ad
3260 1502 3442 1556 Titum
3473 1502 3603 1570 Epi-

2023 1597 2162 1650 stola
2183 1612 2229 1648 ει
2253 1595 2458 1649 Stultas
2475 1596 2827 1664 quaestiones,
2847 1603 2902 1650 et
2923 1593 3288 1666 genealogias,
3307 1603 3364 1646 et
3378 1601 3604 1646 conten-

341 1677 422 1740 τίς
451 1673 536 1743 εἷ;
559 1698 577 1730 ι
605 1679 746 1750 Πρὸς
763 1679 856 1743 οὓς
881 1682 1218 1753 ἀπεκρίνατο
1236 1685 1264 1735 ὁ
1291 1684 1515 1753 Κύριος,
1540 1699 1557 1735 ι
1584 1685 1700 1756 Τὴν
1723 1688 1918 1758 ἀρχὴν,

2027 1690 2202 1743 tiones
2222 1697 2278 1741 et
2311 1702 2522 1757 pugnas
2547 1687 2684 1757 legis
2710 1687 2926 1752 devita;
2950 1695 3081 1742 sunt
3108 1686 3256 1740 enim
3290 1684 3518 1739 inutiles
3546 1694 3602 1738 et

342 1767 421 1819 ὅτι
466 1768 560 1819 καὶ
590 1768 736 1821 λαλῶ
775 1770 925 1838 ὑμῖν.
972 1771 1165 1841 Ἀμὴν,
1195 1773 1341 1842 ἀμὴν
1380 1774 1522 1841 λέγω
1547 1774 1695 1844 ὑμῖν,
1723 1777 1817 1828 ἐὰν
1851 1777 1920 1846 μὴ

2030 1797 2180 1835 vanae
2204 1780 2273 1833 ⁸⁸.
2302 1799 2319 1831 ι
2359 1780 2573 1850 1116
2599 1779 2708 1834 Nos
2738 1779 2923 1850 igitur,
2952 1777 3285 1839 charissimi,
3314 1777 3470 1846 quasi
3500 1776 3600 1830 ﬁlii

345 1859 673 1929 πιστεύσητε
699 1861 780 1913 ὅτι
805 1862 915 1928 ἐγώ
950 1865 1088 1932 εἰμι,
1121 1864 1485 1918 ἀποθανεῖσθε
1512 1867 1570 1918 ὲν
1593 1869 1714 1929 ταῖς
1740 1867 1919 1938 ἁμαρ-

2027 1869 2366 1931 obedientiae,
2399 1884 2489 1934 ne,
2518 1882 2724 1937 quaeso,
2749 1867 3059 1937 vaniloquis
3090 1867 3209 1922 istis
3233 1865 3602 1935 litigatoribus

343 1949 485 2012 τίαις
525 1950 705 2019 ὑμῶν.
727 1971 746 2003 ι
780 1952 937 2022 Αὐτῷ
976 1956 1008 2024 ἡ
1038 1954 1165 2018 δόξα
1195 1957 1277 2018 είς
1299 1956 1427 2018 τοὺς
1462 1955 1688 2019 αίῶνας.
1725 1957 1918 2029 Ἀμήν.

2027 1970 2074 2015 et
2095 1960 2459 2015 contentiosis
2480 1961 2652 2015 simus
2670 1959 2961 2024 assimiles,
2982 1969 3044 2014 ut
3061 1959 3155 2028 qui
3177 1950 3422 2012 doctrice
3457 1956 3602 2011 Scri-

343 2047 502 2109 ptura
533 2041 846 2106 didicimus,
884 2048 1048 2114 quam
1075 2045 1236 2099 noxia
1263 2046 1334 2101 sit
1377 2054 1434 2100 et
1471 2046 1868 2103 detrimentosa
1918 2050 2167 2122 litigandi
2233 2051 2596 2116 consuetudo,
2629 2050 2922 2120 nequando
2971 2051 3251 2119 contingat
3280 2048 3467 2104 subire
3500 2062 3603 2100 nos

341 2132 707 2187 damnationis
737 2149 1023 2189 censuram
1052 2151 1179 2190 cum
1208 2137 1412 2207 iniquis
1435 2147 1490 2191 et
1546 2139 1834 2208 exlegibus
1859 2140 2082 2208 Iudaeis,
2150 2145 2244 2214 qui
2277 2145 2497 2199 veritati
2555 2151 2838 2213 perpetuo,
2866 2143 3215 2206 restiterunt,
3254 2156 3318 2195 ac
3343 2139 3603 2194 dicebant

340 2221 574 2277 Domino
609 2240 625 2277 :
668 2242 687 2276 ι
732 2225 814 2280 Tu
884 2227 953 2281 de
1023 2229 1197 2298 teipso
1237 2229 1613 2286 testimonium
1665 2232 1928 2299 perhibes
1965 2251 1981 2300 ;
2022 2235 2402 2290 testimonium
2446 2244 2601 2288 tuum
2632 2250 2742 2289 non
2787 2241 2872 2288 est
2921 2249 3115 2288 verum
3154 2232 3220 2284 ".
3272 2231 3542 2285 D'RUI‘SUS
3584 2243 3598 2281 :

349 2331 367 2362 ι
399 2312 480 2366 Tu
503 2312 597 2382 qui
627 2314 738 2367 es?
768 2333 787 2365 ι
819 2316 886 2369 ad
909 2332 1048 2385 quos
1074 2319 1340 2372 Dominus
1401 2320 1722 2389 respondit:
1792 2341 1811 2373 ι
1834 2322 2172 2395 Principium
2209 2342 2268 2381 se
2302 2342 2446 2390 esse,
2483 2327 2614 2396 quia
2678 2335 2736 2380 et
2783 2341 2883 2396 ego
2930 2325 3128 2394 loquor
3174 2322 3351 2376 vobis.
3428 2319 3602 2372 Amen

343 2405 469 2460 dico
505 2406 685 2470 vobis,
714 2408 821 2462 nisi
859 2411 1210 2467 credideritis
1245 2414 1375 2482 quia
1403 2429 1505 2484 ego
1549 2429 1692 2480 sum,
1723 2415 2037 2473 moriemini
2068 2420 2127 2474 in
2170 2420 2413 2490 peccatis
2463 2419 2666 2474 vestris
2689 2418 2757 2475 ⁸³,
2797 2437 2814 2469 ι
2881 2416 2990 2486 Ipsi
3058 2414 3232 2491 gloria
3296 2413 3350 2465 in
3401 2408 3601 2466 saecula

343 2496 688 2550 saeculorum.
711 2499 902 2553 Amen.

933 2614 1151 2668 ΛΟΓΟΣ
1203 2616 1332 2674 ΝΖ¹ρ

808 2724 947 2793 Περὶ
979 2726 1087 2780 τοῦ
1107 2726 1194 2796 μὴ
1218 2727 1447 2796 μισεῖν.

414 2843 749 2913 Γέγραπται,
780 2841 861 2894 ὅτι
882 2843 910 2894 ό
936 2841 1166 2910 ἀγαπῶν
1186 2843 1276 2899 τὸν
1301 2843 1455 2909 Θεὸν,
1487 2845 1679 2918 ἀγαπᾷ
1711 2846 1806 2900 καὶ
1834 2845 1927 2899 τὸν

341 2935 570 3003 ἀδελφὸν
590 2934 784 2987 αὐτοῦ·
809 2952 826 2984 ι
851 2936 878 2987 ὁ
906 2933 962 2986 δὲ
989 2933 1162 3004 μισῶν
1196 2935 1288 2988 τὸν
1318 2935 1547 3005 ἀδελφὺν
1582 2937 1770 3003 αὑτοῦ,
1806 2956 1826 2988 ι
1865 2937 1920 2990 οὐ

2027 2934 2252 2989 fratrem
2272 2949 2464 2998 suum;
2522 2933 2617 3002 qui
2637 2942 2820 2992 autem
2839 2931 2955 2986 odit
2981 2931 3211 2993 fratrem
3275 2972 3292 2997 ,

346 3029 507 3098 μόνον
533 3031 614 3083 ὅτι
640 3027 939 3097 θεοστυγὴς
967 3028 1138 3093 ἐστιν,
1163 3027 1302 3080 ἀλλὰ
1328 3030 1422 3081 καὶ
1441 3028 1914 3097 ἀνθρωποκτόνος,

343 3119 580 3188 εἴρηται.
605 3117 824 3172 Φονεύει
880 3118 991 3187 γὰρ
1027 3117 1188 3170 αὑτὸν
1211 3120 1276 3186 τῇ
1297 3118 1535 3171 διαθέσει
1586 3119 1682 3171 τοῦ
1730 3119 1920 3188 μίσους

2558 2607 2844 2672 HOMILIA
2875 2616 3033 2671 LVII.

2564 2729 2842 2784 Neminem
2868 2727 3062 2784 oderis.

2093 2839 2374 2913 Scriptum
2400 2851 2504 2908 est,
2521 2843 2785 2913 quoniam
2806 2843 2901 2912 qui
2918 2841 3100 2911 diligit
3125 2841 3319 2905 Deum,
3343 2840 3525 2910 diligit
3550 2852 3606 2895 et

2100 2915 2464 2986 itremsuum:
2522 2931 2955 2986 uuiaulemodit
2981 2931 3211 2986 fratrem
3275 2972 3292 2986 .
3359 2947 3468 2986 non
3495 2931 3607 2986 Deo

2025 3024 2237 3079 invisus
2273 3024 2470 3087 solum,
2503 3022 2599 3076 sed
2643 3031 2698 3077 et
2740 3021 3018 3078 homicida
3063 3022 3213 3079 est“;
3247 3037 3410 3090 quem
3457 3021 3608 3075 enim

2027 3117 2163 3176 odit,
2191 3115 2380 3170 arcani
2404 3115 2635 3170 allectus
2659 3114 2991 3184 cogitatione
3018 3113 3271 3182 perimit,
3297 3114 3454 3183 cujus
3485 3115 3609 3182 qui-

345 3211 484 3262 κατὰ
500 3210 758 3274 διάνοιαν,
788 3202 994 3270 οὗτινος
1027 3207 1088 3260 τὸ
1109 3204 1267 3277 αἷμα,
1299 3209 1358 3262 οὐ
1383 3208 1470 3262 διὰ
1496 3208 1678 3277 ξίφους
1702 3209 1920 3279 ἐκχυθὲν

2031 3207 2153 3261 dom
2174 3206 2495 3276 sanguinem
2521 3221 2633 3261 non
2662 3206 2778 3260 acie
2794 3203 2962 3272 gladii
2986 3205 3328 3274 perspiciunt
3357 3204 3611 3258 homines

341 3297 621 3368 ἄνθρωποι
652 3297 968 3368 βλέπουσιν,
996 3297 1130 3350 ἀλλὰ
1179 3301 1244 3368 τῇ
1282 3297 1528 3351 διαθέσει·
1575 3297 1671 3354 τοῦ
1729 3299 1924 3367 μίσους

345 3389 630 3458 ἀναιρεθὲν
661 3389 792 3452 Θεος
816 3391 1010 3460 ἐφορᾷ.
1051 3389 1252 3455 ’Ὃς-,οὐ
1284 3389 1445 3458 μόνον
1477 3390 1619 3460 ὑπὲρ
1645 3389 1919 3460 πράξεων,

343 3481 485 3534 ἀλλὰ
513 3480 607 3532 καὶ
635 3480 776 3549 ὑπὲρ
800 3479 1102 3550 λογισμῶν,
1139 3481 1236 3533 καὶ
1259 3481 1635 3550 προαιρέσεων
1665 3479 1918 3544 ἑκάστου,

347 3569 382 3640 ἢ
418 3569 742 3636 στεφάνους,
771 3570 804 3638 ἢ
831 3569 1126 3639 τιμωρίας,
1154 3568 1730 3632 ἀποδίδωσιν.-Καθὼς
1762 3568 1923 3630 αὐτὸς

348 3661 435 3713 διὰ
490 3661 583 3713 τοῦ
637 3661 920 3731 προφήτου
962 3660 1147 3730 φησίν·
1188 3680 1205 3711 ι
1237 3660 1380 3729 Ἐγὼ
1415 3661 1646 3732 ἔρχομαι
1684 3679 1921 3728 συναγασι

347 3755 465 3821 γεῖν
496 3754 562 3806 τά
597 3751 756 3823 ἔργα,
790 3753 886 3805 καὶ
919 3753 1044 3816 τοὺς
1075 3752 1389 3822 λογισμοὺς,
1427 3742 1530 3805 καί.¹
1554 3751 1653 3815 τὰς
1682 3745 1922 3821 ἐνθυμή-

348 3861 463 3906 σεις
495 3843 698 3898 αὐτῶν.
727 3863 746 3894 ›
791 3843 953 3900 Ἀλλά
983 3845 1078 3896 καὶ
1121 3827 1289 3899 κακία
1343 3845 1402 3896 ὲν
1451 3841 1732 3913 λογισμοῖς
1768 3842 1924 3913 μελε-

344 3938 586 4009 τωμένη,
639 3935 896 4006 θρασύνει
929 3935 1173 4007 καρδίαν,
1208 3925 1579 4004 ἀναιρουμένη
1626 3934 1704 3999 δὲ,
1733 3933 1800 3986 δι’
1831 3936 1923 4000 έγς-

347 4027 606 4097 κρατείας
646 4027 741 4079 καὶ
783 4026 996 4088 ἐλπίδος
1055 4025 1348 4098 συντρίὸει,
1385 4025 1580 4094 αὐτήν.
1639 4024 1921 4094 ’Λοέμιτον

347 4114 440 4171 οὖν
470 4119 614 4189 ἔχειν
653 4119 800 4189 ἡμᾶς
855 4120 1012 4188 μῖσος
1061 4119 1200 4187 πρὸς
1238 4117 1328 4170 τὸν
1361 4117 1634 4186 ὁμόφυλον
1663 4117 1758 4172 καὶ
1789 4117 1922 4185 ὁμό·

348 4187 568 4274 πιστόν,
589 4187 684 4264 καί
703 4187 1156 4280 συγκληρονόμον
1182 4209 1284 4279 τῆς
1311 4209 1595 4280 βασιλείας
1623 4207 1732 4261 τῶν
1762 4207 1917 4277 οὐρα.

331 4301 478 4355 .νῶν.
526 4303 866 4371 Μισήσωμεν
902 4297 996 4355 οὖν
1029 4301 1122 4355 τὸν
1173 4301 1440 4372 μισοῦντα
1471 4303 1621 4371 ἡμᾶς
1654 4299 1918 4365 διάϐολον,

350 4394 447 4446 καὶ
489 4391 557 4445 τὰ
595 4392 736 4465 ἔργα
779 4391 968 4459 αὑτοῦ,
1017 4392 1108 4447 τὸν
1147 4392 1328 4446 κοινὸν
1362 4393 1582 4448 πάντων
1617 4391 1922 4465 ἀνθρώπων

350 4483 444 4554 ὲχθ
455 4483 565 4552 ρὸν,
596 4483 834 4554 μάλιστα
852 4483 909 4536 δὲ
934 4482 1143 4537 πιστῶν
1165 4501 1178 4516 ⁸
1205 4483 1383 4547 οὐδεὶς
1413 4484 1520 4555 γὰρ
1540 4481 1724 4554 πίστιν
1752 4485 1919 4551 ἑπαγ-

2025 3297 2298 3372 οίῐυειιωη
2315 3298 2460 3352 Deus
2483 3313 2614 3352 vero
2637 3297 2790 3351 illum
2821 3296 2972 3351 videt
2995 3296 3106 3351 odii
3139 3297 3382 3367 maligno
3407 3295 3608 3351 all'ectu

2024 3386 2369 3458 peremptum
2393 3389 2514 3460 :qui
2535 3389 2764 3443 cuilibet
2793 3397 3043 3442 nostrum
3072 3395 3168 3441 aut
3199 3402 3460 3456 coronam
3485 3388 3610 3442 red-

2025 3480 2128 3544 dit;
2175 3489 2270 3534 aut
2303 3481 2556 3536 ultricem
2592 3494 2814 3549 pmnam
2848 3494 2948 3548 pro
2981 3477 3247 3547 qualitate
3275 3493 3386 3533 non
3423 3481 3610 3547 operis

2025 3571 2225 3634 solum,
2254 3570 2350 3628 sed
2396 3578 2454 3625 et
2477 3567 2828 3640 cogitationis
2857 3578 2913 3625 et
2939 3569 3227 3628 destinata:
3265 3570 3566 3625 voluntatis
3591 3589 3602 3623 :

2024 3661 2486 3730 quemadmodum
2526 3661 2670 3716 idem
2703 3676 2803 3730 per
2853 3661 3178 3730 prophetam
3221 3662 3407 3716 dicit:
3441 3682 3458 3713 ι
3493 3663 3608 3732 Ego

2023 3745 2186 3802 venio
2218 3757 2281 3804 ut
2306 3763 2631 3819 congregem
2665 3764 2834 3818 opera
2855 3759 2914 3804 et
2942 3750 3303 3819 cogitationes
3333 3759 3387 3804 et
3417 3752 3610 3804 inven-

2027 3840 2250 3903 tiones,
2278 3839 2392 3894 sive
2416 3840 2662 3904 internas
2692 3840 3079 3924 conceptiones
3120 3855 3312 3894 eorum
3345 3840 3411 3894 ⁸⁸.
3444 3860 3461 3892 ι
3498 3841 3606 3896 Sed

2025 3942 2079 3987 et
2102 3932 2307 3989 malitia
2331 3932 2543 3986 diutina
2566 3933 2900 4002 cogitatione
2925 3933 2979 3986 in
3002 3933 3184 3988 animo
3206 3941 3422 3988 versata
3442 3942 3608 4002 atque

2025 4024 2291 4088 exercita,
2323 4023 2609 4080 audaciam
2626 4023 2783 4082 abdit
2804 4023 2959 4078 cordi
2984 4041 2998 4088 ;
3023 4039 3144 4093 quae
3189 4032 3368 4086 tamen
3395 4039 3495 4094 per
3519 4025 3608 4079 ab-

2028 4115 2343 4170 stinentiam
2367 4124 2423 4169 et
2450 4129 2602 4184 spem
2623 4114 2823 4179 ablata,
2847 4114 3196 4174 contritionis
3218 4115 3448 4184 gratiam
3469 4131 3605 4170 con-

2024 4207 2131 4262 fert
2147 4207 2304 4262 cordi
2325 4207 2524 4262 eidem.
2556 4207 2674 4262 Non
2703 4207 2870 4277 igitur
2901 4206 2980 4262 fas
3009 4208 3080 4262 sit
3104 4208 3284 4263 odisse
3314 4223 3414 4263 nos
3434 4225 3605 4263 unum

2021 4301 2260 4370 aliquem
2285 4301 2741 4355 econtribulibus
2761 4341 2775 4364 ,
2807 4308 2906 4352 aut.
2924 4300 3020 4368 qui
3069 4300 3175 4354 ﬁde
3202 4311 3504 4370 compares
3548 4311 3604 4356 et

2023 4392 2340 4449 cohaeredes
2391 4391 2559 4445 futuri
2623 4398 2752 4445 sunt
2780 4393 2934 4460 regni
2985 4391 3252 4447 caelorum
3281 4409 3295 4444 :
3323 4391 3603 4446 diabolum

2024 4497 2194 4552 porro
2220 4484 2349 4538 inde
2372 4484 2578 4539 fessum
2607 4493 2810 4538 nostrae
2833 4483 3028 4538 salutis
3039 4498 3256 4538 osorem
3277 4484 3457 4539 odisse
3475 4485 3604 4539 licet

347 4576 673 4644 γελλόμενος
733 4575 1061 4645 ἁμαρτάνειη
1098 4576 1234 4630 Οὐδὲ
1283 4575 1502 4648 ἀγάπην
1541 4575 1703 4646 ἔχων,
1747 4579 1918 4647 μισεῖ.

2027 4590 2374 4629 communem
2425 4576 2671 4630 omnium
2719 4575 3004 4629 hominum
3068 4575 3317 4641 hostem,
3367 4577 3602 4632 maxime

347 4664 585 4734 Ψανερδν
635 4664 747 4736 γὰρ
803 4665 866 4718 τὸ
905 4666 1121 4736 δένδρον
1181 4667 1288 4721 ἀπὸ
1319 4666 1414 4722 τοῦ
1446 4666 1661 4739 καρποῦ
1690 4668 1919 4736 γίνεται.

361 4756 419 4808 '0
454 4751 547 4809 οὖν
576 4757 1052 4828 ἐπαγγελλόμενος
1077 4757 1313 4828 Χριστοῦ
1349 4754 1509 4826 εἶναι,
1532 4761 1605 4814 δι’
1635 4754 1710 4814 ὧν
1747 4760 1925 4832 πράσ-

351 4864 455 4911 σει,
493 4847 813 4919 ὀφθήσεται.
878 4848 1078 4912 Καθὼς
1109 4851 1316 4914 ἐν’ταῖς
1361 4853 1688 4922 Παροιμίαις
1715 4853 1921 4924 γέγρα-

349 4953 515 5002 πται,
559 4939 641 4990 ὅτι
677 4956 695 4988 ι
733 4941 846 4997 Πᾶς
883 4938 943 5001 ὃς
999 4941 1148 5008 μισεῖ
1200 4939 1432 5008 ἀδελφὸν
1474 4943 1710 5011 πτωχὸν,
1759 4935 1918 5007 οὗτος

349 5030 445 5082 καὶ
483 5030 670 5096 φιλίας
700 5030 921 5101 μακρὰν
957 5030 1149 5084 ἔσται’
1188 5032 1330 5103 ἀνὴρ
1368 5032 1425 5084 δὲ
1453 5033 1716 5103 φρόνιμος
1749 5035 1917 5104 εὑρή-

351 5137 435 5174 σει
495 5122 690 5191 αὑτήν.
718 5141 736 5172 ι
776 5123 835 5176 '0
885 5123 944 5176 δὲ
989 5123 1270 5193 Ἰωάννης,
1315 5143 1332 5176 ι
1365 5125 1425 5177 ’0
1483 5125 1674 5194 λέγων,
1731 5127 1918 5196 φησὶν,

349 5218 408 5267 ἐν
447 5215 524 5285 τῷ
555 5219 697 5286 φωτὶ
726 5212 892 5280 εἶναι,
917 5221 1012 5270 καὶ
1040 5218 1133 5270 τὸν
1165 5217 1395 5286 ἀδελφὸν
1420 5216 1584 5270 αὑτοῦ
1611 5218 1812 5288 μισῶν,
1864 5221 1922 5270 έν

2028 4667 2275 4722 ﬁdelium
2303 4686 2315 4722 :
2339 4669 2514 4734 illum,
2547 4667 2795 4736 inquam,
2820 4682 2945 4721 cum
2973 4669 3239 4737 operibus
3263 4667 3437 4738 ipsius
3483 4685 3602 4723 ma-

2026 4761 2189 4830 lignis
2217 4761 2516 4815 oderimus.
2553 4760 2726 4815 Nemo
2754 4762 2848 4831 qui
2879 4763 3090 4832 integra
3118 4761 3223 4817 ﬁde
3256 4777 3323 4815 ex
3353 4763 3602 4831 professo

2026 4855 2098 4907 sit
2126 4851 2496 4916 Christian-us,
2532 4863 2720 4922 peccat
2759 4854 2864 4908 hoc
2897 4869 3096 4925 genere
3131 4853 3267 4918 odii,
3300 4869 3478 4923 neque
3506 4852 3601 4921 qui

2026 4943 2194 4998 habet
2245 4943 2600 5008 charitatem,
2648 4945 2768 5009 odit
2815 4945 2986 5000 ullum
3025 4947 3332 5000 hominum.
3375 4944 3604 4998 Arboris

2023 5035 2259 5106 qualitas
2291 5051 2359 5090 ex
2387 5034 2570 5090 fructu
2596 5052 2760 5105 quem
2806 5037 3033 5107 profert,
3067 5028 3276 5106 liquido
3320 5034 3603 5102 cognosci-

2028 5133 2117 5179 tur
2137 5126 2210 5178 .W.
2239 5124 2342 5192 Qui
2368 5125 2535 5194 igitur
2567 5141 2625 5181 sc
2645 5125 2852 5181 Christi
2887 5127 3178 5196 profitetur
3214 5138 3333 5177 esse
3360 5122 3601 5192 discipu-

2026 5218 2162 5282 lum,
2197 5232 2292 5286 per
2319 5232 2382 5271 ea
2417 5221 2540 5286 quae
2573 5217 2722 5282 facit,
2761 5226 2868 5272 stet
2913 5233 2982 5271 ne
3006 5215 3278 5271 aChristo
3308 5214 3601 5284 intellige-

349 5313 415 5380 τῇ
453 5311 644 5380 σκοτία
701 5312 850 5364 ἐστὶν
889 5313 996 5376 ἕως
1045 5313 1192 5381 ἄρτι.
1246 5311 1378 5364 Καὶ
1413 5312 1514 5364 ὲάν
1548 5328 1631 5370 τις
1664 5311 1792 5381 εἴπῃ
1838 5311 1920 5365 ὅτι

2027 5316 2130 5371 lur,
2176 5307 2637 5387 quemadmodum
2677 5309 2733 5360 in
2789 5305 3108 5360 Proverbiis
3172 5306 3439 5375 scriptum
3492 5314 3596 5369 est,

349 5400 538 5468 ἀγαπᾷ
568 5401 681 5453 τὸν·
706 5401 860 5467 Θεὸν,
899 5404 996 5456 διαὶ
1027 5403 1143 5455 -τὺν
1186 5401 1416 5470 ἀδελφὸν
1470 5403 1640 5471 μισεῖ,
1679 5399 1918 5470 ψεύστης

2027 5401 2142 5470 quia
2185 5418 2202 5450 ι
2232 5399 2423 5454 Omnis
2456 5397 2549 5467 qui
2571 5398 2686 5452 odit
2709 5397 2930 5451 fratrem
2961 5412 3278 5467 pauperem,
3325 5397 3416 5452 hic
3439 5397 3597 5467 longe

421 5535 466 5566 ³⁵
501 5535 664 5590 Prov.
697 5554 840 5595 xxvr.
873 5539 926 5591 4.
998 5539 1043 5570 ⁸⁸
1081 5538 1252 5593 Eccli.
1284 5554 1468 5594 xxvm.
1503 5537 1588 5590 15.
1663 5537 1705 5568 ³⁷
1730 5536 1915 5590 ihid.l

430 5608 540 5660 Tit.
571 5623 650 5668 ιιι.
678 5609 732 5662 9.
806 5609 852 5640 δ’
880 5609 1037 5665 Joan.
1058 5625 1174 5668 VIII.
1199 5611 1286 5665 15.
1358 5609 1403 5641 “
1434 5610 1564 5665 ibid.
1593 5609 1789 5667 91-25.
1874 5609 1920 5668 .“

2061 5537 2104 5566 ³η
2130 5536 2244 5601 Jac.
2274 5513 2352 5593 έιι.
2385 5534 2470 5588 ιδ.
2549 5534 2591 5565 ³ο
2619 5533 2777 5586 nom.
2804 5533 2998 5595 11.8.9.
3099 5532 3143 5563 ιο
3174 5533 3208 5586 ιι

2027 5612 2179 5668 Joan.
2213 5627 2283 5668 ιν.
2306 5610 2369 5664 21
2403 5625 2420 5668 :
2459 5611 2552 5668 ut.
2577 5609 2664 5665 l5.
2756 5607 2803 5641 “’
2827 5608 2926 5664 lsa.
2957 5621 3099 5668 un,
3143 5606 3208 5662 18

1870 5665 1885 5684 δ
1967 5645 1990 5665 ι
2019 5645 2179 5668 συαιιο
2213 5645 2283 5676 Ι“’
2309 5645 2369 5664 ιιι
2403 5652 2420 5676 ς
2460 5645 2542 5676 ΙΙΙ.
2581 5645 2664 5665 IV.
2702 5669 2722 5680 ι
2827 5645 2926 5664 lall-
2957 5645 3099 5672 μετ’,
3148 5645 3229 5663 ιν.

353 5607 398 5637 ἰ
430 5608 540 5678 Tit.
571 5623 650 5674 ιιι,
678 5609 732 5662 9.
806 5609 852 5640 δ’
880 5609 1037 5665 Joan.
1058 5625 1174 5678 VIII,
1199 5611 1286 5665 15.

352 5693 450 5742 XII,
485 5677 578 5731 55.

1358 5609 1403 5641 ⁵³
1434 5610 1564 5665 ibid.
1593 5609 1789 5667 31-25.

3099 5532 3143 5563 ‘°
3174 5533 3218 5586 Il
3242 5532 3384 5586 Tim.
3424 5549 3498 5595 ιιι,
3542 5532 3594 5588 8,

3143 5606 3229 5660 18.
3322 5607 3372 5637 ⁵⁸
3407 5603 3594 5660 Matth.
