3986 6148
464 247 599 311 1607

1708 240 2074 301 ANTIOCHI
2111 236 2457 298 MONACHI

3568 232 3683 300 1608

460 361 566 416 erit
587 359 656 414 ab
680 356 943 420 amicitia,
963 354 1047 411 vir
1062 364 1242 411 autem
1259 356 1502 426 prudens
1523 354 1770 409 inveniet
1789 367 1912 407 eam
1930 350 1995 403 ‘7.
2012 370 2029 399 ι

2152 348 2312 402 ἐστίν.
2360 347 2419 399 '0
2463 344 2573 416 γὰρ
2608 344 2684 414 μὴ
2733 342 2966 411 ἀγαπῶν
3023 341 3115 395 τὸν
3151 341 3381 411 ἀδελφὸν
3437 344 3608 412 αὑτοῦ,
3635 348 3684 403 ὃν

461 452 703 509 Joannes
738 463 914 504 vero:
956 466 974 499 ι
1007 446 1110 513 Qui
1155 447 1290 502 dicit
1320 448 1375 504 in
1419 448 1629 502 lumine
1687 462 1747 500 se
1780 461 1922 508 esse,
1980 453 2038 499 et

464 541 690 595 fratrem
720 552 881 593 suum
908 536 1063 597 odit,-
1082 535 1139 590 in
1173 536 1418 591 tenebris
1442 543 1528 590 est
1563 550 1736 604 usque
1766 533 1949 603 adhuc
1968 529 2035 584 “.

463 629 523 685 Si
572 629 697 698 quis
749 627 987 691 dixerit,
1044 627 1172 695 quia
1231 642 1331 697 ego
1378 626 1546 696 diligo
1594 626 1790 689 Deum,
1833 631 1888 677 et
1932 623 2041 676 fra-

466 731 604 777 trem
636 734 795 773 suum
827 718 964 775 odit.
996 718 1230 772 mendax
1253 726 1339 773 est
1367 735 1382 785 ;
1413 718 1509 788 qui
1537 718 1686 773 enim
1713 732 1821 771 non
1861 713 2041 783 diligit

465 813 689 866 fratrem
730 826 890 865 suum
930 825 1093 878 quem
1124 810 1293 873 videt,
1318 810 1489 864 Deum
1523 823 1687 879 quem
1723 823 1837 861 non
1865 806 2037 869 videt,

463 902 739 972 quomodo
773 909 952 970 potest
978 900 1208 970 diligere
1236 901 1302 954 δ’.
1334 921 1351 952 ι
1400 899 1541 954 Dicit
1574 899 1801 968 insuper
1833 905 1889 950 et
1911 896 2034 950 lcx:

474 1016 491 1047 ‹
523 996 639 1049 Νοιι
688 994 918 1049 habebis
969 992 1098 1046 odio
1138 992 1362 1046 fratrem
1411 1001 1566 1045 tuum
1614 992 1669 1043 in
1720 988 1888 1043 corde
1918 994 2039 1050 tuo,

469 1084 856 1155 redargutione
875 1085 1170 1154 redargues
1194 1099 1342 1149 eum,
1371 1094 1427 1139 et
1446 1097 1553 1139 non
1585 1082 1824 1151 accipies
1868 1095 2041 1151 prope

467 1194 594 1233 eum
626 1172 1133 1246 peccatum'MEt:
1168 1194 1185 1225 ι
1225 1174 1794 1229 Noncomminaberis
1838 1173 2042 1242 populo

472 1259 565 1322 tuo
626 1305 638 1319 .
676 1286 693 1319 ι
721 1266 1088 1321 Conformiter
1110 1266 1349 1321 Paulus:
1380 1284 1397 1316 ι
1432 1264 1862 1319 Consideremus
1897 1262 2042 1317 invi-

469 1375 585 1414 cem
614 1358 670 1412 in
704 1359 1149 1429 provocationem
1180 1358 1465 1414 charitatis
1495 1367 1555 1414 et
1589 1357 1863 1412 bonorum
1908 1370 2043 1424 epe-

472 1452 664 1505 rum“.
699 1470 717 1502 ι
750 1451 855 1505 Ει;
894 1470 912 1501 ι
934 1451 1121 1505 Eslote
1152 1450 1221 1504 ad
1267 1449 1777 1521 invicem-benigni,
1829 1446 2043 1511 miseri-

472 1542 684 1605 cordes,
710 1541 981 1595 donantes
1003 1541 1261 1606 invicem,
1283 1542 1427 1597 sicut
1452 1552 1509 1596 et
1538 1541 1791 1597 Christus
1819 1538 2047 1595 donavit

472 1633 931 1702 vobis".1117
961 1656 977 1683 ι
1009 1633 1177 1688 Infert
1198 1634 1375 1688 idem:
1405 1652 1424 1686 ι
1453 1633 1510 1689 Si
1532 1634 1735 1705 linguis
1756 1631 2045 1688 hominum

2139 440 2408 510 ἑώρακεν,
2466 438 2556 490 τὸν
2602 437 2755 501 Θεὸν,
2777 436 2838 490 ὃν
2869 436 2968 506 οὐχ
2996 435 3265 505 ἑώρακεν,
3321 434 3441 499 πῶς
3490 437 3685 494 δύναται

2139 533 2362 602 ἀγαπᾷν
2386 547 2401 596 ;
2426 549 2449 582 ι
2487 530 2656 599 Λέγει
2694 529 2753 583 δὲ
2789 529 2886 582 καὶ
2909 530 2939 581 6
2967 529 3158 597 νόμος,
3193 547 3212 579 ι
3234 529 3312 581 Οὐ
3343 530 3592 601 μισήσεις
3614 533 3685 586 τὸν

2139 623 2372 692 ἀδελφόν
2422 640 2519 675 σου
2553 625 2613 673 ὲν
2663 624 2730 692 τῇ
2765 621 2979 692 διανοίᾳ
3023 638 3141 674 σου.
3183 620 3440 690 Ἐλεγμῷ
3480 624 3686 691 ὲλέγξεις

2140 715 2325 780 αὑτὸν,
2358 716 2452 768 καὶ
2485 714 2546 767 οὐ
2574 713 2738 783 λήψει
2767 714 2836 766 δι’
2856 714 3021 767 αὐτὸν
3055 713 3358 782 ἁμαρτίαν.
3399 733 3418 763 ι
3454 716 3606 779 Καὶμ
3627 717 3684 769 οὐ

2145 810 2360 879 μηνιεῖς
2387 808 2503 871 τοῖς
2532 807 2628 860 τοῦ
2654 807 2784 860 λαοῦ
2810 823 2927 863 σου.
2956 825 2975 857 ι
3026 807 3261 876 Ὁμοίως
3304 808 3400 860 καὶ
3427 809 3455 860 6
3489 807 3684 874 Παῦλος,

2149 916 2167 948 ι
2194 896 2571 967 Κατανοῶμεν
2618 895 2887 967 ἀλλήλους
2948 898 3029 961 είς
3097 897 3459 968 παροξυσμδν
3501 899 3687 970 ἀγάπης

2144 990 2243 1042 καὶ
2300 988 2486 1042 καλῶν
2526 988 2727 1060 ἔργων.
2752 1009 2772 1040 ι
2822 990 2958 1056 Καὶ,
2995 1007 3014 1041 ι
3050 989 3276 1044 Γίνεσθε
3335 992 3419 1055 εἰς
3464 992 3688 1061 ἀλλήλους

2140 1081 2397 1151 χρηστοὶ,
2428 1079 2820 1151 εὔσπλαγχνοι,
2861 1080 3215 1151 χαριζόμενοι
3258 1083 3500 1143 ἑαυτοῖς,
3536 1080 3688 1144 καθὼς

2141 1177 2170 1228 6
2191 1174 2430 1246 Χριστὸς
2444 1175 2752 1244 ἐχαρίσατο
2780 1174 2967 1243 ὑμῖν.»
2991 1174 3100 1226 Καὶ
3117 1174 3429 1244 ὲπιφέρει,‹
3460 1173 3574 1226 Ἐὰν
3597 1175 3688 1235 ταῖς

2141 1264 2418 1335 γλώσσαις
2448 1265 2559 1320 τῶν
2608 1263 2916 1337 ἀνθρώπων
2968 1264 3116 1318 λαλῶ
3163 1265 3263 1319 καὶ
3296 1265 3411 1318 τῶν
3456 1263 3687 1332 ἀγγέλων,

2144 1358 2366 1428 ἀγάπην
2389 1357 2449 1412 δὲ
2481 1357 2556 1428 μὴ
2578 1356 2709 1427 ἔχω,
2727 1357 2930 1426 γέγονα
2958 1357 3159 1427 χαλκὸς
3190 1357 3366 1427 ἠχῶν,
3392 1359 3424 1427 ἧ
3451 1357 3690 1425 κύμϐαλον

2145 1444 2435 1509 ἀλαλάζον.
2461 1464 2479 1497 ι
2556 1446 2750 1516 Ἡμεῖς
2809 1441 2905 1499 οὖν
2965 1448 3016 1505 οἱ
3069 1447 3312 1516 Χριστὸν
3361 1445 3690 1515 ἐνδεδυμένοι,

2146 1537 2551 1608 ἀπαιτούμεθα,
2583 1540 2644 1592 οὐ
2677 1540 2842 1608 μόνον
2877 1539 2937 1593 1:6
2968 1539 3043 1610 μὴ
3077 1543 3257 1610 μισεῖν
3291 1558 3437 1603 τινα,
3468 1538 3594 1594 ἀλλὰ
3617 1540 3692 1593 καὶ

2145 1630 2207 1683 τὸ
2233 1630 2480 1701 ἀγαπᾷν,
2508 1630 2571 1684 οὐ
2602 1631 2764 1701 μόνον
2791 1631 2920 1694 τοὺς
2951 1631 3331 1700 ἀδελφοὺςκαὶ
3360 1632 3560 1701 φίλους,
3584 1628 3695 1684 ἀλλὰ

473 1726 665 1792 loquar
678 1734 735 1777 et
757 1725 1097 1792 angelorum,
1116 1724 1438 1778 charitatem
1451 1718 1633 1778 autem
1657 1738 1765 1777 non
1795 1720 2047 1786 habeam,

2155 1725 2251 1773 καὶ
2302 1722 2431 1783 τοὺς
2468 1719 2765 1791 μισοῦντας
2811 1723 2960 1792 ἡμᾶς
3004 1724 3100 1776 καὶ
3138 1723 3543 1795 ἐχθραίνοντας.
3595 1721 3694 1776 Κᾶν

472 1814 646 1868 factus
676 1831 797 1867 sum
834 1823 1088 1882 tanquam
1108 1830 1182 1868 ars
1216 1830 1420 1869 sonans
1453 1822 1549 1871 aut
1574 1813 1883 1884 cymbalum
1941 1811 2052 1866 tin—

473 1905 630 1958 niens
659 1906 724 1958 ⁸³.
768 1925 786 1955 ι
824 1906 933 1959 Nos
987 1906 1155 1973 igitur
1204 1905 1639 1976 quiChristum
1694 1903 1993 1967 induimus,
2021 1917 2054 1957 a

472 1998 704 2051 Domino
748 1997 1089 2066 postulemus
1130 2013 1199 2052 ne
1249 2014 1353 2052 nos
1397 1998 1545 2052 sinat
1563 2012 1895 2077 quemquam
1942 2010 2055 2049 non

473 2089 650 2143 solum
672 2102 782 2141 non
803 2088 1011 2152 odisse,
1033 2088 1130 2142 sed
1152 2097 1213 2143 ut
1235 2089 1527 2159 diligamus
1550 2102 1619 2142 ex
1638 2086 1905 2142 charitate
1941 2099 2054 2139 non

470 2174 666 2229 fratres
693 2175 854 2229 modo
875 2183 971 2229 aut
1010 2177 1237 2241 amicos,
1270 2176 1367 2231 sed
1388 2186 1445 2231 et
1474 2176 1531 2231 in
1555 2189 1847 2231 commune
1867 2188 2055 2231 osores

472 2275 636 2335 atque
664 2267 917 2321 inimicos
934 2258 1180 2323 nostros.
1208 2267 1452 2323 Tametsi
1474 2267 1770 2325 adversum
1784 2282 1886 2323 nos
1911 2282 2055 2323 non-

471 2358 612 2412 nihil
645 2360 943 2429 loquantur
972 2367 1068 2413 aut
1111 2359 1335 2424 faciant,
1388 2368 1589 2415 cuncta
1627 2369 1807 2415 tamen
1849 2360 1905 2415 in
1928 2375 2055 2431 gra-

474 2452 603 2505 tiam
637 2451 837 2506 fnturae
885 2450 1299 2517 retributionis,
1345 2468 1468 2507 cum
1499 2434 1715 2509 actione
1754 2455 2054 2525 gratiarum

472 2542 795 2611 excipienda
834 2552 984 2608 sunt,
1016 2550 1072 2596 et
1099 2558 1259 2612 aequo
1301 2544 1489 2598 animo
1521 2545 1805 2601 toleranda
1831 2564 1845 2612 ;
1873 2547 2054 2601 homi-

472 2649 603 2687 num
632 2636 780 2689 enim
802 2636 995 2690 mundi
1022 2637 1181 2690 istius
1231 2645 1542 2691 amatorum
1570 2652 1634 2692 ea
1657 2651 1742 2693 est
1776 2639 2056 2693 etsolem-

473 2725 560 2778 nis
608 2727 974 2792 consuetudo,
1006 2735 1067 2781 ut
1122 2717 1267 2782 alios.
1308 2739 1733 2798 persequantur,
1769 2729 2051 2795 afﬂictent,

473 2814 862 2885 obloquantur.
924 2818 1097 2873 David
1148 2819 1348 2873 testis:
1399 2837 1418 2870 ι
1484 2819 1679 2873 Locuti
1745 2828 1895 2886 sunt,
1946 2821 2053 2886 ait,

473 2907 768 2961 adversum
809 2924 895 2963 me
929 2908 1119 2978 lingua
1171 2910 1383 2975 dolosa,
1416 2893 1473 2964 et
1521 2912 1876 2966 sermonibus
1931 2912 2051 2967 odii

481 2996 956 3054 circumdederunt
993 3014 1118 3064 me,
1178 3011 1235 3056 et
1289 3014 1742 3073 expugnaverunt
1774 3016 1860 3058 me
1929 3019 2053 3076 gra-

480 3088 637 3143 tis".
667 3110 685 3135 ι
708 3088 1183 3153 Quemadmodum
1205 3101 1261 3147 et
1287 3093 1556 3151 Dominus
1585 3095 1701 3151 suis
1723 3094 1864 3150 dixit
1882 3096 2051 3151 disci-

480 3179 618 3246 pulis
656 3195 716 3231 τι
743 3178 799 3233 Si
832 3178 899 3233 de
936 3182 1142 3235 mundo
1177 3182 1393 3247 essetis,
1435 3183 1674 3239 mundus
1702 3176 2049 3254 q‘udd‘suum

476 3276 643 3333 esset,
685 3270 940 3340 diligeret
967 3288 982 3336 ;
1009 3272 1136 3341 quia
1169 3281 1352 3327 autem
1400 3274 1467 3328 de
1494 3274 1702 3328 mundo
1749 3290 1862 3331 non
1894 3277 2050 3340 estis,

474 3370 769 3430 propterea
784 3361 902 3416 odit
921 3376 1020 3417 vos
1034 3363 1271 3418 mundus
1291 3365 1356 3419 ³⁵.
1390 3383 1407 3414 ι
1430 3358 1536 3419 Et‘:
1569 3385 1586 3416 ι
1616 3367 1670 3421 Si
1697 3367 1936 3424 mundus
1954 3384 2054 3425 vos

476 3452 612 3514 odit,
639 3452 832 3527 scitote
866 3453 995 3522 quia
1016 3468 1104 3508 me
1119 3453 1360 3522 priorem
1395 3456 1563 3510 vobis
1583 3455 1713 3510 odio
1738 3456 2001 3512 habuit".
2024 3478 2046 3510 ο

475 3539 649 3594 Infert
721 3558 735 3593 :
796 3557 814 3590 ι
862 3540 1013 3595 Beati
1061 3541 1220 3596 eritis
1266 3555 1393 3596 cum
1438 3546 1550 3597 ’νος
1601 3542 1823 3596 oderint
1872 3543 2055 3597 homi-

476 3646 598 3694 nes,
619 3640 676 3686 et
689 3632 1090 3701 separarerint,
1116 3640 1174 3688 et
1202 3633 1682 3705 exprobraverint.
1715 3643 1771 3690 et
1792 3636 2058 3707 eiecerint

475 3736 677 3776 nomen
725 3732 969 3779 vestrum
1025 3731 1286 3795 tanquam
1337 3727 1565 3790 malum,
1597 3734 1824 3796 propter
1856 3728 2056 3782 Filium

2155 1809 2265 1881 γάρ
2312 1826 2365 1862 τι
2413 1810 2538 1865 καθ’
2568 1810 2728 1882 ἡμῶν
2774 1812 3032 1866 λαλοῦσιν
3084 1812 3512 1885 ἢπράττουσιν,
3545 1814 3697 1867 πάντα

2155 1899 2496 1971 εὐχαρίστως
2518 1900 2970 1972 καταδιξώμεθα,
3005 1901 3096 1956 διὰ
3124 1900 3224 1973 τὴν
3260 1902 3560 1973 μέλλουσαν
3586 1904 3695 1958 ἀντ·

2154 1993 2436 2047 αποδοσιν.
2472 1991 2743 2047 Είώθασιν
2796 1992 2906 2063 γὰρ
2937 1993 2987 2045 oi
3016 1994 3081 2047 ἐκ
3112 1991 3209 2045 τοῦ
3237 1994 3471 2064 κόσμου,
3495 1993 3608 2056 τοὺς
3624 1993 3696 2046 tu-

2155 2086 2247 2149 τὸς
2275 2084 2368 2139 τοῦ
2399 2085 2611 2156 κόσμου
2645 2083 2863 2147 διώκειν
2895 2086 2990 2139 καὶ
3020 2083 3227 2137 θλίϐειν
3253 2088 3355 2141 καὶ
3387 2084 3692 2140 καταλαλεῖν.

2160 2196 2180 2230 ς
2216 2178 2518 2250 Ἐλάλησαν
2562 2178 2692 2248 γὰρ,
2738 2180 2924 2249 φησιν,
2965 2178 3089 2231 κατ’
3122 2177 3511 2250 ὲμοῦᾼγλώσσῃ
3551 2177 3694 2245 δολία,

2155 2270 2253 2325 καὶ
2284 2244 2465 2339 λόγοις
2518 2244 2715 2341 μίσους
2750 2244 3094 2325 *ἐκύκλωσαν
3148 2244 3239 2341 με.
3265 2244 3524 2333 inane;
3561 2244 3697 2323 καὶίὸ

2157 2361 2363 2433 Κύριος
2417 2362 2530 2424 τοῖς
2577 2361 2771 2415 ἑαυτοῦ
2833 2360 3105 2432 μαθηταῖς
3152 2379 3338 2432 φησιν,
3385 2380 3406 2415 ι
3436 2363 3493 2416 Εί
3526 2363 3582 2415 ἐκ
3618 2359 3695 2414 τοῦ

2157 2453 2366 2524 κόσμου
2418 2449 2541 2523 ἦτε,
2573 2454 2601 2507 6
2631 2452 2834 2522 κόσμος
2865 2452 2932 2505 ἂν
2968 2454 3032 2505 τὸ
3062 2451 3194 2506 ἴδιον
3240 2454 3453 2523 ὲφὶιει·
3477 2453 3554 2507 ὅτι
3573 2449 3622 2505 δὲ
3643 2452 3696 2506 ἐκ

2154 2539 2249 2593 τοῦ
2283 2539 2490 2609 κόσμου
2517 2540 2617 2592 οὐκ
2647 2540 2796 2607 ἐστὲ,
2832 2540 2946 2594 ἀλλ’
2984 2540 3098 2609 ἐγὼ
3128 2539 3472 2612 ἐξελεξάμην
3491 2544 3618 2613 ὑμᾶς
3643 2542 3696 2596 ὲκ

2153 2631 2250 2685 τοῦ
2280 2631 2509 2700 κόσμου,
2550 2630 2638 2684 διὰ
2681 2629 2839 2684 τοῦτο
2882 2635 3030 2701 μισεί
3075 2633 3221 2703 ὑμᾶς
3247 2635 3277 2687 6
3304 2635 3519 2705 κόσμος.
3545 2652 3561 2686 ι
3585 2633 3691 2695 Καὶ,

2163 2741 2180 2773 ι
2209 2722 2272 2775 Ei
2305 2721 2334 2774 6
2364 2722 2568 2792 κόσμος
2597 2722 2743 2792 ὑμᾶς
2785 2725 2956 2792 μισεῖ,
2983 2723 3291 2791 γινώσκετε
3330 2726 3415 2779 ὅτι
3443 2725 3536 2795 ἐμὲ
3570 2723 3694 2795 πρῶ·

2154 2832 2246 2870 τον
2297 2813 2458 2888 ὑμῶν
2505 2816 2880 2886 μεμίσηκεν.»
2930 2817 3044 2870 Καὶ
3085 2811 3371 2889 ἐπιφέρει,
3414 2814 3694 2887 «Μακάριοι

2155 2910 2279 2962 ἐστε
2315 2906 2445 2961 ὅταν
2491 2908 2801 2978 μισήσωσιν
2834 2904 2979 2978 ὑμᾶς
3000 2910 3050 2962 oi
3080 2908 3391 2978 ἄνθρωποι,
3424 2909 3694 2978 καὶὰφορί-

2159 3014 2347 3065 σωσιν,
2393 2998 2489 3051 καὶ
2531 2997 2889 3064 ὀνειδίσωσιν,
2935 3000 3031 3055 καὶ
3092 3000 3404 3056 ἐκϐάλωσιν
3460 3001 3518 3055 τὸ
3554 3000 3693 3069 ὄνομα

2159 3091 2315 3162 ὐμῶν
2345 3091 2421 3154 ὡς
2456 3091 2716 3161 πονηρὸν,
2750 3091 2939 3147 ἕνεκεν
2978 3093 3073 3146 τοῦ
3108 3084 3244 3151 Υἱοῦ
3268 3096 3370 3149 τοῦ
3402 3094 3690 3165 ἀνθρώπουσ

2158 3183 2381 3254 χαίρετε
2407 3185 2503 3240 καὶ
2533 3183 2873 3251 ἀγαλλιᾶσθε
2900 3187 2985 3240 ὅτι
3015 3189 3045 3245 ὁ
3072 3186 3266 3256 μισθὸς
3294 3190 3452 3260 ὑμῶν
3475 3186 3622 3249 πολὺς
3646 3185 3693 3237 ἐν

2156 3276 2273 3337 τοῖς
2305 3273 2574 3347 οὐρανοῖς.
2603 3294 2622 3327 ι
2655 3274 2766 3328 Καὶ
2786 3275 2972 3342 πάλιν,
3002 3296 3022 3329 ι
3058 3278 3345 3347 Ἀγαπᾶτε
3361 3282 3486 3343 τοὺς
3506 3277 3694 3349 ἐχθροὺς

2161 3365 2339 3435 ὑμῶν,
2372 3365 2553 3428 καλῶς
2575 3369 2783 3421 ποιεῖτε
2809 3370 2921 3431 τοῖς
2962 3369 3213 3439 μισοῦσιν
3246 3372 3418 3442 ὑμᾶς,
3441 3370 3527 3424 καὶ
3556 3381 3694 3440 προσν

2158 3457 2386 3528 εύχεσθε
2451 3457 2596 3528 ὑπὲρ
2644 3456 2755 3513 τῶν
2792 3459 3217 3530 ’ἐπηρεαζόντων
3265 3462 3417 3535 ὑμᾶς
3467 3462 3552 3518 καὶ
3591 3459 3692 3512 διω-

2154 3551 2383 3615 κόντων,
2409 3551 2560 3616 ὅπως
2579 3551 2818 3624 γένησθε
2844 3553 2950 3608 υἱοὶ⁵
2977 3553 3073 3606 τοῦ
3113 3553 3336 3624 Πατρδς
3366 3553 3512 3624 ὑμῶν
3544 3547 3624 3604 τοῦ
3646 3548 3692 3601 ἐν

2153 3642 2590 3714 ωϊςλώρανοτς.
2620 3662 2640 3696 ι
2695 3636 2854 3715 Αὐτῷ
2908 3646 2943 3716 ἡ
3002 3641 3131 3713 δόξα
3192 3647 3275 3708 είς
3329 3645 3455 3709 τοὺς
3506 3640 3688 3701 αἰῶνας.

2167 3732 2365 3804 Ἀμήν.
3278 3744 3289 3751 ‘

474 3814 720 3870 hominis
762 3815 1046 3887 :gaudete
1090 3825 1148 3872 et
1179 3817 1471 3883 exsultate,
1522 3819 1789 3889 quoniam
1834 3810 2052 3877 merces
2091 3833 2273 3879 vestra
2321 3827 2493 3881 multa
2558 3836 2643 3882 est
2676 3827 2740 3882 in
2802 3827 2959 3884 caelis
3018 3828 3085 3884 ⁸⁷.
3125 3847 3144 3880 ι
3181 3827 3392 3883 lterum
3419 3845 3433 3882 :
3465 3844 3483 3878 ι
3513 3820 3689 3892 Diligite

475 3899 731 3959 inimicos
782 3913 1016 3968 vestros,
1084 3905 1392 3961 benefacite
1419 3907 1509 3961 iis‘
1538 3909 1649 3976 qui‘
1692 3908 1932 3962 oderunt
2003 3927 2114 3978 vos,
2158 3923 2216 3969 et
2241 3925 2397 3973 orate
2426 3932 2528 3987 pro
2558 3917 3025 3974 calumniantibus
3051 3926 3110 3974 et
3133 3917 3686 3990 persequentibusvm

476 4008 538 4053 ut
571 3999 692 4055 sitis
724 3998 820 4054 ﬁlii
868 3999 1051 4055 Patris
1098 4002 1270 4058 vestri
1299 4001 1398 4072 qui
1419 4003 1476 4057 in
1497 4082 1505 4087 υ
1528 4004 1683 4057 caelis
1720 4012 1807 4057 est
1827 4003 1892 4057 ".
1930 4024 1948 4056 ι
1983 4006 2001 4061 1
2044 4006 2090 4061 si
2131 4008 2307 4078 gloria
2335 4010 2390 4064 in
2422 4011 2624 4066 saecula
2655 4012 3005 4067 mulorum.
3032 4011 3229 4067 Amen.

1038 4141 1325 4203 uomuit
1355 4124 1559 4199 Lvm.'

470 4253 685 4310 Nemini
732 4253 1096 4309 insultantium
1136 4257 1193 4309 in
1219 4257 1506 4338 omniane
1538 4267 1872 4328 autmggore
1893 4260 2060 4313 nationi

1081 4335 1307 4381 constitit
1314 4335 1386 4383 ιο.

532 4438 806 4493 Insultare
826 4439 1207 4509 cujuscunque
1228 4439 1461 4495 tandem
1474 4439 1815 4496 conditionis
1838 4440 2049 4495 homini

475 4528 836 4598 tribulatione
858 4530 1117 4600 quapiam
1146 4542 1244 4587 aut
1277 4534 1357 4587 rei
1388 4534 1687 4603 peculiaris
1710 4535 1926 4603 jactura
1948 4532 2051 4585 mi-

473 4634 595 4674 sere
638 4620 866 4685 afflicto,
900 4622 1005 4676 viri
1033 4633 1203 4678 .certc
1258 4635 1347 4679 est
1389 4635 1592 4680 temere
1645 4624 2050 4687 insolescentis,

470 4728 584 4767 non
639 4714 843 4767 mentis
891 4714 1028 4768 satis
1083 4716 1333 4771 sincera.
1370 4717 1549 4772 Verus
1591 4717 1682 4773 hic
1716 4732 1775 4772 se
1826 4717 2049 4770 illorum

473 4802 675 4872 probat
728 4818 788 4855 re
841 4803 961 4872 ipsa
1021 4816 1335 4861 consortem
1398 4806 1496 4877 qui
1553 4806 1704 4861 cruci
1760 4803 2055 4860 Dominum

471 4892 729 4959 ﬁxerunt,
766 4895 853 4948 cui
887 4901 944 4949 et
971 4910 1002 4949 a
1029 4898 1199 4951 crucc‘
1226 4897 1486 4967 pendenti
1515 4896 1773 4952 dicebant
1827 4913 1839 4948 :
1874 4914 1889 4945 ι
1918 4894 2056 4959 Vah,

471 4985 563 5058 qui
598 4986 840 5042 deStrnis
867 4989 1131 5059 templum
1162 4990 1282 5053 Dei,
1316 4999 1374 5044 ct
1403 4989 1456 5043 in
1485 4989 1663 5044 tribus
1690 4987 1890 5042 diebus
1912 4987 2061 5041 exci—

476 5087 556 5131 tas
588 5076 723 5131 illud
747 5118 763 5142 ,
795 5077 945 5132 salva
994 5080 1346 5149 temetipsum
1389 5079 1457 5130 ⁸³.
1488 5097 1507 5128 ι
1549 5077 1664 5131 lloc
1692 5076 1853 5145 plane
1895 5075 2043 5144 ﬂagi-

470 5167 597 5223 tiosi
626 5178 711 5223 est
740 5168 983 5225 hominis
1004 5181 1061 5225 et
1092 5171 1311 5226 nefarii.
1343 5168 1559 5224 Etenim
1594 5183 1693 5237 pes
1718 5168 1765 5222 si
1791 5167 1905 5221 fors
1946 5166 2051 5220 illi.-

469 5260 624 5324 serit,
662 5269 760 5313 aut
810 5261 1044 5325 labatur,
1097 5277 1230 5314 num
1285 5259 1571 5313 insultabit
1620 5274 1815 5313 manus
1853 5258 2049 5313 ?Sane

471 5365 560 5406 res
598 5352 717 5407 haec
743 5353 798 5407 in
827 5353 1109 5409 diversum
1155 5352 1311 5418 abit;
1339 5367 1465 5407 nam
1493 5336 1601 5408 olei
1630 5350 1908 5406 infusione
1952 5359 2049 5404 aut

2636 4201 2651 4215 ,.
2748 4153 2970 4208 ΛΟΓΟΣ
3000 4153 3137 4207 ΝΗ’.

2486 4300 2493 4303 κ
2552 4264 2693 4332 Περὶ
2739 4264 2847 4319 τοῦ
2874 4264 2965 4336 μὴ
2989 4263 3330 4335 ἐπιχαίρειν

2226 4439 2301 4492 T6
2330 4438 2637 4510 ἐπιχαίρειν
2672 4441 2972 4512 οίῳδήποτε
3029 4441 3310 4513 ἀνθρώπῳ
3354 4443 3413 4495 ἐν
3444 4437 3628 4508 θλίψει,
3655 4429 3679 4502 ἦ

2157 4536 2215 4585 ὲν
2242 4531 2437 4603 ζημίᾳ,
2473 4533 2511 4603 ἢ
2548 4535 2604 4586 ὲν
2636 4533 2862 4597 πτώσει,
2889 4534 3182 4604 ἀνθρώπου
3212 4536 3333 4601 ἐστὶ
3392 4541 3678 4601 περπερευο-

2160 4623 2345 4692 μένου
2379 4625 2474 4678 καὶ
2509 4625 2777 4695 ἐξιτήλου·
2814 4624 3019 4696 μᾶλλον
3043 4625 3098 4685 δὲ
3128 4623 3387 4680 κοινωνοῦ
3420 4621 3519 4676 τῶν
3548 4633 3677 4671 σταυ·

2161 4716 2452 4785 ρωσάντων
2483 4714 2576 4768 τὸν
2620 4714 2852 4787 Κύριον.
2896 4717 3063 4770 Αὐτοὶ¹
3092 4718 3201 4787 γὰρ
3245 4716 3448 4784 ἔλεγον,
3478 4732 3494 4765 ι
3524 4703 3678 4764 Οὐαὶὸ

2159 4805 2444 4860 καταλύων
2473 4807 2564 4865 τὸν
2592 4807 2738 4872 ναὸν,
2778 4810 2871 4861 καὶ
2901 4809 2959 4863 ὲν
2988 4808 3169 4874 τρισὶν
3216 4807 3452 4878 ἡμέραις
3490 4798 3677 4868 ἐγείρων

2160 4899 2347 4963 αὑτὸν,
2376 4899 2551 4953 σῶσον
2592 4899 2840 4953 σεαυτόν.
2881 4917 2898 4949 ι
2934 4898 3106 4952 Τοῦτο
3150 4897 3207 4951 δὲ
3248 4895 3505 4967 ἀθέμιτόν
3540 4893 3673 4944 ἐστιν·

2162 4990 2236 5041 Οὐ
2258 4990 2368 5060 γὰρ
2396 4990 2492 5043 ἐὰν
2524 4989 2807 5061 προσκόψῃ
2851 4992 2879 5044 6
2923 4989 3078 5056 ποῦς,
3129 4993 3473 5062 ἐπιχαίρεται
3510 4980 3673 5055 ἠχείρρ

2161 5079 2489 5134 Τουνοιντίον
2518 5081 2617 5150 μὲν
2660 5074 2755 5133 οὖν
2797 5080 2895 5135 καὶ
2943 5081 3326 5151 ἐπιμελεῖται,
3358 5080 3389 5151 ἢ
3421 5078 3484 5131 δι’
3509 5072 3672 5129 ἐλαίου.

2156 5168 2188 5239 ἦ
2233 5169 2299 5223 δι’
2329 5172 2704 5243 ὲμπλάστρου.
2737 5172 2906 5243 Εἴπερ
2955 5172 3015 5226 ἓν
3061 5172 3225 5243 σῶμά
3273 5174 3457 5241 ἐσμεν,
3498 5168 3554 5221 οὐ
3592 5158 3674 5232 χρὴ

2154 5257 2247 5314 οὖν
2271 5263 2580 5334 καταγελᾷν
2608 5266 2701 5317 καὶ
2723 5265 3027 5335 ἐπιχαίρειν
3056 5265 3154 5319 τοῦ
3181 5264 3314 5318 ἰδίου
3335 5262 3538 5334 μέλους,
3564 5249 3673 5308 ἀλλά

2158 5352 2468 5419 συναλγεῖν,
2509 5353 2600 5406 καὶ
2638 5357 3007 5425 συμπάσχειν,
3042 5353 3186 5409 κατὰ
3230 5354 3386 5423 λόγον
3423 5347 3510 5404 τοῦ
3549 5345 3672 5397 Ἀπο-

509 5501 548 5535 ⁴⁷
585 5504 932 5571 l’r0v.xxrtn.
955 5512 1041 5567 27.
1118 5508 1163 5538 δ’
1192 5507 1573 5572 lJoan.n,ll.
1650 5507 1906 5562 M'lJoan.
1941 5506 1994 5567 4,
2019 5505 2049 5559 Ξ

2189 5508 2235 5537 ⁵ο
2262 5509 2435 5564 Levit.
2459 5526 2565 5573 xix,
2594 5511 2680 5563 l7.
2736 5514 2778 5544 "
2807 5510 2975 5564 llebr.
3005 5511 3166 5576 μοι.
3244 5512 3291 5543 "
3309 5506 3575 5576 Ephcs.tv,

473 5577 517 5607 "
547 5578 563 5629 I
596 5577 721 5631 Cur.
760 5595 871 5638 xm,
901 5568 949 5630 1⁷.
1044 5581 1089 5611 '5‘
1120 5581 1259 5633 Psztl.
1284 5594 1429 5644 cvm,
1455 5568 1513 5633 ’5.

477 5645 520 5676 ”
557 5649 745 5700 Matth.
798 5665 965 5709 xxv",
1020 5652 1109 5706 60.

1616 5582 1660 5612 ’δ
1690 5579 1848 5635 Joan.
1882 5593 1967 5641 XV,
2002 5581 2084 5633 l9.

2177 5580 2222 5610 δε
2248 5579 2381 5634 ibid.
2418 5580 2498 5634 ts.
2556 5567 2564 5573 '
2594 5582 2637 5612 δ’
2660 5581 2792 5636 Luc.
2822 5599 2891 5647 γι,
2924 5583 3014 5647 ea,
3043 5567 3135 5637 εδ.
3234 5581 3280 5613 ιε
3302 5567 3481 5638 manu.
3519 5586 3564 5637 ν,
3594 5567 3662 5621 ιι.
