3986 6148
378 282 510 350 1609

1019 275 1372 348 HOMILIA’
1403 292 1614 361 LVIII.
1653 316 1720 327 —
1758 288 2120 351 AFFLICTO
2157 292 2315 352 NON
2360 274 2943 359 INSULTANDUM.

3464 301 3595 367 1610

370 398 580 465 στόλου,
626 400 688 451 οὗ
725 400 882 470 μόνον
923 396 978 452 δέ
1028 394 1091 483 τί)
1124 400 1458 474 ἐπιχαίρειν,
1492 405 1604 458 ἀλλ’
1636 404 1755 459 οὐδὲ
1786 405 1914 467 ὅλωξΙ

2023 407 2342 475 emplastro,
2386 398 2519 474 pedi
2542 401 2813 462 medetur.
2850 408 3130 480 Siquidem
3176 425 3342 465 unum
3397 428 3599 483 corpus

369 488 591 543 ἀκούειν
638 489 926 560 δυστυχίαν
971 479 1285 561 ἀνθρώπου.
1340 496 1403 546 Oi
1453 496 1562 565 γὰρ
1599 495 1770 558 οὕτως
1815 496 1925 549 τῶν

365 579 625 634 τοιούτων
654 581 916 653 ῥημάτων
937 581 1252 649 ἀκούοντες,
1272 584 1371 653 τῆς
1394 584 1602 649 οἰκείας
1619 584 1928 654 προθέσεως

366 674 493 736 τοὺς
516 675 768 743 καρποὺς
804 675 1099 744 τρυγῶσιν.
1124 678 1237 731 Καὶ⁵
1282 677 1358 747 μὴ
1384 677 1570 748 νόμιζε
1605 680 1788 731 πᾶσαν
1815 676 1927 731 θλί-

362 761 455 831 ψιν
495 763 567 816 δι’
603 764 883 833 ἁμαρτίαν
917 766 1245 836 ἐπέρχεσθαι
1276 768 1386 830 τοῖς
1421 767 1728 838 ἀνθρώποις
1751 786 1764 798 ·
1791 768 1926 821 εἰσὶν

363 849 471 920 γάρ
503 867 644 914 τινες
692 853 1119 922 εὐαρεστοῦντες
1150 855 1244 907 καὶ
1272 855 1681 926 πειραζόμενοι·
1709 857 1927 918 ἀσεϐεῖς

362 943 470 1012 γὰρ
494 944 591 996 καὶ⁸
612 944 804 1013 ἄνομοι
843 945 1330 1016 ἐκδιωχθήσονται.
1373 948 1644 1010 Ὡσαύτως
1667 948 1762 1000 καὶ
1797 965 1815 998 ι
1855 949 1918 1000 Ol

364 1034 607 1097 εὐσεϐῶς
644 1035 893 1098 θέλοντες
923 1036 1024 1105 ζῇν
1065 1038 1122 1089 ἐν
1167 1036 1409 1106 Χριστῷ,
1447 1037 1860 1107 διωχθήσονται,
1900 1057 1918 1089 ι

361 1122 544 1185 καθὼς
595 1124 691 1176 καὶ
744 1125 850 1177 ὑπὸ
903 1125 998 1177 τοῦ
1050 1127 1461 1197 Παροιμιαστοῦ
1519 1126 1920 1196 παιδευόμεθα’

338 1213 496 1281 ,φησὶ
528 1213 656 1282 γὰρ,
699 1232 718 1265 ι
764 1215 887 1267 Ἐὰν
925 1217 1066 1287 πέσῃ
1105 1218 1133 1268 6
1172 1217 1364 1287 ἐχθρός
1396 1234 1511 1278 σου,
1545 1216 1622 1286 ’μὴ
1656 1217 1924 1286 ἐπιχειρῇς

358 1300 527 1369 αὐτῷ.
573 1302 661 1353 Ἐν
689 1302 746 1354 δέ
777 1302 852 1372 τῷ
883 1304 1315 1371 ὑποσκελίσματι
1354 1302 1518 1357 αὐτοῦ
1559 1303 1636 1373 μὴ
1668 1304 1922 1372 ἐπαίρου.

360 1390 569 1458 μήποτε
604 1390 768 1461 ἐπίδῃ
800 1391 1033 1462 Κύριος,
1067 1393 1162 1445 καὶ
1200 1394 1298 1445 οὐκ
1343 1393 1514 1462 ἀρέσῃ
1548 1392 1714 1461 αὐτῷ.
1756 1412 1775 1445 ι
1812 1393 1923 1445 Καὶ

355 1479 526 1532 ταῦτα
562 1480 660 1550 μὲν
680 1481 811 1551 περὶ
840 1482 1058 1552 ἐχθροῦ.
1093 1482 1224 1547 Καὶ,
1265 1501 1282 1532 ι
1338 1483 1394 1534 '0
1423 1482 1724 1552 ἐπικαίρων
1752 1483 1922 1537 ἀπολ-

355 1570 572 1640 λυμένῳ
621 1571 722 1624 οὐκ
770 1571 1184 1642 άθωωθήσετάι.
1235 1591 1253 1622 ι
1292 1572 1399 1623 Καὶ
1430 1572 1613 1637 πάλιν,
1647 1590 1666 1622 ε
1697 1573 1834 1625 Οὐαὶ
1871 1574 1919 1625 οἱ

353 1662 770 1732 εὐφραινόμενοι
819 1663 919 1715 ἐπὶ
950 1666 1143 1727 κακοῖς
1162 1706 1176 1726 ,
1225 1664 1320 1715 καὶ
1360 1664 1642 1732 χαίροντες
1670 1665 1763 1716 ἐπὶ
1793 1665 1910 1718 δια-

355 1755 562 1823 στροφῇ
605 1755 770 1823 κακῇ.
816 1771 833 1803 ι
883 1754 995 1807 Καὶ
1029 1753 1207 1819 αὖθις,
1250 1772 1269 1805 ι
1309 1754 1502 1823 Παγίδι
1539 1755 1909 1825 άλωθήσονται
1941 1735 1985 1791 Β

351 1843 399 1894 οἱ
427 1842 845 1912 εὐφραινόμενοι
903 1844 999 1896 ἐπὶ
1052 1844 1257 1897 πτώσει
1304 1844 1566 1909 εὐσεϐῶν,
1613 1845 1708 1900 καὶ
1746 1846 1909 1915 ὀδύνη

351 1931 713 1984 άνταναλῶσει
738 1933 936 1996 αὐτοὺς
970 1932 1078 2003 πρὸ
1105 1933 1198 1985 τοῦ
1228 1933 1459 1987 θανάτου
1486 1933 1686 1988 αὐτῶν.
1723 1952 1740 1986 ι
1775 1936 1908 2001 Καὶ,

358 2038 375 2069 ι
398 2018 684 2089 Μνήσθητε
701 2018 800 2081 τὰς
825 2019 1038 2088 ἡμέρας
1053 2019 1146 2070 τοῦ
1177 2020 1421 2084 σκότους,
1436 2019 1518 2071 ὅτι
1547 2016 1737 2071 πολλαὶ
1758 2018 1910 2072 ἔσον-

349 2125 456 2164 ται.
492 2128 510 2160 ι
554 2111 613 2162 '0
654 2110 710 2163 δὲ
747 2109 1039 2179 ἄμεμπτος
1080 2108 1219 2172 Ἰὼϐ,
1259 2127 1277 2159 ι
1320 2110 1380 2162 Et
1423 2109 1481 2162 δὲ
1510 2110 1604 2163 καὶ
1642 2109 1911 2181 ἐπιχαρὴς

349 2202 650 2271 ἐγενόμην,
696 2202 882 2271 φησὶν,
937 2202 1030 2254 ἐπὶ
1075 2200 1332 2271 πτώματι
1389 2200 1597 2271 ἐχθρῶν
1649 2220 1782 2271 μου,
1815 2203 1912 2255 καὶ

349 2287 500 2344 εἶπεν
523 2292 557 2361 ἡ
581 2291 777 2362 καρδία
805 2308 927 2361 μου,
980 2287 1141 2360 Εὖγε.
1187 2310 1205 2342 ι
1259 2290 1368 2344 Καὶ
1396 2293 1423 2344 6
1452 2291 1720 2364 μακάριος
1765 2292 1914 2346 Παῦ-

348 2386 446 2448 λος
475 2427 490 2451 ,
540 2385 872 2454 ἐπιστέλλων
910 2385 1204 2454 Ῥωμαίοις
1250 2385 1455 2453 ἔλεγεν,
1502 2403 1523 2436 ι
1563 2387 1626 2439 Εί
1671 2386 1727 2439 δέ
1766 2396 1913 2449 τινες

347 2474 456 2526 τῶν
504 2472 714 2527 κλάδων
742 2472 1175 2543 ἐξεκλάσθησαν,
1226 2474 1290 2527 σὺ
1341 2472 1398 2526 δέ
1443 2475 1757 2543 ἀγριέλαιος
1811 2473 1909 2541 ὢν,

354 2562 766 2634 ἐνεκεντρίσθης
805 2565 863 2617 ἐν
896 2564 1098 2628 αὐτοῖς,
1124 2563 1216 2618 καὶ
1245 2567 1603 2633 συγκοινωνὸς
1633 2567 1729 2637 τῆς
1760 2567 1914 2639 ῥίζης

350 2654 442 2708 κα)⁵
475 2657 576 2726 τῆς
600 2656 860 2726 πιότητος
886 2657 988 2726 τῆς
1014 2656 1198 2719 ἐλαίας
1221 2657 1430 2726 ἐγένου,
1474 2659 1549 2729 μὴ
1580 2660 1913 2731 κατακαυχῶ

348 2747 458 2800 τῶν
487 2747 727 2801 κλάδων·
758 2750 807 2801 εί
854 2748 910 2801 δέ
958 2751 1396 2819 κατακαυχᾶσαι,
1427 2751 1488 2803 οὐ
1532 2748 1596 2803 σὺ
1628 2751 1725 2822 τὴν
1757 2753 1911 2822 ῥίζαν

350 2837 661 2906 βαστάζεις,
691 2837 808 2891 ἀλλ’
844 2840 877 2909 ἡ
909 2840 1034 2909 ῥίζα
1066 2840 1145 2893 σέ.
1191 2841 1365 2911 Ἐρεῖς
1388 2836 1502 2909 οὖν,
1540 2836 1911 2915 Ἐξεκλάσθη-

348 2941 448 2978 σαν
474 2927 522 2978 οί
550 2926 758 2989 κλάδοι,
791 2926 875 2979 ἵνα
906 2927 1016 2996 ἐγὼ
1047 2930 1443 3000 ἐγκεντρισθῶ,
1480 2933 1662 2997 καλῶς
1688 2937 1753 3006 τῇ
1784 2936 1912 2989 άπι-

348 3013 473 3112 στία
518 3012 952 3112 ἐξεκλάσθησαν·
987 3016 1050 3112 συ
1086 3016 1153 3112 δὲ
1173 3020 1261 3112 -τῇ
1305 3018 1487 3112 τιίστει
1539 3020 1800 3092 ἕστηκας,
1832 3023 1907 3094 μὴ
1935 3050 1983 3112 ο

345 3099 728 3170 ὑψηλοφρονει,
771 3101 908 3155 ἀλλὰ
945 3102 1137 3170 φοϐοῦ.
1170 3104 1234 3158 Εἰ
1261 3105 1368 3176 γὰρ
1398 3107 1425 3159 6
1464 3106 1599 3171 Θεὸς
1623 3109 1731 3163 τῶν
1764 3111 1906 3165 κατά

344 3187 502 3254 φύσιν
545 3188 756 3240 κλάδων
802 3189 901 3242 οὐκ
937 3189 1213 3257 ἐφείσατο,
1262 3191 1386 3244 οὑδέ
1426 3192 1521 3245 σοῦ
1568 3192 1831 3261 φείσεται.
1882 3214 1901 3247 ι

344 3278 454 3330 Καὶ
490 3278 762 3346 ἐπιφέρει,
799 3298 817 3331 ι
866 3279 931 3331 Ἡ
961 3280 1152 3350 ἀγάπη
1180 3281 1241 3334 οὐ
1270 3281 1448 3352 χαίρει
1478 3284 1574 3336 ἐπὶ
1598 3286 1663 3355 τῇ
1700 3285 1902 3358 ἀδικίᾳ,

344 3365 714 3437 συγχαίρειδέ
754 3368 820 3437 τῇ
865 3366 1111 3438 ἀληθείᾳ.
1174 3388 1193 3419 ι
1247 3369 1340 3440 Μὴ
1379 3370 1473 3424 οὖν
1517 3371 1902 3444 ἀνασχώμεθα,

343 3457 640 3527 ἀγαπητοὶ,
669 3456 760 3509 τοῦ
789 3457 1188 3520 ὑποϐάλλοντος
1214 3462 1346 3530 ἡμῖν
1372 3460 1569 3531 ἐχθροῦ
1597 3463 1907 3536 ἐπιχαίρειν

341 3550 455 3610 τοῖς
490 3548 585 3600 τοῦ
618 3547 846 3617 πλησίον
877 3549 1090 3614 κακοῖς,
1120 3549 1207 3602 ἵνα
1237 3549 1313 3618 μὴ
1344 3550 1439 3602 καὶ
1471 3552 1631 3621 ἡμεῖς
1670 3556 1780 3617 τοῖς
1806 3555 1905 3608 αὐ-

341 3640 455 3699 τοῖς
492 3639 905 3707 περιπέσωμεν.
948 3637 1114 3705 Ἀτάρ
1157 3639 1267 3708 γάρ
1296 3655 1461 3708 φησιν
1497 3641 1526 3691 6
1563 3640 1703 3693 Ἰὡϐο
1736 3660 1755 3693 ι
1794 3643 1904 3696 Καὶ

346 3728 502 3796 ὑμεῖς
547 3725 782 3795 ἐπέϐητέ
830 3742 921 3795 μοι
972 3725 1388 3796 άνελεημόνως,
1423 3726 1563 3781 ὥστε
1596 3730 1797 3794 ἰδόντες
1841 3732 1903 3785 τὸ
1946 3724 1963 3733 ’

344 3818 478 3887 ἐμὸν
507 3816 756 3887 τραῦμα,
790 3815 1119 3886 ἐφοϐήθητε.
1172 3835 1192 3868 ι
1238 3817 1431 3886 Ἡμεῖς
1474 3814 1568 3871 οὖν
1595 3819 1900 3891 εὐξώμεθα,

345 3907 482 3977 μετὰ
519 3907 613 3960 τοῦ
650 3907 814 3961 Δαυῒδ
854 3907 1122 3975 λέγοντες,
1173 3925 1193 3957 ι
1238 3906 1329 3977 Μὴ
1376 3907 1685 3979 ἀπορῤίψῃς
1732 3927 1800 3980 με
1825 3914 1906 3973 είς

255 3990 259 3995 ’
340 3997 530 4067 καιρὸν
563 3998 767 4067 γήρους
820 3999 877 4049 ὲν
914 3996 995 4067 τῷ
1031 3996 1304 4050 ἐκλείπειν
1329 3998 1430 4068 τὴν
1466 3998 1620 4069 ἰσχύν
1665 4018 1797 4070 μου·
1831 4001 1906 4073 μὴ

338 4085 739 4156 ἐγκαταλείπῃς
771 4102 860 4156 με,
889 4086 970 4139 ὅτι
1011 4080 1173 4139 εἶπαν
1197 4087 1244 4139 οἱ
1281 4086 1605 4158 ἐχθροί’μου
1631 4092 1779 4159 ἐμοὶ,
1808 4093 1904 4145 καὶ

266 4174 275 4180 ’
336 4177 387 4228 οἱ
410 4175 774 4244 φυλάσσοντες
800 4177 901 4245 τὴν
935 4175 1115 4247 ψυχήν
1144 4192 1248 4245 μου
1277 4176 1675 4233 ἐϐουλεύσαντο
1718 4183 1811 4234 ἐπὶ
1842 4184 1905 4236 τὸ

343 4267 497 4327 αὐτό,
536 4266 807 4334 λέγοντες
856 4267 913 4319 '0
954 4267 1087 4330 Θεὸς
1128 4268 1485 4335 ἐγκατέλιπεν
1517 4272 1700 4338 αὐτὸν,
1734 4290 1906 4329 κατα-

2029 510 2238 565 sumus,
2272 496 2414 552 nihil
2434 492 2613 551 minus
2636 509 3064 556 consentaneum
3095 501 3294 555 rationi
3314 503 3407 567 sit,
3431 519 3594 573 quam

2027 602 2197 642 unum
2250 586 2473 660 aliquod
2495 589 2745 660 corporis
2787 591 3091 646 membrum
3151 592 3297 662 quod
3342 595 3593 649 nonnihil

2027 677 2341 746 afﬂictetur,
2362 680 2569 737 habere
2604 681 2832 746 derisui,
2860 698 2923 736 ac
2951 680 3182 751 proinde
3218 683 3398 737 eidem
3422 684 3597 739 insul-

2026 772 2402 837 tareuPotius
2442 774 2597 829 enim
2637 773 3006 829 conveniebat
3036 773 3116 827 sic
3158 774 3356 828 misere
3389 774 3591 829 afﬂicto

2026 859 2116 927 pio
2147 862 2543 930 compassionis
2564 862 2764 918 aﬂ‘ectu
2792 860 3137 918 indolescere
3189 870 3246 917 et
3282 866 3590 933 congemis-

2023 964 2172 1017 cere,
2224 954 2380 1022 juxta
2451 954 2695 1023 Apostoli
2739 953 2987 1009 verbum.
3034 953 3148 1010 Nec
3186 954 3364 1008 solum
3400 955 3592 1009 alienae

2022 1040 2329 1097 infelicitati
2352 1045 2726 1099 insultandum
2753 1061 2860 1099 non
2895 1054 2998 1111 est,
3019 1044 3112 1100 sed
3137 1060 3205 1100 ne
3227 1046 3340 1098 ullo
3370 1042 3591 1114 quidem

2021 1141 2181 1200 pacto
2228 1133 2521 1192 calamitati
2583 1136 2775 1190 alienae
2823 1132 3106 1190 insultanti
3184 1131 3591 1189 commodandae

2021 1237 2186 1277 aures
2252 1233 2399 1279 sunt.
2462 1224 2564 1290 Qul
2634 1224 2781 1280 enim
2829 1234 2935 1280 tam
2981 1227 3081 1279 toti
3131 1225 3473 1295 propendent
3521 1225 3588 1278 ad

2020 1313 2394 1369 exaudiendus
2432 1316 2734 1370 delationes
2758 1317 3051 1385 ejusmodi,
3084 1318 3170 1371 sui
3189 1319 3298 1387 jam
3316 1315 3586 1387 propositi

2019 1400 2352 1456 vindemiant
2397 1403 2631 1458 fructus.
2675 1405 2837 1474 Atqui
2882 1406 3048 1460 nolim
3091 1414 3269 1475 putes,
3319 1406 3587 1475 quidquid

2018 1492 2258 1547 adversae
2282 1503 2335 1547 et
2357 1493 2629 1550 afﬂictivae
2656 1497 2736 1550 rei
2758 1496 3029 1567 contingit
3048 1496 3368 1551 hominibus
3386 1478 3586 1551 ascribi

2019 1576 2219 1634 debere
2272 1594 2489 1652 semper
2520 1581 2760 1653 ipsorum
2790 1587 3029 1654 peccatis
3070 1603 3084 1651 ;
3116 1585 3382 1655 quosdam
3438 1586 3587 1643 enim

2016 1669 2288 1741 invenias,
2344 1670 2438 1739 qui
2472 1672 2573 1726 etsi
2609 1672 2720 1727 Deo
2751 1674 2970 1743 gratiosi
3008 1674 3139 1739 sint,
3169 1683 3452 1729 tentantur
3507 1684 3589 1728 ta-

2014 1773 2159 1812 men.
2222 1758 2508 1815 Diversum
2550 1762 2818 1834 contingit
2870 1764 2990 1819 istis
3028 1780 3059 1818 a
3123 1762 3325 1832 pietate
3361 1779 3424 1832 ac
3469 1764 3586 1835 lege

2008 1846 2319 1906 Christiana
2338 1850 2703 1924 alienis,quos
2724 1852 3000 1909 credimus
3022 1856 3318 1924 relegatum
3341 1854 3405 1908 iri
3425 1870 3454 1907 a
3475 1870 3590 1923 reg-

2010 1951 2103 2000 no,
2133 1940 2433 2007 etproinde
2453 1942 2761 2010 puniendos
2779 1944 3018 2013 .1118
3039 1943 3118 1996 Ad
3144 1943 3291 1996 hunc
3324 1941 3585 2015 modum.

2019 2045 2036 2076 ι
2065 2025 2170 2092 Qui
2204 2029 2292 2097 pie
2326 2030 2517 2085 volunt
2565 2031 2751 2086 vivere
2789 2032 2842 2086 in
2881 2031 3119 2095 Christo,
3149 2030 3586 2101 persecutionem

2010 2114 2291 2183 patientur
2320 2119 2386 2182 ⁸ο,
2423 2136 2441 2169 ι
2484 2120 2947 2188 quemadmodum
2993 2120 3177 2175 verbis
3218 2120 3586 2175 Parmmiasta:

2009 2203 2314 2260 erudimur.
2340 2205 2388 2262 ls
2410 2207 2555 2261 enim
2578 2208 2656 2262 ait
2681 2227 2695 2261 :
2728 2227 2745 2259 ι
2775 2207 2832 2262 Si
2859 2209 3122 2264 ceciderit
3146 2204 3404 2263 inimicus
3434 2217 3583 2270 tuus,

2010 2305 2080 2345 ne
2107 2292 2344 2361 gaudeas
2376 2308 2543 2362 super
2573 2308 2661 2359 eo,
2687 2302 2743 2350 et
2779 2297 2835 2351 in
2886 2296 3331 2366 supplantatione
3362 2298 3484 2367 ejus
3515 2313 3585 2350 ne

2010 2379 2239 2435 extollas
2267 2389 2341 2446 te,
2378 2397 2448 2436 ne
2494 2382 2637 2438 forte
2672 2383 2859 2439 videat
2896 2385 3184 2450 Dominus,
3220 2393 3276 2439 et
3320 2400 3430 2439 non
3463 2384 3583 2454 pla-

2011 2478 2131 2524 ceat
2161 2470 2212 2525 ei
2241 2472 2306 2525 ⁶¹.
2341 2491 2359 2524 ι
2398 2473 2465 2527 Et
2494 2474 2611 2528 haec
2648 2474 2871 2545 quidem
2908 2475 2975 2530 de
3006 2475 3248 2530 inimico.
3281 2476 3348 2529 Et
3376 2496 3387 2529 :
3427 2494 3445 2526 ι
3477 2475 3583 2541 Qui

2010 2559 2235 2615 insultat
2264 2564 2537 2631 pereunti,
2588 2579 2700 2618 non
2747 2565 2855 2619 erit
2897 2565 3161 2619 innocens
3191 2564 3255 2619 “.
3284 2581 3304 2615 ι
3342 2564 3411 2617 Ει
3472 2564 3582 2619 ite-

2012 2665 2172 2705 rum:
2216 2670 2236 2703 ι
2269 2652 2360 2708 Vae
2392 2654 2549 2709 vobis
2569 2655 2661 2724 qui
2694 2654 2953 2709 laetemini
2979 2666 3144 2725 super
3166 2653 3342 2717 malis,
3367 2662 3424 2709 et
3453 2670 3584 2724 gau-

2012 2741 2154 2797 detis
2174 2759 2341 2814 super
2363 2745 2630 2814 pravitate
2646 2746 2788 2800 mala
2806 2748 2870 2798 ⁶³.
2887 2765 2903 2796 ›
2920 2746 2989 2800 Et
3011 2756 3025 2798 ι
3059 2764 3077 2796 ι
3105 2744 3327 2814 Laqueo
3354 2746 3581 2816 capien-

2012 2839 2123 2896 tur,
2154 2833 2246 2902 qui
2274 2833 2526 2888 laetantur
2548 2850 2715 2905 super
2733 2836 2891 2890 ruina
2915 2837 3160 2907 piorum,
3183 2850 3238 2896 et
3258 2835 3417 2891 dolor
3433 2855 3581 2894 mer-

2013 2923 2164 2978 cedis
2194 2924 2314 2978 loco
2344 2926 2722 2995 apprehench
2747 2942 2844 2981 eos
2880 2937 3006 2984 ante
3031 2939 3264 2987 mortem
3296 2933 3362 2988 “_
3402 2954 3419 2986 ι
3458 2935 3523 2991 Et
3561 2956 3572 2990 :

2020 3026 2039 3063 ι
2064 3012 2363 3069 Memorare
2378 3015 2497 3070 dies
2512 3018 2883 3085 tenebrarum,
2911 3021 3040 3089 quia
3083 3024 3238 3078 multi
3267 3035 3435 3080 erunt
3464 3028 3530 3083 ".
3557 3049 3574 3078 ι

2008 3105 2117 3161 Sed
2175 3115 2232 3162 et
2281 3109 2592 3179 inculpatus
2639 3111 2782 3166 Job:
2818 3131 2836 3163 ι
2869 3112 2925 3167 Si
2961 3115 3126 3170 etiam
3187 3116 3400 3175 laetatus
3458 3137 3578 3177 sum

2008 3206 2174 3268 Super
2226 3201 2386 3254 ruina
2448 3201 2797 3257 inimicorum
2842 3220 3112 3271 meorum,
3182 3216 3238 3263 et
3290 3208 3428 3266 dixit
3483 3229 3581 3269 cor

2008 3300 2212 3355 meum,
2243 3290 2394 3361 Euge
2410 3291 2475 3345 “.
2500 3310 2518 3343 ι
2558 3291 2757 3348 Beatus
2791 3294 2919 3379 item
2949 3296 3153 3353 Paulus
3174 3314 3270 3369 per
3292 3302 3580 3372 epistolam

2007 3377 2201 3433 scribit
2230 3378 2490 3435 Romanis
2521 3398 2534 3434 :
2568 3400 2584 3433 ι
2609 3381 2764 3447 Quod
2782 3377 2829 3436 si
2854 3387 2949 3452 qui
2967 3401 3032 3439 ex
3058 3387 3226 3443 ramis
3248 3389 3404 3445 fracti
3426 3405 3575 3462 sunt,

2007 3476 2069 3524 tu
2107 3479 2291 3525 autem
2317 3487 2443 3526 cum
2475 3472 2712 3527 oleaster
2760 3489 2931 3541 esses,
2979 3476 3220 3534 insertus
3253 3496 3315 3535 es
3351 3481 3406 3537 in
3447 3485 3577 3554 illis,

2006 3570 2062 3615 et
2084 3562 2265 3616 socius
2288 3562 2489 3617 radicis
2511 3571 2565 3616 et
2581 3563 2932 3633 pinguedinis
2961 3566 3120 3623 olivae
3159 3569 3339 3628 factus
3361 3589 3445 3642 es,
3463 3580 3578 3635 noli

2007 3650 2230 3721 gloriari
2264 3652 2527 3708 adversus
2571 3669 2750 3710 ramos
2788 3656 2968 3725 :‘quod
3001 3658 3045 3713 si
3070 3659 3340 3730 gloriaris,
3372 3682 3482 3722 non
3519 3679 3575 3725 tu

2008 3740 2247 3795 radicem
2292 3750 2500 3812 portas,
2535 3745 2630 3798 sed
2679 3746 2832 3800 radix
2883 3756 2954 3802 te.
2991 3747 3138 3806 Dicis
3183 3769 3356 3825 ergo:
3396 3758 3577 3816 Fracti

2008 3838 2137 3884 sunt
2159 3833 2292 3886 rami
2330 3842 2393 3887 ut
2419 3846 2520 3903 ego
2542 3834 2773 3892 inserar.
2804 3836 2951 3893 Bene
2978 3858 2991 3893 :
3019 3847 3244 3912 propter
3274 3845 3575 3904 increduli-

2008 3928 2174 3976 tatem
2224 3922 2383 3978 l'raeti
2428 3934 2671 3981 suntttu
2710 3932 2895 3982 autem
2931 3929 3037 3985 [ide
3085 3942 3234 4001 stas;
3264 3937 3375 3991 noli
3405 3940 3572 3995 altum

2006 4025 2219 4080 sapere,
2247 4012 2342 4067 sed
2366 4013 2518 4069 time.
2552 4014 2608 4070 Si
2642 4017 2793 4072 enim
2830 4018 2976 4075 Deus
3019 4025 3363 4083 naturalibus
3408 4034 3575 4085 ramis

1990 4102 2115 4154 'non
2150 4103 2419 4174 pepercit,
2452 4119 2522 4159 ne
2552 4105 2693 4161 forte
2720 4122 2822 4163 nec
2856 4109 2954 4164 tibi
2988 4124 3177 4181 parcat
3203 4114 3267 4169 ⁸⁷.
3298 4135 3316 4167 ι
3363 4118 3530 4174 Infert
3558 4163 3569 4174 .

2013 4210 2032 4242 ι
2068 4191 2320 4250 Charitas
2351 4210 2460 4249 non
2488 4196 2686 4266 gaudet
2717 4213 2885 4269 super
2915 4200 3224 4272 iniquitate,
3266 4211 3573 4279 congaudct

2004 4291 2188 4337 autem
2225 4285 2444 4340 veritati
2483 4287 2546 4340 ⁸⁵.
2595 4306 2612 4338 ι
2654 4287 2733 4343 Ne
2781 4290 2967 4361 igitur,
3008 4292 3370 4365 dilectissimi,
3424 4318 3567 4358 com-

335 4353 583 4418 διώξετε,
625 4355 718 4407 καὶ
770 4353 1110 4407 καταλάϐετε
1163 4356 1347 4422 αὐτὸν,
1403 4358 1486 4409 ὅτι
1546 4361 1647 4412 οὐκ
1692 4361 1843 4415 ἐστιν
1872 4366 1900 4416 6

2010 4375 2309 4443 mittamus,
2340 4385 2400 4431 ut
2442 4369 2769 4449 suggerente
2821 4382 3041 4440 inimico
3092 4387 3198 4444 hoc
3230 4402 3442 4460 nostro,
3468 4397 3569 4452 ali-
3618 4390 3633 4399 “

337 4443 599 4514 ῥυόμενος
622 4461 634 4475 ο
662 4443 800 4497 ἀλλὰ
826 4445 913 4511 σὺ,
961 4446 989 4497 6
1024 4444 1157 4508 Θεός
1186 4463 1311 4515 μου,
1360 4447 1435 4518 μὴ
1478 4450 1765 4523 μακρύνῃς
1805 4454 1903 4507 ἀπ’

335 4536 492 4606 ἐμοῦ,
546 4536 631 4589 ἵνα
683 4537 757 4607 μὴ
808 4536 1110 4608 ἐπιχαρῶσί
1163 4554 1251 4607 μοι
1299 4541 1348 4592 οἱ
1386 4540 1763 4611 ἐχθραίνοντες
1812 4563 1904 4614 μοι

335 4624 558 4685 ἀδίκως,
599 4623 695 4676 καὶ
736 4625 786 4676 οἱ
820 4623 1101 4693 μισοῦντές
1130 4642 1196 4695 με
1223 4626 1452 4697 δωρεάν.
1492 4647 1511 4679 ι
1549 4630 1707 4685 Ἀλλὰ
1739 4636 1805 4704 τῇ
1835 4637 1901 4705 σῇ

333 4715 563 4784 δυνάμει
622 4731 640 4763 ι
687 4715 1224 4785 Ἄποστραφήτωσαν
1250 4718 1559 4787 παραυτίκα
1581 4723 1905 4795 αἰσχυνόμε-

334 4823 436 4867 vat,
470 4807 518 4859 οἱ
549 4806 797 4873 λέγοντές
829 4822 940 4874 μοι,
967 4802 1127 4873 Εὖγε,
1153 4803 1299 4875 εὖγε.
1344 4829 1362 4861 ι
1393 4809 1466 4862 Τὸ
1486 4814 1891 4882 καταγελᾶσθαι

332 4894 510 4947 τοίνυν
541 4894 636 4946 καὶ
666 4895 1068 4964 ἐπιχαίρεσθαι,
1098 4896 1260 4965 ἡμῶν,
1282 4900 1461 4951 ἐστιν·
1491 4901 1551 4954 τὸ
1576 4903 1631 4957 δὲ
1676 4907 1895 4977 ἐπιχαί-

335 4998 470 5051 ρειν,
505 4982 612 5034 τῶν
651 4983 1030 5053 Γραμματὲων
1068 4985 1165 5036 ’καὶ
1203 4985 1505 5057 ἀρχιερέων
1563 4993 1732 5049 ἐστίν.
1782 4997 1897 5051 Ἐν-

333 5072 556 5137 έπαιζον
588 5072 715 5143 γὰρ,
766 5074 952 5144 φησὶν,
1000 5075 1048 5126 οἱ
1101 5077 1379 5146 ἀρχιερεῖς
1431 5080 1565 5149 πρὸς
1611 5083 1892 5156 ἀλλήλους,

335 5166 472 5235 μετὰ
499 5165 606 5216 τῶν
639 5165 1021 5234 Γραμματέων
1048 5166 1317 5234 λέγοντες,
1350 5188 1369 5219 ι
1410 5171 1637 5237 ’Ἄλλους
1667 5176 1891 5251 ἔσωσεν,

328 5255 521 5310 ἑαυτὸν
536 5256 596 5307 οὐ
613 5255 831 5310 δύναται
882 5257 1092 5324 σῶσαι;
1130 5261 1158 5312 6
1187 5260 1421 5329 Χριστὸς
1460 5266 1488 5315 ὁ
1519 5264 1770 5334 βασιλεὺς
1799 5276 1891 5328 τοῦ

341 5346 599 5417 Ἰσραὴλ,
664 5348 955 5401 καταϐάτω
1019 5350 1114 5403 νῦν
1175 5352 1282 5404 άπὸ
1337 5354 1430 5406 τοῦ
1476 5361 1748 5432 σταυροῦ,
1806 5367 1891 5421 ἵνα

334 5613 379 5645 σε
478 5560 682 5645 llTIm.
711 5567 941 5645 mll2.”
971 5570 1012 5645 ‘_‘
1043 5571 1207 5645 _Prov.
1256 5589 1401 5635 xxw,
1443 5574 1528 5635 l7.
1570 5577 1646 5630 l8.
1726 5583 1769 5613 θ’
1800 5583 1914 5639 Ριιοε

2010 5605 2132 5643 xm.
2194 5591 2227 5643 5

404 5628 582 5685 Eccle.
617 5650 669 5688 xl
717 5677 732 5699 ,
769 5638 821 5690 8.
900 5639 943 5669 ⁸⁸
975 5639 1077 5693 Job
1120 5628 1400 5701 1:33.29:
1447 5646 1492 5677 "’
1518 5628 1678 5704 ltoin.
1718 5628 2016 5719 κιξίῖίέιξ

681 5729 949 5791 ΡΑτιιοι..
1000 5736 1115 5795 Gn.
1167 5736 1487 5799 LXXXIX.

2002 4466 2222 4536 quando
2264 4467 2590 4525 insultemus
2634 4472 3007 4541 proximorum
3055 4479 3229 4546 malis,
3262 4492 3324 4537 ut
3363 4500 3433 4540 ne
3471 4503 3570 4543 nos

2000 4558 2057 4611 in
2077 4558 2294 4612 easdem
2345 4559 2490 4613 sinat
2526 4558 2619 4616 Dei
2656 4565 3003 4631 providentia
3051 4570 3222 4625 semel
3265 4553 3322 4627 et
3366 4575 3567 4634 iterum

2001 4647 2219 4704 devolvi
2243 4648 2603 4707 calamitates.
2659 4652 2784 4710 Haec
2815 4657 2963 4710 enim
3009 4659 3086 4714 ait
3125 4661 3230 4717 Job
3278 4682 3290 4718 :
3322 4684 3340 4716 ‹
3377 4667 3445 4722 Ει
3471 4685 3568 4726 vos

2000 4739 2305 4794 accessistis
2319 4741 2387 4795 ad
2422 4756 2508 4798 me
2539 4744 2656 4799 sine
2689 4746 3081 4817 misericordia,
3109 4754 3293 4824 itaque
3318 4757 3567 4818 videntes

1999 4830 2198 4885 vulnus
2225 4845 2407 4885 meum
2431 4833 2763 4890 extimuistis
2787 4838 2852 4891 ⁵³.
2871 4858 2887 4889 ο
2923 4840 3034 4896 Nos
3055 4840 3223 4913 igitur
3251 4862 3374 4902 cum
3405 4850 3565 4907 beato

2001 4920 2171 4974 David
2202 4933 2444 4987 oremus,
2489 4924 2735 4981 dicentes
2781 4928 2934 4984 Deo:
2972 4951 2989 4986 ι
3011 4932 3089 4989 Ne
3120 4935 3340 5007 abjicias
3391 4957 3477 4997 me
3509 4944 3562 4998 in

2001 5018 2247 5080 tempore
2273 5015 2593 5077 senectutis,
2619 5032 2742 5071 cum
2791 5019 3055 5079 defecerit
3090 5025 3266 5082 virtus
3308 5046 3446 5094 mea,
3494 5050 3562 5096 ne

1999 5103 2349 5174 liderenquas
2381 5122 2467 5161 me
2492 5124 2505 5174 ;
2533 5110 2658 5178 quia
2680 5111 2939 5171 dixerunt
2971 5119 3177 5175 inimici
3211 5123 3365 5186 mihi,
3391 5133 3445 5178 et
3465 5128 3558 5195 qui

1997 5195 2380 5250 custodiebant
2429 5200 2663 5254 animam
2728 5219 2925 5271 meam,
2978 5209 3267 5265 consilium
3310 5212 3556 5272 fecerunt

1996 5286 2053 5338 in
2081 5301 2249 5339 unum
2281 5327 2295 5352 ,
2332 5287 2616 5345 dicentes:
2660 5293 2805 5348 Deus
2854 5297 3149 5366 dereliquit
3191 5316 3338 5369 eum,
3375 5320 3556 5373 perse-

1994 5377 2223 5445 quimini
2268 5389 2323 5433 et
2366 5382 2812 5450 comprehendite
2839 5401 2987 5454 eum,
3027 5390 3156 5458 quia
3198 5408 3307 5446 non
3352 5402 3556 5469 estqui

2324 5593 2369 5624 ea
2409 5593 2792 5677 Ecqi,xj§,_5:
2906 5597 2952 5629 ⁸³
2992 5600 3156 5677 pecli.
3232 5620 3373 5661 xxvi!
3404 5647 3423 5677 ,
3464 5615 3552 5671 5L

2092 5660 2135 5689 ⁸⁸
2169 5660 2461 5724 lCor.xm,
2499 5664 2549 5716 6.
2626 5665 2670 5695 σθ
2706 5667 2807 5721 Job
2835 5684 2919 5720 xnt
2942 5710 2955 5733 ,
2983 5670 3035 5722 ‘2.

3208 5778 3268 5840 51
