3986 6148
510 243 532 311 1
546 245 646 310 611
1777 248 2097 312 ANTIOCH

2196 250 2521 309 lIONACHI
3593 253 3706 317 1612

508 362 711 433 eripiat
750 379 765 430 ;
794 361 1169 430 sed‘tu,Deus
1191 380 1367 430 meus,
1412 380 1482 429 ne
1529 363 1799 435 elongeris
1837 382 1867 418 a
1895 376 1981 419 me
2015 365 2083 429 "°,

2196 364 2390 432 ἴδωμεν
2423 367 2517 418 καὶ
2554 365 2933 436 πιστεύσωμεν
2966 368 3044 430 είς
3076 366 3256 422 αὐτόν.
3302 386 3322 419 ι
3372 367 3429 423 '0
3457 370 3510 425 δὲ
3539 376 3706 445 μακρό-

513 468 583 508 ne
604 453 876 525 gaudeant
904 470 1069 525 super
1095 472 1179 511 me
1206 459 1300 526 qui
1327 456 1686 512 adversantur
1712 454 1845 510 mihi
1872 456 2079 526 inique,

2196 456 2359 525 θυμοί
2402 455 2606 528 Κύριος
2630 455 2825 528 ἔφερεν
2860 459 2955 526 τὴν
3006 459 3268 513 ἀπόνοιαν
3306 463 3506 528 αὑτῶν,
3527 463 3592 526 ib;
3615 467 3706 531 φιλ-

513 545 608 613 qui
638 544 875 600 oderunt
907 559 994 600 me
1030 546 1198 617 gratis
1224 547 1290 601 ".
1333 565 1351 599 ›
1375 547 1443 602 Et
1476 547 1697 618 quidem
1748 554 1838 602 tua
1875 546 2080 600 virtute

2196 545 2491 616 ἅνθρωπος.
2544 546 2702 616 Αὑτῴ
2749 550 2784 617 ἡ
2836 547 2961 613 δόξα
3007 551 3086 614 είς
3128 552 3255 613 τοὺς
3286 552 3511 615 αίῶνας.
3552 554 3705 627 Ἀμήν.

521 656 540 689 ι
570 636 975 691 Conve’rtantur
1032 645 1331 693 retrorsum
1369 639 1660 694 confestim
1705 637 1920 694 confusi
1959 637 2054 707 qui
2093 637 2285 691 dicunt
2306 638 2442 692 mihi
2471 655 2483 691 :
2509 638 2680 708 Euge,
2742 653 2881 709 euge
2910 641 2979 694 ⁷³.
3007 659 3028 693 ι
3098 640 3312 696 Nostrae
3351 643 3513 712 igitur
3563 653 3708 712 partes

514 734 664 792 sunt,
692 735 749 782 ut
795 736 1047 797 optemus
1098 719 1305 784 mundo
1362 730 1452 785 isti
1501 745 1621 785 esse
1669 727 1980 795 deridiculi,
2026 734 2086 781 ut
2123 727 2283 782 nobis
2328 729 2443 783 suis
2499 729 2725 786 insultet
2752 730 2961 795 sannis,
3003 746 3130 786 cum
3169 732 3393 786 interim
3458 733 3638 789 Scriba
3666 747 3707 792 et

514 820 806 890 pontiﬁces
840 835 941 875 suo
980 819 1075 875 illo
1108 822 1263 876 more
1306 820 1571 875 insultant
1596 820 1835 876 miseris.
1875 817 2183 873 llludebant
2214 818 2380 881 enim,
2419 820 2535 884 ait,
2566 820 2854 888 pontiﬁces
2913 823 2982 877 ad
3042 823 3277 877 invicem
3342 838 3467 878 cum
3524 825 3706 890 Scribis,

512 912 799 966 dicentes:
837 929 855 962 ι
887 911 1037 965 Alios
1078 910 1255 964 salvos
1301 909 1452 974 fecit,
1505 909 1746 980 seipsum
1797 919 1909 963 non
1961 912 2141 976 potest
2208 905 2417 959 salvum
2480 906 2663 962 facere
2706 926 2719 962 :
2796 907 3050 966 Christus
3085 928 3183 965 rex
3236 913 3407 967 Israel
3464 914 3709 970 descendat

512 1016 662 1059 nunc
709 1000 777 1055 de
814 1016 1017 1065 cruce,
1066 1008 1127 1055 ut
1172 1000 1456 1055 videamus
1498 1008 1556 1055 et
1604 999 1893 1053 credamus
1948 994 2013 1047 "'.
2042 1012 2062 1045 ι
2143 991 2295 1048 Hane
2369 994 2588 1049 illorum
2626 996 2999 1051 vesanientem
3043 997 3457 1055 insultationem
3498 1003 3705 1074 longanio

510 1094 680 1149 miter
707 1093 973 1148 tolerabat
1014 1093 1286 1163 benignus
1333 1090 1618 1146 hominum
1655 1097 1868 1145 amator
1890 1084 2189 1142 Dominus.
2222 1084 2327 1154 Ipsi
2360 1085 2535 1155 gloria
2568 1087 2624 1141 in
2658 1088 2854 1142 saecula
2909 1089 3260 1146 saeculorum.
3292 1091 3489 1148 Amen.

942 1204 1158 1274 1119
1193 1203 1480 1259 HOMILlA
1510 1204 1652 1258 LIX.

516 1293 714 1348 Alieme
766 1290 1008 1361 felicitati
1068 1290 1520 1412 agggatuéandum
1577 1305 1684 1344 esse
1738 1297 1787 1343 et
1851 1304 2082 1360 congau-

1216 1376 1278 1411 en
1321 1377 1429 1412 um.

1216 1376 1429 1413 enaum.

582 1451 796 1508 Eximia
825 1465 956 1505 sane
985 1451 1163 1505 virtus
1192 1464 1255 1504 ac
1285 1449 1399 1504 Deo
1440 1448 1544 1519 ipsi
1577 1463 1703 1503 cum
1740 1447 1935 1517 primis
1955 1462 2081 1517 gra-

2782 1202 3002 1256 ΛΟΓΟΣ
3031 1204 3156 1257 ΝΘ’.

2621 1290 2758 1359 Περὶ
2795 1291 2902 1345 τοῦ
2935 1295 3314 1362 συγχαίρειν.

2259 1445 2493 1516 Μεγάλη
2526 1446 2695 1517 ἀρετή
2730 1425 2880 1501 ἐστιν
2911 1449 3005 1501 καὶ
3031 1448 3330 1520 θεάρεστος
3350 1449 3412 1504 τὸ
3438 1452 3709 1523 συγχαίρειν

515 1545 654 1598 tiosa
671 1551 776 1607 est,
791 1551 851 1597 ut
871 1541 939 1596 iis
962 1540 1310 1612 eongaudeas
1327 1550 1385 1597 et
1401 1539 1761 1611 aggratulere,
1782 1539 1877 1608 qui
1898 1547 2087 1593 tenore

2196 1543 2300 1604 τοῖς
2326 1535 2385 1595 εὖ
2425 1540 2653 1610 βιοῦσιν,
2694 1542 2788 1595 καὶ
2814 1543 2872 1595 ἑν
2908 1545 3033 1606 ταῖς
3060 1544 3307 1608 ἐντολαῖς
3336 1544 3429 1598 τοῦ
3454 1544 3578 1600 Θεοῦ
3604 1565 3708 1618 προσ

518 1633 761 1704 legitimo
794 1632 962 1685 vitam
994 1630 1291 1686 instituunt
1320 1645 1496 1696 suam,
1529 1629 1734 1699 quique
1764 1627 2087 1698 quotidiana

2196 1630 2507 1694 κόπτουσιν,
2544 1630 2648 1684 κᾶν
2681 1630 2832 1699 παρὰ
2863 1647 3010 1684 τισιν
3044 1632 3205 1686 οὐδὲν
3241 1633 3558 1700 λελόγισται.
3581 1635 3643 1688 Τὸ
3669 1635 3711 1688 ἃ

516 1724 835 1779 accessione
860 1729 1187 1793 promovent
1214 1722 1285 1777 ad
1310 1722 1751 1778 observationem
1792 1720 1889 1775 Dei
1929 1736 2086 1774 man-

517 1813 801 1876 datorum,
854 1812 1069 1867 tametsi
1117 1828 1183 1868 ea
1237 1828 1326 1867 res
1383 1812 1527 1881 apud
1579 1813 1871 1882 plerosque
1930 1809 2089 1864 nihili

517 1901 841 1957 aestimetur.
874 1900 1147 1958 Utrumne
1200 1902 1494 1958 sinceriter
1525 1903 1684 1958 alteri
1721 1901 2085 1973 eougaudeas,

521 1993 636 2062 ipsa
676 1992 906 2064 vestigia
931 1992 1118 2048 vultus
1144 1994 1224 2047 tui
1254 1992 1389 2047 nihil
1428 1993 1667 2047 obscure
1709 1992 1971 2061 produnt.
2000 1991 2088 2046 Si-

519 2080 741 2150 quidem
801 2081 897 2135 irae
961 2088 1059 2134 aut
1119 2078 1324 2134 furoris
1384 2078 1825 2135 incandeseentia
1887 2078 2091 2133 insedit

518 2171 695 2237 cordi,
727 2172 811 2225 vel
847 2170 947 2240 ipsi
981 2171 1125 2225 oculi
1157 2170 1412 2225 omnibus
1445 2169 1682 2225 reddunt
1710 2169 2088 2240 perspicuum,

518 2264 671 2333 juxta
722 2260 1024 2331 Scriptum
1066 2261 1397 2316 sententiam
1444 2279 1458 2315 :
1523 2279 1541 2312 ι
1578 2259 1764 2316 Corde
1810 2260 2091 2316 exhilara-

520 2365 607 2418 to,
662 2351 950 2407 revirescit
994 2349 1172 2407 facies
1210 2351 1279 2406 ⁷⁵.
1335 2371 1353 2402 ι
1408 2350 1670 2406 Perfecta:
1717 2361 1905 2407 autem
1958 2352 2090 2407 cha-

522 2444 701 2513 ritatis
749 2441 961 2513 insigne
996 2442 1102 2496 hoc
1141 2454 1258 2507 est,
1293 2443 1338 2497 si
1373 2443 1438 2497 ad
1470 2443 1842 2514 proximorum
1873 2458 2090 2514 promo-

522 2535 726 2589 tionem
751 2532 1124 2597 exhllareseis,
1146 2548 1249 2588 nec
1280 2532 1465 2587 fucato
1495 2532 1843 2602 perfunderis
1870 2533 2091 2611 gaudio.

523 2624 663 2679 Sunt
691 2624 838 2677 enim
867 2624 1136 2694 plerique,
1160 2623 1254 2692 qui
1284 2623 1508 2693 quidem
1530 2623 1635 2677 etsi
1666 2623 1720 2677 in
1750 2621 2093 2691 promotione

522 2716 654 2780 sint,
690 2715 1041 2783 habeantque
1081 2720 1329 2767 mutuam
1354 2713 1502 2767 illam
1531 2727 1661 2782 erga
1681 2711 1878 2766 fratres
1909 2709 2093 2765 chari-

524 2810 722 2868 tatem;
755 2801 846 2857 ubi
884 2810 1064 2854 tamen
1097 2800 1332 2870 primum
1362 2800 1633 2870 contingit
1658 2814 1827 2854 unum
1854 2799 2093 2868 aliquem

2188 1720 2403 1791 ἀληθῶς
2427 1721 2770 1792 συγχαίρειν,
2803 1722 2945 1775 αὑτὰ
2978 1722 3048 1776 τὰ
3078 1722 3206 1793 «ίχνη
3232 1724 3338 1792 τῆς
3367 1724 3533 1794 ὅψεως
3558 1726 3710 1795 ἀριδὴο

2187 1808 2292 1871 λως
2327 1807 2621 1862 δείκνυσιν.
2659 1808 2733 1862 Τὸ
2779 1808 2887 1879 γὰρ
2924 1810 3209 1880 θυμοειδὲς
3257 1816 3360 1882 τῆς
3407 1815 3612 1884 καρδίας
3638 1815 3710 1883 δη-

2185 1898 2364 1953 λοῦσιν
2398 1900 2449 1952 οί
2501 1898 2794 1968 ὀφθαλμοὶ,
2832 1901 2973 1954 κατὰ
3008 1899 3071 1953 τὸ
3107 1903 3513 1973 γεγραμμένον,
3543 1923 3559 1956 ι
3586 1906 3710 1974 Καρ-

2186 1990 2307 2055 δίας
2358 1990 2794 2061 εὑφραινομένης
2851 1992 3143 2062 πρόσωπον
3174 1993 3380 2052 θάλλει.
3424 2014 3442 2048 ι
3481 1995 3630 2048 Τοῦτο
3665 1995 3709 2046 δὲ

2186 2079 2290 2149 τῆς
2320 2079 2530 2142 τελείας
2581 2081 2804 2149 ἀγάπης
2847 2081 3019 2146 ἐστὶν,
3073 2083 3136 2136 τὸ
3186 2085 3504 2155 συγχαίρειν
3551 2085 3633 2138 ἐπὶ
3658 2089 3708 2153 τῇ

2188 2169 2442 2240 προκοπῇ
2476 2170 2574 2224 τοῦ
2613 2171 2868 2239 πλησίου.
2906 2172 3102 2225 Πολλοὶ
3132 2173 3242 2244 γὰρ
3275 2176 3336 2227 ὲν
3372 2178 3469 2245 μιᾷ
3502 2177 3708 2243 προκοπῇ

2188 2258 2362 2321 ὅντες,
2395 2258 2486 2311 καὶ
2521 2259 2737 2329 ἔχοντες
2773 2261 2912 2330 πρὸς
2952 2261 3233 2332 ἀλλήλους
3262 2264 3502 2335 ἀγάπην,
3532 2264 3710 2317 ἐπειδᾶν

2191 2349 2390 2419 συνέϐη
2432 2350 2530 2402 ἕνα
2573 2348 2635 2414 ἐξ
2665 2350 2845 2403 αὑτῶν
2879 2354 3278 2424 περισσοτέρας
3331 2360 3512 2426 τυχεῖν
3550 2372 3710 2427 προκο-

2190 2442 2319 2511 πῆς,
2365 2442 2393 2494 ὁ
2429 2441 2615 2512 ἕτερος
2643 2443 2721 2505 είς
2756 2442 2816 2495 τὸ
2854 2441 2951 2495 τοῦ
2984 2445 3178 2513 φθόνου
3216 2445 3487 2516 βάραθρον
3522 2448 3709 2500 κατέπε·
3802 2440 3807 2444 ’

2193 2548 2302 2585 σεν’
2328 2531 2356 2584 δ
2387 2532 2444 2584 δὲ
2469 2531 2784 2602 συγχαίρων
2807 2532 3028 2602 ἀληθῶς
3053 2534 3129 2605 τῷ
3145 2537 3524 2607 κατορθοῦντι,
3554 2539 3708 2605 ἐκτενῆ

2191 2621 2356 2692 εὑχὴν
2385 2621 2744 2686 ἀδιαλείπτως
2784 2624 2928 2692 ὑπὲρ
2975 2626 3139 2679 αὑτοῦ
3183 2629 3575 2702 προσφέρειτῷ
3600 2628 3707 2698 Θεῷ.

2193 2711 2390 2777 Καθὼς
2427 2714 2520 2766 καὶ
2558 2716 2587 2766 ὁ
2618 2717 2896 2787 μακάριος
2928 2716 3161 2782 Παῦλος,
3217 2723 3525 2792 συγχαίρων
3561 2723 3709 2781 τισὶν,

2193 2804 2399 2872 ἔλεγεν·
2438 2825 2456 2856 ι
2497 2805 2662 2859 Ὥστε
2697 2807 2844 2876 ἡμᾶς
2889 2807 3088 2871 αὐτοὺς
3146 2813 3454 2880 καυχᾶσθαι
3510 2815 3564 2866 ἐν
3613 2814 3710 2873 ταῖς

524 2909 592 2948 ex
629 2893 763 2963 ipsis
799 2892 1066 2962 ampliore
1098 2891 1307 2961 perfrui
1338 2893 1702 2960 promotione,
1747 2892 1838 2946 ille
1867 2892 2005 2946 alter
2036 2890 2091 2944 in

2209 2893 2556 2965 Ἐκκλησίαις
2608 2894 2704 2948 τοῦ
2755 2896 2893 2949 Θεοῦ
2953 2899 3082 2969 περὶ
3129 2898 3230 2968 τῆς
3277 2901 3545 2972 ὑπομονῆς
3594 2901 3711 2970 ὑμῶν

527 2988 764 3041 immane
805 3001 902 3056 per
938 2985 1043 3039 hoc
1081 2984 1324 3040 concidit
1362 2985 1581 3040 invidiae
1614 2985 1962 3040 barathrum.
1995 2981 2094 3050 Qui

527 3082 710 3131 autem
756 3076 896 3130 citra
933 3073 1120 3129 fucum
1162 3074 1332 3128 ullum
1378 3074 1631 3144 proximo
1680 3073 2097 3145 congratulatur

528 3178 679 3224 recte
716 3164 972 3237 iungenti
1019 3163 1219 3232 cilicio,
1267 3180 1367 3235 pro
1418 3165 1512 3218 illo
1558 3180 1780 3235 quoque
1822 3165 2098 3220 intentam

529 3259 642 3313 Deo
684 3264 739 3311 et
791 3255 1120 3310 indivulsam
1177 3256 1342 3311 oﬂ‘ert
1396 3258 1730 3324 orationem,
1787 3262 2098 3329 exemplum

527 3358 753 3405 secutus
818 3347 967 3402 beati
1035 3346 1190 3402 Pauli
1259 3347 1590 3416 quibusdam
1638 3350 2095 3418 congratulantis,

533 3451 694 3510 atque
715 3438 991 3494 dicentis:
1022 3456 1040 3489 ι
1063 3437 1143 3492 ita
1175 3446 1237 3492 ut
1264 3447 1319 3492 et
1352 3453 1456 3493 nos
1490 3438 1594 3508 ipsi
1632 3439 1688 3494 in
1717 3439 1875 3495 vobis
1902 3441 2100 3511 glorie-

531 3548 658 3587 mur
702 3532 758 3585 in
801 3530 1064 3586 Ecclesiis
1098 3530 1192 3583 Dei
1232 3545 1338 3600 pro
1372 3530 1638 3599 patientia
1667 3542 1873 3595 vestra,
1907 3540 1963 3586 et
1994 3531 2099 3587 ﬁde

530 3627 588 3680 in
616 3624 875 3680 omnibus
887 3622 1367 3693 persecutionibus
1392 3624 1612 3687 vestris,
1636 3637 1775 3693 quas
1788 3624 2098 3690 sustinetis,

532 3717 589 3771 in
619 3716 930 3785 exemplum
960 3714 1094 3786 justi
1132 3714 1329 3786 judieii
1371 3714 1578 3783 ipsius,
1614 3723 1676 3769 ut
1707 3715 1856 3786 digni
1893 3716 2096 3771 habea-
2129 3750 2137 3759 -

531 3809 668 3864 mini
708 3821 879 3878 regno
904 3804 1004 3860 Dei
1029 3805 1098 3859 ".
1138 3825 1156 3856 ι
1199 3804 1310 3860 Nec
1340 3820 1498 3860 secus
1542 3805 1610 3860 ad
1663 3806 2048 3876 Philippenses
2085 3826 2097 3860 :

534 3917 556 3950 ι
584 3896 695 3952 Sed
727 3894 831 3951 etsi
861 3893 1112 3948 immolor
1134 3907 1299 3962 supra
1329 3891 1658 3948 sacriﬁcium
1688 3902 1745 3949 et
1774 3894 2100 3963 obsequium

536 3988 665 4042 tidei
686 3996 907 4047 vestrae,
934 3985 1144 4055 gaudeo
1175 3992 1230 4038 et
1259 3984 1612 4054 congratulor
1635 3983 1892 4038 omnibus
1924 3983 2098 4039 vobis.

532 4079 775 4148 ldipsum
849 4085 1032 4130 autem
1093 4082 1149 4129 et
1215 4089 1310 4128 vos
1369 4073 1598 4143 gaudete
1654 4083 1710 4129 et
1764 4073 2101 4144 eongaudete

533 4171 672 4225 mihi
692 4171 738 4202 "
767 4188 780 4221 :
809 4166 1271 4238 quemadmodum
1302 4166 1449 4220 enim
1485 4165 1749 4229 membra,
1786 4166 1883 4230 ait,
1910 4180 2010 4235 pro
2041 4181 2098 4219 se

532 4261 769 4316 invicem
810 4258 1044 4313 sollicita
1077 4264 1236 4320 sunt,
1265 4262 1321 4310 et
1351 4255 1465 4309 sive
1492 4255 1691 4325 gaudet
1728 4270 1897 4309 unum
1929 4270 2099 4308 mem-

532 4352 729 4414 brum,
783 4347 1131 4418 congaudent
1182 4346 1364 4400 omnia
1411 4345 1689 4410 membra;
1737 4346 1852 4399 sive
1894 4346 2102 4414 patitur

537 4457 705 4497 unum
741 4441 1070 4502 membrum,
1106 4435 1518 4506 compatiuntur
1545 4435 1729 4489 omnia
1761 4435 2098 4500 membra";

536 4534 615 4586 sic
639 4541 695 4585 et
723 4546 824 4585 nos
847 4529 1085 4600 gaudere
1116 4542 1238 4581 eum
1262 4526 1649 4597 gaudentibus,
1676 4524 1806 4580 ﬂere
1831 4540 1955 4579 eum
1978 4526 2104 4580 lien-

536 4623 686 4677 tibus
726 4621 993 4676 debemus
1020 4619 1086 4674 ⁷⁸.
1117 4638 1135 4670 ι
1164 4618 1277 4673 Et:
1315 4637 1332 4670 ι
1365 4618 1583 4673 Honore
1620 4618 1855 4673 invicem
1899 4633 2107 4688 praeve-

536 4715 753 4768 nientes
775 4712 818 4744 τ’
845 4730 856 4766 :
890 4732 906 4762 ι
939 4726 1035 4766 eos
1072 4706 1335 4764 nimirum
1367 4710 1460 4779 qui
1496 4711 1656 4764 nubis
1685 4709 1819 4779 ipsis
1850 4711 2102 4785 prmemi-

538 4812 693 4858 nent.
729 4801 836 4856 Sed
868 4800 1250 4875 etflorinthiis
1273 4801 1382 4854 ait:
1417 4819 1434 4851 ι
1469 4800 1587 4854 Νοιι
1630 4799 1778 4853 enim
1816 4799 1924 4853 alia
1967 4800 2103 4854 scri-

528 4897 722 4949 ‘bimus
746 4892 904 4946 vobis
930 4899 1127 4961 prater
1152 4906 1216 4945 ea
1243 4906 1365 4960 quae
1397 4899 1452 4945 et
1482 4889 1663 4959 legitis
1693 4898 1749 4944 et
1772 4890 2100 4958 agnoscitis;

539 4996 703 5056 spero
732 4990 937 5046 autem,
971 4982 1098 5051 quia
1144 4990 1202 5035 et
1228 4995 1404 5049 usque
1448 4980 1503 5033 in
1544 4979 1707 5033 ﬁnem
1741 4981 2102 5049 cognoscetis,

541 5078 686 5132 sicut
730 5086 787 5131 et
836 5072 1172 5144 cognovistis
1212 5085 1280 5124 ex
1314 5079 1499 5140 parte,
1545 5069 1670 5138 quia
1709 5070 1877 5141 gloria
1925 5080 2105 5126 vestra

542 5181 753 5229 sumus,
802 5164 944 5219 sicut
986 5170 1040 5217 et
1081 5174 1181 5216 vos
1218 5168 1404 5213 nostra
1455 5159 1506 5211 in
1548 5158 1637 5213 die
1681 5159 1900 5213 Domini
1934 5160 2107 5214 nostri

541 5254 672 5312 .Iesu
715 5254 921 5311 Christi
959 5271 971 5305 :
1009 5261 1063 5307 et
1115 5251 1220 5306 hac
1263 5248 1593 5304 conﬁdentia
1645 5249 1897 5303 volebam
1957 5249 2110 5319 prius

542 5349 734 5406 venire
782 5348 850 5402 ad
881 5361 979 5401 vos
1026 5353 1084 5399 ut
1118 5342 1415 5399 secundam
1455 5341 1687 5411 gratiam
1724 5341 2001 5397 haberetis
2033 5341 2100 5409 ⁵⁸,

646 5483 694 5517 ¹¹⁰
724 5479 867 5536 Psal.
897 5494 1018 5537 εις,
1053 5477 1200 5530 9—12.

542 5558 587 5593 π
615 5552 655 5606 ll
692 5552 887 5605 Thess.
921 5564 960 5610 ι,
985 5547 1037 5608 4,
1067 5546 1119 5598 5.

539 5624 586 5662 ⁸ο
618 5622 655 5673 ιι
685 5623 813 5676 Cor.
843 5649 883 5685 ι,
917 5615 1090 5670 lii-15.

1305 5476 1347 5506 '”
1373 5475 1514 5529 Psal.
1548 5491 1727 5539 xxxnv,
1753 5474 1838 5528 l9.

1229 5542 1539 5614 "Philipp.
1605 5561 1661 5610 ιι,
1722 5545 1807 5609 17,
1854 5543 1939 5598 18.

1951 5475 1996 5506 ⁷²
2035 5475 2176 5529 Psal.
2206 5492 2384 5536 χχχιι,
2422 5475 2507 5529 16.

2056 5545 2097 5575 ⁷⁷
2130 5545 2150 5597 ι
2177 5544 2304 5599 Cor.
2338 5562 2431 5611 ιιιι,
2462 5545 2552 5611 25,
2586 5544 2675 5599 26.

2199 2987 2291 3040 καὶ
2323 2985 2556 3049 πίστεως
2602 2986 2661 3038 ὲν
2693 2988 2830 3040 πᾶσι
2875 2990 2990 3052 τοῖς
3042 2988 3309 3061 διωγμοῖς
3349 2992 3513 3062 ὑμῶν,
3543 2987 3614 3055 οἷς
3643 2992 3712 3044 ἀν-

2200 3075 2422 3146 έχεσθε,
2458 3075 2723 3146 ἔνδειγμα
2768 3076 2867 3146 τῆς
2902 3077 3303 3150 δικαιοκρισίας
3358 3082 3533 3143 αὑτοῦ,
3565 3083 3633 3144 εἰς
3666 3079 3712 3131 τὸ

2199 3166 2606 3237 καταξιωθῆναι
2647 3169 2748 3238 τῆς
2798 3168 3075 3239 βασιλείας
3127 3171 3220 3223 τοῦ
3262 3172 3422 3227 Θεοῦ.
3464 3193 3488 3226 ν
3529 3170 3711 3242 Ὁμοίως

2148 3307 2153 3311 .
2201 3260 2295 3312 καὶ
2324 3260 2734 3330 Φιλιππησίοις,
2778 3278 2800 3311 ι
2843 3260 2980 3313 Ἀλλ’
3010 3264 3060 3315 εί
3093 3263 3188 3315 καὶ
3226 3264 3540 3333 σπένδομαι,
3567 3265 3709 3334 φησιν.

2200 3348 2294 3402 ἐπὶ
2319 3350 2385 3418 τῇ
2411 3348 2571 3418 θυσίᾳ
2606 3349 2701 3402 καὶ
2719 3348 3034 3420 λειτουργίᾳ
3055 3350 3153 3420 τῆς
3177 3351 3416 3416 πίστεως
3442 3354 3600 3422 ὑμῶν,
3620 3350 3713 3422 χαί-

2204 3456 2282 3509 ρω
2317 3440 2411 3492 καί
2445 3439 2729 3511 συγχαίρω
2760 3442 2928 3493 πᾶσιν
2955 3442 3104 3512 ὑμῖν.
3136 3441 3211 3496 Τὸ
3248 3444 3386 3497 αὐτὸ
3406 3444 3569 3497 δὲκαὶ
3592 3443 3710 3511 ὑμεῖς

2201 3531 2423 3602 χαίρετε
2470 3533 2566 3585 καὶ
2603 3532 2932 3602 συγχαίρετέ
2984 3550 3096 3603 μοι.
3129 3534 3347 3606 ’Ὠσπερ
3384 3537 3490 3606 γὰρ
3520 3537 3579 3588 τὰ
3608 3531 3711 3603 μέλη

2204 3638 2269 3690 με
2281 3620 2542 3690 ριμνῶσιν
2569 3620 2711 3690 ὑπὲρ
2739 3621 3006 3691 ἀλλήλων·
3042 3625 3138 3677 καὶ
3163 3625 3278 3678 εἴτε
3302 3628 3482 3698 χαίρει
3506 3625 3558 3679 ἓν
3570 3624 3710 3695 μέλος.

2205 3710 2491 3782 συγχαίρει
2534 3711 2717 3765 πάντα
2757 3711 2826 3765 τὰ
2863 3713 3030 3783 μέλη·
3086 3714 3197 3768 εἴτε
3248 3717 3449 3788 πάσχει
3481 3721 3541 3773 ἓν
3570 3713 3708 3785 μέλος,

2156 3800 2175 3815 ⁵
2206 3803 2518 3870 συμπάσχει
2551 3803 2733 3856 πάντα
2764 3801 2834 3855 τὰ
2868 3802 3029 3873 μέλη’
3052 3803 3227 3868 οὕτως
3254 3808 3352 3860 καὶ
3377 3809 3527 3878 ἡμεῖς
3546 3804 3711 3877 χαίρειν

2205 3891 2342 3961 μετὰ
2370 3893 2689 3961 χαιρόντων,
2720 3892 2815 3946 καὶ
2843 3892 3056 3949 κλαίειν
3105 3897 3245 3965 μετὰ
3283 3898 3566 3951 κλαιόντων
3600 3893 3712 3961 ὀφεί-

2202 3983 2388 4055 λομεν.
2419 3966 2601 4050 Καὶ,ἰ
2643 3968 2722 4056 Τῇ
2774 3988 2907 4056 τιμῇ
2954 3986 3222 4058 ἀλλήλους
3257 3991 3661 4061 προηγούμενοι,
3688 4002 3708 4035 ι

2204 4071 2574 4142 ὑπερέχοντας
2611 4072 2843 4128 ἑαυτῶν.
2881 4074 3042 4127 Ἀλλὰ
3076 4076 3172 4129 καὶ
3223 4078 3525 4147 Κορινθίοις
3565 4073 3709 4144 φησίν·

2130 4217 2173 4270 D
2213 4163 2341 4229 (0i)
2371 4161 2479 4231 γὰρ
2512 4161 2644 4214 ἄλλα
2677 4163 2962 4234 γράφομεν
2993 4166 3142 4233 ὑμῖν,
3176 4167 3301 4222 ἀλλ’
3351 4170 3384 4239 ἢ
3428 4170 3462 4221 a
3489 4161 3709 4233 ἀναγινώ-

2208 4270 2388 4319 σκετε,
2421 4252 2517 4305 καὶ
2538 4253 2951 4321 ἐπιγινώσκετε.
3008 4257 3248 4321 Ἐλπίζω
3293 4260 3352 4312 δὲ
3385 4260 3462 4313 ὃτι
3508 4259 3590 4311 καὶ
3632 4255 3711 4315 ἕως

2205 4343 2391 4408 τέλους
2420 4343 2812 4412 ἐπιγνώσεσθε,
2846 4344 3028 4409 καθὼς
3054 4348 3151 4400 καὶ
3178 4348 3457 4417 ἐπέγνωτε
3483 4348 3610 4418 ἡμᾶς
3632 4342 3711 4398 ἀπὺ

2210 4435 2441 4506 μέρους,
2483 4436 2565 4488 ὅτι
2613 4434 2875 4506 καύχημα
2927 4436 3082 4506 ὑμῶν
3133 4439 3319 4507 ἐσμεν·
3370 4440 3598 4505 καθάπερ
3641 4433 3712 4487 καὶ

2210 4526 2367 4594 ὑμεῖς
2395 4524 2552 4595 ἡμῶν
2601 4525 2661 4579 ὲν
2704 4528 2771 4596 τῇ
2813 4526 2995 4598 ἡμέρᾳ
3026 4527 3122 4581 τοῦ
3155 4530 3360 4600 Κυρίου
3397 4529 3549 4599 ἡμῶν
3577 4520 3710 4595 Ἰησοῦ

2210 4615 2467 4687 Χριστοῦ,
2499 4618 2608 4670 Καὶ
2630 4617 2803 4687 ταύτῃ
2832 4621 2900 4688 τῇ
2930 4619 3251 4689 πεποιθήσει
3275 4621 3562 4689 ἐϐουλόμην
3578 4615 3712 4670 ἐλθεῖν

2207 4704 2269 4759 τὺ
2300 4707 2564 4777 πρότερον
2591 4707 2729 4777 πρὸς
2755 4709 2923 4775 ὑμᾶς,
2957 4708 3043 4760 ἵνα
3072 4708 3335 4781 δευτέραν
3368 4709 3533 4780 χαρὰν
3566 4704 3710 4775 σχῆτε,

2210 4797 2484 4861 πεποιθὼς
2513 4798 2606 4850 ἐπὶ
2630 4798 2832 4861 πάντας
2867 4799 3036 4867 ὑμᾶς,
3072 4800 3155 4852 ὃτι
3176 4802 3210 4870 ὴ
3240 4800 3347 4871 ἐμὴ
3378 4799 3514 4871 χαρὰ
3546 4798 3712 4852 πάντων

2212 4889 2365 4960 ὑμῶν
2402 4891 2569 4943 ἐστιν.
2611 4908 2630 4941 ι
2659 4891 2973 4960 Γέγραπται
2996 4891 3054 4944 δὲ
3085 4892 3181 4944 καὶ
3205 4893 3264 4944 ὲν
3285 4892 3363 4962 τῷ
3391 4890 3526 4945 κατὰ
3546 4885 3712 4943 Λουκᾶν

2212 4982 2548 5052 Εὑαγγελίῳ,
2586 4999 2605 5033 ι
2661 4983 2747 5044 Ὡς
2779 4982 2836 5035 δὲ
2878 4983 3232 5052 ἐπλήσθησαν
3265 4985 3320 5039 αἱ
3349 4984 3538 5054 ἡμέραι
3559 4978 3637 5031 τοῦ
3657 4991 3713 5026 τευ

2213 5073 2329 5124 κεῖν
2364 5071 2464 5138 τὴν
2513 5069 2813 5135 Ἐλισαϐὲτ,
2848 5071 2944 5124 καὶ
2976 5071 3267 5142 ἐγέννησεν
3316 5072 3449 5134 υἱὸν,
3478 5068 3562 5122 καὶ
3591 5066 3713 5135 ἤκουε

2216 5177 2313 5214 σαν
2345 5163 2394 5214 oi
2424 5162 2716 5230 περίοικοι,
2748 5161 2843 5213 καὶ
2873 5162 2922 5213 οἱ
2961 5164 3247 5230 συγγενεῖς
3280 5162 3460 5232 αὑτῆς,
3495 5159 3578 5213 καὶ
3618 5167 3711 5206 συν-

2216 5252 2435 5323 έχαιρον
2461 5252 2620 5322 αὐτῇ.
2658 5269 2676 5303 ι
2715 5251 2869 5305 Οὖτω
2913 5253 3023 5321 γὰρ
3064 5252 3299 5323 νομίμου
3343 5251 3515 5320 φιλίας
3541 5242 3711 5313 θεσμὸς.

2219 5345 2313 5398 καὶ
2342 5345 2498 5397 κοινὰ
2544 5344 2814 5398 ποιεῖσθαι
2849 5344 2918 5398 τὰ
2954 5345 3062 5397 τῶν
3088 5345 3442 5415 φιλουμένων.
3474 5342 3569 5395 Kal
3593 5333 3713 5391 αὐτὸς

3326 5478 3370 5508 τι
3398 5476 3546 5531 Prov.
3574 5459 3708 5531 “1,5-

2617 5476 2661 5507 ⁷³
2697 5476 2885 5531 Matth.
2937 5492 3101 5541 xxvn,
3132 5476 3222 5530 «ιε.
3326 5478 3370 5508 ⁷⁵
3398 5476 3546 5531 Prov.
3574 5476 3708 5526 “1,0-

2617 5545 2675 5596 16.
2792 5546 2836 5577 ⁷⁸
2875 5547 3032 5596 Rom.
3098 5562 3189 5596 xu.
3250 5546 3336 5596 15.
3438 5540 3616 5596 "ibid.
3646 5530 3709 5584 W-

2792 5546 2836 5577 ⁷⁸
2875 5547 3032 5600 Rom.
3098 5562 3189 5610 xu,
3250 5546 3336 5600 15.
