3986 6148
302 297 433 361 1613

975 285 1326 363 HOMILIA
1368 305 1874 367 LX.—NEMINI
1914 306 2310 370 INGERERE
2351 297 2826 376 TRISTITIAM.

3396 317 3529 381 16M

295 405 448 495 οὗτος
477 413 506 465 6
541 415 748 486 τεχθεὶς
790 416 1041 482 Ἰωάννης
1080 412 1271 483 ἔλεγεν
1313 420 1427 481 τοῖς
1464 419 1734 489 μαθηταῖς
1759 422 1859 474 αύ-

1972 424 2246 481 confidens
2295 434 2427 495 erga
2478 434 2673 482 omnes
2724 444 2822 483 vos
2869 428 2994 498 quia
3044 440 3223 484 meum
3272 432 3531 501 gaudium

295 494 412 570 τοῦ,
443 525 462 558 ι
519 505 564 560 0
590 506 741 575 φίλος
765 505 857 559 τοῦ
886 500 1144 575 νυμφίου,
1169 506 1487 577 ὁὲστηκὼς,
1523 509 1616 561 καὶ
1646 510 1865 563 ἀκούων

298 595 489 661 αὐτοῦ,
533 599 678 668 χαρᾷ
710 597 889 667 χαίρει
933 595 1023 650 διὰ
1057 595 1158 665 τὴν
1192 598 1378 668 φωνὴν
1411 599 1505 651 τοῦ
1547 601 1803 670 νυμφίου.
1841 621 1860 654 ι

296 684 446 755 Αὕτη
479 682 575 740 οὖν
604 689 637 757 ἡ
668 687 812 757 χαρά
846 689 879 758 ἡ
910 687 1017 757 sui;
1045 687 1428 758 πεπλήρωται,
1453 706 1473 740 ι
1521 689 1759 744 Ἐκεῖνον
1784 691 1866 743 δεῖ

298 776 573 844 αὐξάνειν,
601 779 700 849 ἐμὲ
720 780 778 833 δὲ
806 780 1183 836 ἐλαττοῦσθαι.
1219 801 1238 834 ›
1261 783 1319 836 ’0
1344 784 1452 852 γὰρ
1479 783 1618 854 ἔχων
1640 785 1858 839 τελείαν

298 866 540 937 ἀγάπην,
575 869 766 923 ἑαυτὸν
816 870 1076 926 ἐλάττονα
1109 874 1321 943 ἡγεῖται
1347 890 1359 903 ·
1393 872 1483 926 τὸν
1526 873 1584 926 δὲ
1612 874 1861 945 πλησίον,

299 958 640 1030 ὑπερέχοντα
684 960 1099 1034 έαυτοῦ.ιΑὐτῷ
1149 965 1182 1034 ἠ
1225 962 1352 1031 δόξα
1384 965 1466 1027 είς
1499 964 1626 1028 τοὺς
1657 965 1862 1028 αίῶνας

298 1049 407 1103 τῶν
436 1051 668 1106 αἰώνων.
715 1054 773 1106 ’Δ
782 1054 910 1123 μήν.

1963 517 2211 571 omnium
2259 526 2506 573 vestrum
2539 528 2625 573 εει
2654 520 2718 573 ⁸⁸.
2749 539 2768 571 ι
2808 519 3087 588 Scriptum
3134 529 3317 576 autem
3361 531 3448 578 est
3478 535 3535 579 et

1963 606 2017 661 in
2071 608 2233 663 Luca:
2283 608 2633 680 Evangelio:
2676 629 2693 662 ι
2741 612 3036 680 Postquam
3090 621 3276 668 autem
3321 614 3561 685 impleti

1966 705 2097 752 sunt
2120 698 2239 755 dies
2268 700 2523 769 pariendi
2551 700 2856 765 Elisabeth,
2891 711 2947 756 et
2974 703 3091 772 ipsa
3120 703 3310 773 genuit
3334 704 3529 770 tilium,

1963 797 2020 843 et
2042 789 2341 845 audierunt
2374 790 2544 846 vicini
2585 798 2642 846 et
2684 791 2899 862 cognati
2928 793 3075 862 ejus,
3100 798 3157 846 et
3184 784 3533 861 congratula-

1964 873 2167 930 bantur
2192 877 2245 930 ei
2266 877 2332 932 ⁸⁸.
2368 896 2388 929 ι
2422 877 2572 934 Adeo
2604 894 2727 948 qua:
2751 881 3053 937 amicorum
3082 888 3212 934 sunt
3239 879 3534 950 peculiari-

1963 973 2072 1031 ter,
2106 967 2421 1022 communia
2457 966 2625 1023 efﬁcit
2650 969 2931 1025 vinculum
2960 970 3219 1041 legitimae
3257 971 3531 1026 amicitiai.

1963 1055 2105 1121 Quin
2128 1064 2185 1109 et
2214 1057 2326 1125 hic,
2361 1058 2499 1128 ipse,
2542 1059 2790 1129 inquam,
2815 1061 3076 1125 Joannes,
3118 1062 3234 1116 suis
3259 1061 3536 1117 disserens

299 1140 609 1209 discipulis,
641 1142 901 1198 dicebat:
942 1163 960 1195 ‹
1004 1145 1228 1199 Amicus
1262 1144 1447 1215 sponsi
1482 1154 1652 1209 Stans,
1689 1153 1745 1199 et
1805 1145 2037 1200 audiens
2082 1146 2282 1215 ipsum,
2323 1149 2524 1218 gaudio
2564 1150 2767 1220 gaudet
2825 1160 3053 1221 propter
3115 1166 3304 1208 vocem
3366 1168 3537 1222 spon-

299 1230 345 1283 si
368 1230 434 1282 ⁸³.
471 1249 489 1281 ι
532 1231 706 1299 Igitur
746 1234 852 1290 hoc
887 1252 1070 1290 meum
1109 1235 1370 1304 gaudium
1414 1235 1698 1304 impletum
1741 1241 1867 1288 est:
1912 1255 1931 1287 ι
1960 1234 2120 1289 Illum
2147 1245 2365 1306 oportet
2394 1254 2667 1305 crescere,
2696 1244 2785 1294 me
2846 1250 3031 1297 autem
3091 1243 3265 1298 minui
3289 1242 3357 1298 “.
3386 1262 3404 1296 ι
3431 1246 3535 1309 Qui

298 1319 442 1374 enim
494 1322 561 1375 ad
621 1323 912 1390 perfectam
961 1339 1133 1394 usque
1183 1323 1454 1394 promovit
1499 1323 1855 1389 charitatcm,
1894 1338 1954 1378 se
1997 1324 2221 1394 quidem
2269 1326 2541 1382 minorem
2592 1328 2770 1395 ducit,
2824 1330 3133 1400 proximum
3206 1349 3340 1387 vero
3389 1334 3538 1403 inge-

300 1425 408 1464 nue
447 1411 740 1480 profitetur
775 1413 1220 1466 eminentiorem.
1249 1411 1357 1479 Ipsi
1386 1409 1557 1479 gloria
1590 1410 1647 1465 in
1676 1411 1875 1466 saecula
1911 1413 2258 1468 saeculorum.
2287 1414 2482 1470 Amen.

920 1524 1137 1579 ΛΟΓΟΣ
1176 1524 1252 1577 Ξθ.

667 1637 804 1704 Περὶ
838 1635 943 1688 τοῦ
967 1635 1053 1704 μὴ
1084 1635 1302 1689 λυπεῖν
1341 1653 1493 1690 τινα.
1530 1625 1536 1629 ’

369 1748 433 1800 Ei
459 1749 487 1800 6
510 1746 740 1815 ἀγαπῶν
768 1745 858 1799 τδν
888 1745 1116 1814 ἀδελφὸν
1154 1745 1342 1808 αὐτοῦ,
1369 1744 1461 1798 τὸν
1490 1744 1624 1799 Θεδν
1655 1746 1863 1818 ἀγαπᾷ,

2419 1532 2631 1601 1120
2658 1530 2938 1587 IIOMILIA
2978 1532 3089 1587 LX.

2374 1636 2454 1692 Ne
2490 1640 2572 1692 cui
2592 1639 2801 1709 ingeras
2833 1641 3120 1693 tristitiam.

2040 1743 2144 1811 Qui
2171 1744 2350 1816 diligit
2379 1726 2609 1803 fratrem
2658 1764 2843 1813 suum,
2875 1749 3047 1804 Deum
3091 1751 3285 1821 utique
3322 1752 3535 1824 diligit;

301 1837 397 1891 καὶ
435 1840 464 1890 6
511 1839 587 1906 μὴ
616 1835 843 1904 ἀγαπῶν
882 1836 972 1888 τὸν
999 1833 1226 1903 ἀδελφὸν
1252 1835 1439 1902 αὑτοῦ,
1465 1836 1586 1890 οὐδὲ
1623 1835 1715 1890 τὸν
1737 1837 1869 1890 Θεὸν

1972 1843 2194 1901 contra,
2255 1838 2510 1908 quisquis
2574 1838 2802 1893 fratrem
2873 1856 3034 1896 suum
3094 1842 3416 1912 neutiquam
3472 1862 3541 1900 ex

301 1928 512 1998 ἀγαπᾷ,
543 1929 686 1981 κατὰ
712 1928 804 1981 τὸν
847 1924 1144 1980 ἀπόστολον
1180 1925 1435 1995 Ἰωάννην
1459 1963 1476 1989 ,
1505 1924 1665 1993 δῆλόν
1693 1926 1862 1992 ἐστιν,

300 2019 382 2072 ὅτι
407 2020 503 2071 καὶ
534 2020 564 2072 6
586 2018 770 2074 λυπῶν
797 2018 886 2071 τὸν
919 2016 1146 2084 ἀδελφὸν
1168 2014 1356 2080 αὐτοῦ,
1385 2015 1479 2068 τὸν
1517 2015 1650 2070 Θεὸν
1679 2016 1861 2071 λυπεῖ.

306 2128 326 2162 ι
364 2110 456 2179 Μὴ
484 2109 706 2162 λυπεῖτε
748 2108 878 2181 γάρ,
911 2107 1097 2178 φησὶν,
1126 2105 1188 2159 τὸ
1217 2105 1441 2175 Πνεῦμα
1460 2104 1522 2158 τὸ
1550 2104 1705 2175 ἀγιον
1738 2108 1796 2161 ὲν
1823 2099 1868 2174 ᾧ

301 2201 726 2272 ἐσφραγίσθητε.
780 2219 800 2253 ι
853 2199 964 2252 Kal.
1005 2198 1087 2266 τὺ,
1125 2216 1144 2250 ι
1202 2196 1334 2267 Ἐμὲ
1369 2196 1668 2267 ἐλύπησαν,
1720 2197 1868 2267 λέγει

300 2290 524 2361 Κύριος.
556 2309 575 2344 ι
632 2291 740 2344 Kal
793 2285 969 2354 αὖθις,
1025 2306 1045 2339 ι
1111 2285 1232 2356 Ἐφ’
1263 2287 1389 2340 ὅσον
1445 2287 1738 2358 ἐποιήσατε
1790 2288 1869 2341 ἑνὶ

300 2381 505 2434 τούτων
572 2381 680 2434 τῶν
730 2381 973 2450 ἀδελφῶν
1045 2395 1146 2449 μου
1200 2376 1309 2430 τῶν
1385 2376 1704 2447 ἐλαχίστων,
1747 2378 1871 2446 ἐμοὶ

302 2471 615 2540 ἐποιήσατε.
659 2489 679 2523 ι
714 2470 847 2535 Kal,
885 2486 904 2520 ι
957 2467 1074 2534 Ἐφ’
1128 2467 1277 2523 ὅσον.
1308 2464 1409 2518 οὐκ
1438 2466 1727 2537 ἐποιήσατε
1791 2468 1872 2520 ἐνὶ

298 2561 543 2625 τούτων,
598 2560 721 2615 οὐδὲ
791 2560 916 2629 ἐμοὶ
998 2561 1317 2629 ἐποιήσατε.
1387 2577 1407 2611 ι
1465 2558 1872 2612 Ἀποδέδεικται

299 2649 479 2702 τοίνυν
548 2650 639 2702 διὰ
679 2649 790 2702 τῶν
834 2649 1268 2719 προειρημένων,
1314 2652 1398 2704 ὅτι
1462 2650 1492 2702 6
1562 2649 1657 2701 τὸν
1714 2648 1869 2701 ἀδελ-

303 2740 400 2809 φὸν
423 2740 587 2793 αὐτοῦ
632 2740 974 2809 θεραπεύων,
1019 2741 1114 2794 τὸν
1169 2741 1302 2794 Θεὸν
1347 2739 1655 2813 θεραπεύει.
1704 2738 1874 2792 Γινώ-

304 2849 522 2896 σκοντες
557 2828 668 2898 οὖν,
708 2833 999 2903 ἀγαπητοὶ,
1032 2835 1112 2887 ὅτι
1149 2837 1207 2887 ὲν
1262 2834 1445 2904 τούτῳ
1474 2833 1565 2886 τὸν
1596 2832 1727 2886 Θεὸν
1781 2831 1874 2884 θει-

303 2923 638 2993 ραπεύομεν,
686 2925 743 2975 ὲν
788 2923 867 2993 τῷ
903 2924 976 2995 μὴ
1006 2923 1196 2976 λυπεῖν
1242 2922 1301 2976 έν
1353 2940 1461 2977 τινι
1489 2925 1580 2976 τὸν
1625 2920 1872 2992 πλησίον,

303 3014 576 3078 παντοίως
608 3015 1006 3085 ἀγωνισώμεθα
1058 3015 1136 3088 μὴ
1162 3014 1347 3068 δοῦναι
1414 3012 1747 3084 πρόφασινῆ
1788 3012 1875 3064 αἱ-

302 3106 425 3159 τίαν
485 3107 593 3159 τινὶ
659 3105 752 3158 τοῦ
820 3105 1103 3159 λυπεῖσθαι
1171 3104 1292 3158 καθ’
1341 3104 1499 3175 ἡμῶν
1559 3100 1867 3171 εύλόγωςῆ

302 3197 512 3265 ἀλόγως
538 3213 550 3226 ·
584 3198 673 3250 ἵνα
720 3197 796 3267 μὴ
841 3197 1211 3267 ἀπρόσδεκτος
1244 3197 1468 3267 γένηται
1505 3195 1539 3265 ἡ
1587 3193 1866 3265 προσευχὴ

304 3287 481 3360 ἡμῶν,
513 3287 586 3351 ὡς
615 3286 887 3358 πρόϐατον
933 3290 1023 3341 ἐπὶ
1055 3288 1256 3359 βωμόν.
1310 3307 1329 3340 ι
1379 3280 1472 3351 Εἷς
1513 3285 1643 3356 γὰρ,
1679 3284 1863 3354 φησὶν,

303 3380 619 3451 εὐχόμενος,
671 3380 764 3433 καὶ
798 3372 880 3443 εἷς
913 3378 1321 3449 καταρώμενος,
1359 3375 1502 3439 τίνος
1541 3375 1724 3445 φωνὴν
1749 3375 1868 3427 εἰσ-

304 3469 594 3524 ακούσεται
638 3470 667 3522 6
704 3468 1022 3537 Δεσπότης;
1067 3485 1085 3517 ›
1118 3466 1298 3528 καθὼς
1335 3467 1391 3518 ὲν
1417 3467 1482 3534 τῇ
1514 3463 1684 3533 Σοφίᾳ
1718 3461 1868 3531 δεδή-

305 3560 491 3612 λωται.
533 3578 551 3611 ι
582 3561 692 3612 Kal.
721 3555 899 3622 αὖθις,
924 3576 942 3606 ι
975 3552 1066 3620 Εἷς
1089 3554 1406 3624 οἰκοδομῶν,
1435 3554 1529 3605 καὶ
1557 3547 1635 3614 εἷς
1672 3551 1867 3605 καθαι-

311 3646 439 3717 ρῶν,
467 3646 520 3698 τί
551 3645 928 3715 ὠφελήσουσιν
955 3642 1140 3706 πλέον,
1181 3640 1215 3712 ἢ
1263 3640 1502 3705 κόπους;
1541 3637 1871 3707 βαπτιζόμε-

307 3754 395 3800 νος
428 3737 535 3789 ἀπὸ
568 3735 782 3806 νεκροῦ,
818 3736 916 3788 καὶ
947 3733 1112 3787 πάλιν
1138 3730 1463 3800 ἁπτόμενος,
1494 3729 1548 3781 τί
1589 3727 1869 3797 ὠφέλησεν

304 3828 365 3880 τὸ
394 3824 622 3895 λουτρὸν
653 3825 854 3889 αὑτοῢ;
897 3842 916 3875 ›
955 3820 1143 3882 Οὕτως
1168 3818 1442 3891 νηστεύων
1465 3816 1748 3887 ἅνθρωπος
1778 3816 1871 3867 ἐπὶ
1918 3834 1933 3849 ·

303 3920 409 3972 τῶν
454 3915 741 3990 ἁμαρτιῶν
773 3913 962 3979 αὐτοῦ,
1000 3912 1095 3966 καὶ
1125 3910 1291 3964 πάλιν
1322 3907 1742 3979 πορνευόμενος,
1774 3904 1869 3957 καὶ

305 4013 376 4066 τά
407 4012 546 4064 αὐτὰ
577 4009 771 4075 ποιῶν,
814 4007 914 4077 τῆς
940 4002 1255 4075 προσευχῆς
1296 3999 1458 4053 αὑτοῦ
1500 3999 1584 4062 τίς
1618 3996 1869 4051 εἰσακού-

309 4116 490 4168 σεται;
526 4100 622 4153 καὶ
653 4098 706 4150 τί
734 4095 1017 4166 ὠφέλησεν
1058 4095 1115 4145 ὲν
1145 4091 1223 4161 τῷ
1264 4086 1650 4143 ταπεινοῦσθαι
1675 4086 1865 4150 αύτόνς

307 4193 417 4246 Kal
446 4192 674 4259 ὲπάγει,
714 4209 732 4241 ι
784 4188 874 4258 Μὴ
926 4186 1177 4239 τέκταινε
1227 4183 1320 4234 ἐπὶ
1367 4182 1458 4233 σὺν
1499 4179 1652 4250 φίλον
1698 4179 1865 4244 κακὰ,

308 4283 696 4354 παροικοῦντα,
747 4281 839 4332 καὶ
871 4275 1167 4331 πεποιθότα
1195 4273 1290 4326 ἐπὶ
1327 4273 1434 4327 σοί.
1480 4273 1574 4323 Ἐκ
1604 4270 1868 4340 στόματος

306 4376 411 4446 γὰρ
451 4376 680 4445 ἄφρονος
748 4372 1085 4437 ἐξελεύσεται
1126 4367 1395 4439 βακτηρία
1438 4365 1647 4434 ὕϐρεως
1671 4382 1684 4396 ·
1715 4365 1866 4435 χείλη

1967 1927 2154 1981 animo
2221 1927 2442 1999 diligit,
2502 1945 2682 1999 neque
2756 1931 2804 1986 is
2868 1931 3046 2001 diligit
3108 1932 3321 1998 Deum,
3385 1935 3542 2005 juxta

1965 2014 2192 2071 Joannis
2244 2018 2478 2087 apostoli
2536 2020 2867 2075 sententiam
2913 2020 2983 2073 ⁸⁸.
3046 2020 3192 2075 Nulli
3242 2022 3540 2079 obscurum

1965 2118 2089 2160 esse
2137 2116 2362 2176 putem,
2421 2110 2682 2178 quoniam
2719 2110 2972 2181 quisquis
3021 2111 3249 2167 fratrem
3305 2129 3542 2170 mmrere

1967 2194 2124 2259 facit,
2180 2196 2325 2251 idem
2366 2200 2656 2254 contristat
2701 2209 2758 2255 et
2804 2202 3000 2257 Deum.
3041 2222 3061 2254 ‹
3100 2204 3280 2259 Nolite
3330 2207 3542 2260 contri-

1968 2294 2118 2344 stare
2188 2289 2454 2359 Spiritum
2521 2302 2811 2362 sanctum,
2867 2296 2979 2361 ait,
3042 2297 3098 2351 i'n
3165 2312 3277 2368 quo
3339 2299 3536 2369 signati
3630 2294 3633 2297 ’

1968 2377 2104 2433 estis
2135 2376 2205 2431 ⁸⁸.
2242 2399 2261 2431 ι
2300 2380 2369 2434 Ει
2401 2397 2416 2433 :
2455 2398 2475 2432 ι
2510 2380 2594 2436 Me
2640 2380 3133 2449 contristaverunt,
3186 2386 3323 2443 dicit
3358 2391 3544 2444 Domi-

1969 2480 2077 2521 nus
2102 2466 2168 2522 ⁸⁷.
2202 2487 2220 2519 ι
2252 2469 2491 2525 Rursum
2522 2488 2534 2523 :
2568 2488 2588 2523 ι
2624 2471 2884 2538 Quandiu
2931 2474 3141 2531 fecistis
3185 2479 3282 2531 uni
3326 2494 3391 2533 ex
3431 2481 3544 2535 fra-

1971 2557 2149 2613 tribus
2166 2559 2302 2615 meis
2317 2560 2580 2627 minimis,
2606 2563 2743 2619 mi-hl
2764 2564 2974 2621 fecistis
2990 2566 3055 2621 ⁸⁸.
3078 2586 3096 2619 ι
3123 2569 3224 2624 Et:
3246 2588 3263 2620 ι
3287 2569 3544 2636 Quandiu

1973 2664 2084 2703 non
2126 2649 2336 2705 fecistis
2372 2651 2468 2706 uni
2513 2667 2582 2707 ex
2629 2653 2738 2720 his,
2780 2670 2959 2726 neque
3002 2659 3136 2711 mihi
3182 2659 3395 2715 fecistis
3424 2662 3495 2715 ⁸⁸.
3520 2683 3538 2714 ι

1974 2736 2071 2792 llis
2088 2739 2255 2809 igitur
2275 2741 2552 2809 praedictis
2573 2742 2773 2798 idonee
2793 2745 2935 2800 satis
2947 2744 3314 2803 demonstrari
3334 2733 3542 2819 putem,

1973 2829 2234 2899 quoniam
2266 2831 2362 2900 qui
2392 2831 2461 2886 de
2496 2832 2665 2888 fratre
2694 2834 2834 2889 bene
2872 2837 3106 2893 meritus
3131 2838 3359 2894 exhibet
3385 2842 3545 2898 obsc-

1973 2918 2186 2989 quium,
2208 2921 2539 2991 obsequitur
2563 2932 2619 2978 et
2646 2925 2778 2980 Deo.
2820 2923 2956 2998 Cum
2994 2928 3183 2999 igitur,
3207 2930 3540 2995 charissimi,

1975 3007 2147 3076 probe
2199 3011 2311 3081 jam
2361 3012 2700 3076 noverimus,
2755 3029 2857 3070 nos
2911 3015 2967 3069 in
3021 3017 3128 3072 hoc
3180 3019 3413 3091 obsequi
3479 3039 3545 3079 ac

1976 3097 2245 3154 inservire
2281 3100 2416 3164 Deo,
2459 3100 2505 3156 si
2535 3102 2685 3156 nulla
2721 3102 2777 3157 in
2821 3120 2881 3160 re
2906 3107 3222 3175 proximum
3248 3112 3543 3167 contriste-

1971 3204 2131 3243 mus:
2154 3189 2334 3244 modis
2359 3192 2618 3248 omnibus
2634 3193 2966 3261 adnitamur,
2990 3214 3059 3252 ne
3082 3214 3189 3269 qua
3210 3201 3267 3254 in
3292 3218 3351 3257 re
3379 3204 3541 3259 ullam

1970 3294 2328 3350 suggeramus
2364 3283 2711 3339 occasionem
2739 3286 2854 3341 sive
2888 3302 3107 3343 causam
3156 3294 3403 3360 proximo
3441 3297 3541 3348 tri-

1972 3370 2136 3425 stitia:
2178 3379 2234 3426 et
2260 3373 2538 3438 maeroris,
2571 3374 2687 3429 sive
2728 3391 2817 3431 res
2848 3376 2989 3432 ferat
3029 3380 3225 3434 rationi
3258 3392 3541 3453 utcunque

1971 3470 2374 3527 consentanea,
2430 3464 2544 3518 sive
2595 3464 2778 3518 minus
2807 3466 2829 3517 ἐ
2870 3474 2931 3519 ut
2989 3483 3060 3522 ne
3116 3478 3301 3524 nostra
3362 3475 3542 3527 oratio
3606 3486 3620 3498 ‘

1975 3551 2201 3619 perinde
2244 3567 2307 3606 ac
2362 3554 2631 3623 rejectitia
2679 3556 2949 3623 quaepiam
2992 3558 3112 3611 ovis
3156 3568 3213 3614 et
3273 3563 3540 3630 reproba.

1974 3641 2087 3696 Deo
2114 3642 2324 3713 ingrata
2364 3643 2476 3699 fiat.
2511 3663 2528 3693 ι
2558 3644 2710 3700 Unus
2738 3646 2885 3699 enim
2918 3662 3103 3715 orans,
3138 3650 3215 3704 ait
3251 3652 3544 3719 Sirach,'et

1974 3746 2121 3785 unus
2172 3732 2545 3798 malediceus,
2601 3735 2758 3803 cujus
2818 3751 3008 3790 vocem
3054 3741 3312 3796 exaudiet
3359 3744 3544 3799 Domi-

1974 3838 2080 3877 nus
2106 3823 2184 3876 ὀἳ
2216 3843 2234 3873 ι
2271 3824 2738 3893 quemadmodum
2773 3827 2828 3881 in
2864 3826 3147 3897 Sapientia
3175 3831 3306 3887 Jesu
3345 3834 3543 3893 Siracli

1974 3914 2282 3969 luculenter
2304 3930 2625 3984 expressum
2655 3924 2759 3971 est.
2791 3916 3031 3972 Rursum
3065 3936 3079 3974 :
3122 3940 3140 3972 ε
3171 3923 3324 3979 Unus
3369 3926 3542 3980 inditi-

1974 4021 2106 4061 cans
2154 4015 2210 4061 et
2258 4022 2401 4060 unus
2452 4006 2777 4073 destruens,
2822 4010 2953 4078 quid
2994 4014 3269 4069 commodi
3312 4016 3544 4075 afferent

1975 4103 2175 4166 printer
2193 4096 2447 4159 labores?
2475 4097 2577 4163 Qui
2608 4098 2824 4154 lavatur
2848 4115 2878 4155 a
2906 4104 3220 4169 morticino,
3251 4115 3308 4160 et
3338 4107 3541 4162 iterum

1974 4189 2146 4259 tangit
2173 4191 2546 4257 morticinum,
2574 4207 2696 4261 qua:
2724 4194 2933 4255 utilitas
2956 4195 3010 4249 in
3036 4197 3253 4253 lavacro
3278 4200 3493 4270 ejus"?
3518 4223 3535 4253 ι

1975 4277 2068 4334 Sic
2087 4280 2181 4348 qui
2206 4280 2419 4352 jejunat
2443 4282 2608 4337 homo
2640 4299 2741 4353 pro
2770 4287 3013 4355 peccatis
3039 4288 3174 4351 suis.
3194 4301 3250 4344 et
3272 4291 3320 4345 is
3344 4290 3539 4346 iterum

1972 4368 2300 4436 fornicatur,
2345 4387 2410 4427 ac
2456 4374 2648 4429 eadem
2688 4374 2819 4429 facit
2861 4393 2983 4445 quae
3027 4378 3205 4446 prius,
3234 4381 3540 4437 orationem

306 4469 363 4520 δὲ
422 4467 598 4534 σοφῶν
658 4464 987 4533 φυλάξουσιν
1038 4459 1261 4522 αὐτούς.
1320 4478 1338 4511 ο
1403 4458 1461 4510 '0
1504 4458 1864 4528 πορευόμενος

1976 4457 2136 4513 istius
2179 4460 2304 4529 quis
2350 4460 2644 4517 exaudiet?
2683 4461 2894 4532 Ecquid
2935 4463 3167 4533 profecit
3200 4464 3542 4525 bumiliando

306 4553 506 4626 ὀρθῶς,
538 4553 784 4623 φοϐεῖται
835 4552 924 4605 τὸν
956 4551 1193 4620 Κύριον*
1247 4550 1274 4599 ὁ
1318 4547 1377 4600 δὲ
1418 4544 1719 4607 σκολιάζων
1744 4547 1866 4607 ταῖς

306 4645 449 4709 ὁδοῖς
479 4644 664 4710 αὑτοῦ,
704 4643 1159 4713 ἀτιμασθήσεται.
1207 4641 1317 4694 Kal.
1360 4641 1388 4692 6
1437 4640 1723 4708 προφήτης
1763 4638 1867 4692 Μι-

306 4734 467 4803 χαίας
492 4731 853 4801 ποτνιώμενος
881 4731 1023 4784 κατὰ
1049 4730 1142 4783 τοῦ
1160 4726 1377 4800 Ἰσραὴλ
1402 4727 1608 4796 ἔλεγεν,
1647 4745 1665 4777 ι
1699 4727 1869 4779 Ἕκα-

310 4841 434 4887 στος
462 4825 553 4878 τὸν
582 4824 809 4892 πλησίον
855 4822 1020 4875 αὑτοῦ
1062 4820 1319 4884 ἐκθλίϐει,
1359 4823 1438 4884 είς
1469 4820 1529 4873 τὸ
1560 4820 1731 4873 κακὸν
1767 4820 1867 4883 τὰς

307 4918 500 4984 χεῖρας
529 4912 707 4966 αὐτῶν
737 4908 1135 4981 ὲτοιμὰζυντες.
1177 4929 1195 4962 ι
1218 4910 1274 4961 ’0
1302 4909 1359 4961 δὲ
1390 4908 1726 4971 Ἀπόστολος,
1749 4927 1768 4959 ι
1802 4909 1863 4961 Ei

308 5005 415 5074 γὰρ
466 5005 495 5057 6
527 5003 751 5071 ἀδελφός
787 5019 880 5054 σου
924 5001 1196 5062 λυπεῖται,
1233 4998 1428 5069 φησὶν,
1456 4998 1555 5049 οὐκ
1600 4997 1681 5051 ἔτι
1726 4999 1867 5051 κατά

307 5094 529 5163 ἀγάπην
558 5094 902 5163 περιπατεῖς.
938 5109 957 5140 ι
987 5090 1148 5157 Λέγει
1175 5090 1231 5141 δὲ
1259 5089 1353 5141 xal.
1380 5089 1408 5140 6
1439 5087 1662 5159 Κύριος,
1699 5106 1718 5139 ι
1754 5089 1868 5160 Πᾶς

307 5184 337 5235 6
374 5182 729 5254 ὀργιζόμενος
770 5179 848 5248 τῷ
889 5178 1101 5247 ἀδελφῴ
1153 5177 1339 5241 αὑτοῦ,
1392 5176 1595 5254 ἔνοχοςκ
1620 5175 1770 5229 ἔσται
1800 5179 1867 5247 τῇ

308 5273 512 5344 κρίσει’
570 5272 626 5334 ὃς
667 5271 711 5324 δ’
764 5270 831 5323 ἀν
882 5270 1013 5340 εῐπῃ
1047 5265 1125 5336 τῷ
1164 5265 1377 5335 ἀδελφῷ
1408 5263 1598 5329 αὐτοῦ,
1636 5264 1867 5330 Ῥακκὰ,

309 5365 491 5435 ἔνοχος
522 5362 675 5418 ἔσται
700 5361 777 5433 τῷ
810 5360 1103 5430 συνεδρίῳ·
1130 5359 1225 5411 καὶ
1252 5357 1308 5420 ὃς
1330 5357 1374 5409 δ’
1405 5355 1473 5409 ἀν
1509 5355 1658 5426 είπῃ,
1683 5357 1872 5427 Μωρὲ,

376 5503 423 5535 ⁸¹
452 5502 497 5555 ll
520 5501 647 5557 Cor.
680 5517 738 5566 ιι,
764 5500 818 5554 5.
892 5500 939 5532 θ’
970 5499 1102 5552 Luc.
1141 5515 1179 5561 ι,
1203 5497 1291 5559 '57,
1318 5496 1405 5551 58.

305 5570 349 5604 ⁸⁷
381 5573 585 5627 Jerem.
622 5572 747 5634 ιω.
825 5570 869 5601 ⁸⁸
897 5569 1084 5622 Matth.
1123 5584 1248 5629 xxv,
1275 5567 1359 5620 40.
1435 5568 1479 5600 ⁸³
1508 5569 1643 5622 ibid.
1689 5569 1778 5622 ΑΒ.

311 5641 359 5675 ⁹⁸
388 5643 544 5695 Prov.
579 5656 686 5697 xw.
712 5642 764 5693 5.
840 5638 883 5671 ’⁵
926 5638 1092 5690 Eccli.
1131 5653 1237 5695 im,
1272 5638 1358 5689 1'3.
1437 5638 1481 5670 ⁸⁵
1513 5638 1672 5691 Mich.
1706 5656 1797 5696 vn,
1829 5640 1881 5693 '5.

1973 4550 2072 4604 se?
2102 4550 2318 4605 lnducit
2348 4569 2361 4604 :
2396 4571 2414 4603 ‹
2452 4552 2527 4607 Ne
2554 4554 2889 4610 macbineris
2917 4556 3056 4610 mala
3097 4554 3360 4613 adversus
3402 4562 3542 4613 ami~

1972 4654 2097 4693 cum
2134 4649 2288 4693 tuum
2333 4643 2428 4710 qui
2472 4643 2625 4712 juxta
2666 4653 2719 4699 te
2771 4644 3003 4711 habitat,
3058 4654 3116 4700 et
3167 4647 3336 4702 habet
3379 4649 3436 4702 in
3490 4658 3542 4707 te

1972 4729 2227 4786 fiduciam
2258 4734 2302 4765 ⁹²
2328 4751 2343 4797 ;
2378 4750 2443 4788 ex
2474 4749 2569 4788 ore
2605 4736 2750 4789 enim
2782 4736 3096 4804 stultorum,
3125 4738 3307 4794 baculi
3344 4751 3543 4797 contu-

1973 4821 2149 4876 meliae
2176 4824 2540 4891 expellentur,
2584 4824 2727 4880 labia
2760 4836 2943 4880 autem
2993 4827 3326 4897 sapientium
3353 4843 3543 4886 custo-

1974 4909 2128 4966 dient
2150 4927 2247 4967 eos
2269 4913 2334 4967 ”.
2365 4933 2383 4964 ι
2416 4914 2579 4978 Sane,
2614 4917 2708 4986 qui
2744 4927 2891 4973 recte
2923 4920 3148 4986 incedit,
3181 4922 3336 4977 timet
3357 4924 3542 4978 Domi-

1974 5017 2141 5063 num;
2175 5004 2269 5073 qui
2303 5015 2485 5061 autem
2517 5007 2634 5062 vias
2667 5023 2795 5063 suas
2829 5010 3112 5080 depravat,
3139 5012 3540 5082 ignominiosus

1973 5093 2098 5146 erit.
2140 5096 2413 5163 Pmpbcta
2462 5098 2687 5169 insuper
2726 5100 2980 5155 Michzeas
3022 5102 3342 5170 suppliciter
3381 5103 3540 5157 obte-

1974 5194 2125 5239 stans
2169 5186 2428 5243 adversus
2473 5190 2640 5246 Israel
2681 5209 2692 5244 :
2732 5211 2750 5243 ι
2796 5192 3181 5261 Unusquisque
3225 5193 3538 5261 proximum

1972 5289 2134 5328 suum
2185 5277 2449 5333 tribulant
2488 5280 2844 5334 tribulatione
2878 5281 2944 5345 “,
2977 5281 3044 5334 ad
3094 5283 3302 5336 malum
3345 5298 3543 5339 manus

1972 5380 2102 5420 suas
2135 5380 2446 5438 pricparant
2471 5372 2535 5423 9⁸.
2573 5390 2593 5421 ι
2625 5371 2920 5439 Apostolus
2944 5385 3162 5440 quoque
3191 5390 3203 5425 :
3238 5391 3256 5423 ‹
3286 5371 3340 5425 Si
3373 5375 3541 5427 frater

1515 5498 1756 5575 flow);
1778 5516 1858 5567 ιιι,
1883 5501 1972 5575 _29_.
2044 5502 2090 5535 “
2122 5503 2257 5559 ibid.
2285 5507 2372 5560 50.
2447 5507 2492 5538 ⁸⁸
2523 5507 2543 5559 l
2573 5507 2805 5565 Joan.u.
2828 5502 3079 5559 lilii."
3111 5506 3310 5575 Epiros.
3345 5524 3414 5568 iv.
3449 5508 3537 5565 70.

1853 5572 1899 5604 ⁹⁰
1931 5573 2099 5627 Eccli.
2127 5591 2303 5639 xxxiv,
2331 5577 2420 5630 29.
2495 5577 2539 5609 "
2567 5576 2699 5630 ibid.
2726 5578 2819 5640 28,
2849 5580 2938 5631 50.
3012 5578 3060 5611 ”
3094 5572 3261 5632 Ecca.
3301 5593 3336 5631 ι
3364 5594 3403 5641 τί
3454 5579 3541 5633 I0.
