3986 6148
520 229 535 269 Γ
538 218 639 282 Ῑϐἱ
647 222 680 282 5
1810 226 2098 289 ANTIOC]

2213 226 2559 289 MONACHI
3628 220 3731 290 ifilﬁ

535 334 665 382 tuus
711 334 937 397 propter
978 336 1029 384 te
1056 330 1452 399 contristatur,
1496 348 1608 390 non
1649 335 1760 406 jam
1801 336 2098 391 secundum

2208 334 2392 405 ἔνοχος
2426 335 2582 388 ἔσται
2612 334 2691 399 είς
2716 334 2813 404 τὴν
2842 333 3064 402 γέενναν
3109 330 3203 385 τοῦ
3260 331 3456 404 πυρός.
3493 351 3509 383 ι
3538 332 3633 387 Καὶ
3656 338 3730 389 ἐπ-

516 416 858 475 .charitatem
888 422 1158 478 ambulas
1189 425 1255 477 “.
1298 444 1317 475 ι
1351 425 1496 487 Dicit
1544 436 1729 484 autem
1784 427 2048 483 Dominus
2089 445 2098 479 :

2212 425 2357 492 ἀγει,
2394 442 2413 475 ι
2439 424 2564 477 Ἐάν
2581 419 2675 476 οὖν
2708 423 3026 494 προσφέρῃς
3050 422 3111 474 τὸ
3134 422 3313 491 δῶρόν
3341 438 3438 475 σου
3477 422 3563 474 ἐπὶ
3581 421 3633 474 τὸ
3661 422 3730 474 θυ-

538 528 557 559 ‹
596 510 790 564 Omnis
816 512 912 580 qui
943 512 1200 592 irascitur
1223 513 1381 569 fratri
1413 531 1534 584 suo,
1569 534 1700 574 reus
1726 519 1834 574 erit
1861 518 2098 589 judicio;

2208 517 2551 586 σιουστήριον,
2589 516 2753 567 κάκεῖ
2784 513 3048 584 μνησθεὶς
3077 513 3158 565 ὅτι
3189 512 3300 582 ἔχει
3345 530 3402 565 τι
3444 511 3578 565 κατὰ
3608 511 3682 564 σοῦ
3702 512 3731 562 ·6

531 599 625 668 qui
683 610 868 654 autem
928 601 1131 658 dixerit
1186 603 1341 660 fratri
1393 621 1522 672 suo,
1580 609 1755 675 Raca,
1816 624 1945 663 reus
1997 608 2098 662 erit

2205 607 2431 675 ἀδελφός
2463 623 2578 672 σου,
2609 607 2746 674 ἄφες
2779 606 2900 657 ἐκεῖ
2917 605 2977 658 τὸ
3006 604 3178 675 δῶρόν
3217 620 3313 656 σου
3348 602 3641 674 ἔμπροσθεν
3660 603 3729 655 τοῦ

530 691 801 754 concilio;
826 687 920 761 qui
943 708 1077 748 vero
1094 694 1315 761 dixerit,
1338 696 1526 760 Fatue,
1547 714 1674 755 reus
1695 700 1804 754 erit
1821 699 1878 752 in
1899 699 2098 769 gehen-

2196 698 2629 768 θυσιαστηρίου,
2680 697 2779 750 καὶ
2830 695 3033 765 ὕπαγε,
3082 695 3303 767 πρῶτον
3352 695 3652 765 διαλλάγηθι
3675 695 3730 762 τῷ

516 794 654 835 nam
692 781 837 851 ignis
864 784 930 838 ’⁷.
970 802 990 836 ›
1026 785 1241 842 lndueit
1274 806 1287 841 :
1327 809 1345 840 ι
1375 790 1431 845 Si
1477 791 1647 860 igitur
1675 790 1876 845 offeras
1903 804 2098 844 munus

2200 788 2419 859 ἀδελφῷ
2443 805 2557 852 σου,
2583 789 2679 841 κα)⁵
2707 789 2827 841 τότε
2854 786 3020 840 ἐλθὼν
3042 787 3321 857 πρόσφερε
3352 787 3414 838 τὸ
3434 785 3594 855 δῶρόν
3610 801 3725 836 σου.»

530 879 687 925 tuum
735 874 1099 940 antealtare,
1146 884 1200 931 et
1248 877 1360 933 illic
1402 880 1722 934 recordatus
1744 878 1935 933 Fueris
1971 877 2098 946 quia

2200 879 2359 949 Αύτῷ
2388 882 2421 949 ἡ
2457 878 2584 943 δόξα
2611 880 2691 940 είς
2721 879 2847 941 τοὺς
2881 879 3100 941 αἰῶνας.
3150 879 3359 948 Ἂμήν.

526 963 697 1018 habet
723 963 930 1032 aliquid
971 964 1265 1020 adversum
1300 977 1354 1022 te
1388 968 1561 1024 frater
1624 978 1772 1032 tuus,
1839 968 2058 1023 dimitte
2097 969 2174 1023 ibi
2212 985 2415 1025 munus
2445 978 2598 1033 tuum
2623 980 2750 1023 ante
2792 968 2985 1035 altare,
3013 978 3070 1023 et
3096 968 3236 1022 vade
3266 968 3427 1038 prius
3453 977 3512 1020 ut
3537 965 3729 1021 reconci-

417 1108 423 1129 τ
525 1054 683 1109 lieris
732 1054 887 1109 fratri
945 1062 1064 1120 tuo,
1121 1064 1176 1110 et
1226 1065 1357 1112 tunc
1413 1059 1645 1114 veniens
1704 1058 1846 1113 offer
1901 1074 2105 1113 munus
2143 1068 2297 1115 tuum
2317 1062 2432 1115 ⁸⁸.»
2492 1061 2666 1115 Deum
2692 1068 2940 1115 nostrum
2971 1059 3200 1114 addecet
3254 1059 3460 1129 gloria,
3497 1060 3550 1112 in
3580 1056 3729 1111 saecula

529 1146 878 1202 saeculorum.
908 1146 1103 1202 Amen.

956 1259 1163 1329 1121
1217 1259 1498 1316 HOMILIA
1536 1262 1673 1323 LXI.

929 1368 1074 1436 Vide,
1107 1370 1198 1423 tibi
1227 1373 1327 1440 ipsi
1360 1379 1417 1423 ut
1440 1370 1708 1423 attendas.

596 1489 757 1543 Nulla
791 1504 900 1542 non
935 1489 991 1543 in
1023 1505 1085 1545 re
1134 1499 1397 1546 attentam
1432 1492 1514 1546 sui
1562 1492 1740 1562 ipsius
1774 1506 1964 1563 gerere
2007 1508 2105 1547 cu-

532 1595 667 1645 ram,
718 1595 808 1634 res
848 1579 1070 1649 quidem
1124 1594 1390 1650 perquam
1436 1580 1627 1644 ardua,
1675 1581 1770 1635 sed
1820 1581 2100 1645 salutaris,

2788 1267 3014 1321 ΛΟΓΟΣ
3065 1267 3185 1322 ΞΝ.

2554 1379 2695 1444 Περὶ
2727 1379 2835 1433 τοῦ
2856 1381 3187 1449 προσέχειν
3212 1381 3431 1448 ἐαυτῷ.

2276 1487 2352 1540 Τὸ
2392 1487 2686 1558 προσέχειν
2744 1490 2922 1560 ἐαυτῷ
2979 1493 3039 1544 ὲν
3090 1493 3298 1558 ἅπασι,
3359 1496 3503 1564 μέγα
3543 1497 3730 1568 πρᾶγμά

2205 1580 2322 1633 ἐστι
2352 1580 2445 1633 καὶ
2476 1581 2766 1652 σωτήριον,
2798 1584 2893 1636 καλ⁴
2921 1583 3041 1653 Θεῷ
3069 1587 3386 1656 εὐάρεστον.
3416 1589 3564 1640 Ἔστι
3587 1587 3635 1639 δὲ
3658 1589 3729 1639 καὶ

532 1674 755 1741 Deoque
801 1672 887 1726 vel
946 1673 1001 1726 in
1047 1671 1243 1742 primis
1297 1680 1538 1740 accepta.
1588 1672 1729 1724 Sane
1787 1671 2098 1725 mandatum

2206 1670 2543 1739 γενικωτάτη
2572 1671 2779 1740 ἐντολή.
2824 1673 2881 1725 '0
2906 1673 3147 1737 τοιοῦτος
3180 1676 3441 1745 ἐκφεύγει
3469 1677 3562 1746 μὲν
3590 1679 3727 1729 πᾶσαν

526 1768 634 1820 hoc
688 1767 741 1820 in
791 1781 991 1836 genere
1050 1781 1244 1820 omnes
1301 1766 1608 1820 concernit.
1656 1764 1804 1819 Talis
1852 1766 1946 1836 qui
1995 1772 2099 1832 est,

528 1866 815 1926 peccatum
863 1873 1025 1911 omne
1075 1858 1411 1911 vitabundus
1467 1856 1628 1927 fugit,
1691 1872 1910 1911 omnem
1961 1871 2101 1911 vero

526 1950 811 2013 virtutem,
852 1963 1032 2018 neque
1091 1963 1201 2002 non
1256 1948 1511 2002 mandata
1571 1947 1668 2002 Dei
1717 1948 1951 2018 perﬁcit.
2002 1947 2102 2003 Hic

525 2039 761 2093 aliorum
787 2038 1037 2093 defectus
1065 2037 1368 2108 quamlibet
1397 2036 1765 2091 multiformes
1801 2038 1956 2107 quasi
1989 2053 2099 2092 non

525 2130 727 2199 videat,
758 2130 1051 2198 neglectim
1096 2129 1421 2183 transmittit
1455 2146 1468 2182 :
1502 2128 1707 2197 quippe
1738 2129 1831 2197 qui
1866 2128 2099 2182 aliorum

524 2234 777 2286 securus,
823 2221 909 2273 sui
953 2228 1166 2273 tantum
1206 2219 1381 2288 ipsius
1428 2226 1692 2272 attentam
1744 2233 1931 2273 curam
1960 2213 2096 2284 obit',

524 2317 764 2365 mentem
819 2309 1030 2362 habens
1059 2324 1163 2378 per
1195 2308 1300 2363 hoc
1329 2308 1394 2362 ad
1430 2309 1601 2363 Deum
1642 2307 1990 2363 uniformiter
2014 2323 2101 2360 ar-

522 2413 751 2459 rectam.
801 2405 951 2459 Talis
1005 2404 1112 2459 sibi
1167 2412 1434 2474 temperat
1478 2394 1649 2473 seque
1695 2403 1981 2459 remolitur
2028 2402 2098 2457 ab

523 2496 798 2550 universis
842 2505 1184 2551 terrenarum
1219 2512 1405 2550 rerum
1435 2498 1691 2567 negotiis,
1735 2512 1912 2565 eoque
1946 2511 2100 2550 men-

523 2596 634 2642 tem
679 2586 993 2641 sublimiter
1049 2587 1253 2641 attollit
1308 2587 1376 2641 ad
1432 2588 1678 2643 emlestia
1739 2599 1795 2643 et
1830 2596 2098 2642 aeternum

521 2678 810 2732 duratura.
835 2675 1157 2731 'Conventus
1186 2678 1290 2731 hic
1320 2686 1528 2744 noster,
1561 2678 1779 2743 fratres,
1835 2692 2098 2748 perquam

520 2768 778 2822 assimilis
822 2767 1045 2822 videtur
1104 2766 1388 2822 nundinis.
1428 2767 1533 2833 Qui
1592 2768 1863 2838 negotiari
1920 2767 2094 2835 novit,

519 2868 632 2908 non
666 2853 944 2908 mediocre
992 2856 1141 2922 capit
1167 2871 1232 2908 ex
1277 2854 1679 2909 nundinatione
1708 2854 1927 2909 lucrum
1957 2872 1969 2906 :
2004 2854 2094 2924 qui

521 2942 657 2997 artis
688 2944 1029 2999 mercatoria:
1056 2943 1210 2998 rudis
1237 2951 1342 3009 est,
1387 2943 1526 2997 adeo
1571 2944 1708 2997 nihil
1754 2943 1924 2997 refert
1949 2958 2098 3011 com-

2204 1758 2498 1829 ἀμαρτίαν,
2537 1762 2716 1814 πᾶσαν
2741 1761 2796 1814 δὲ
2821 1763 3021 1834 ἀρετὴν
3050 1765 3141 1816 καὶ
3166 1765 3387 1836 ἐντολὴν
3412 1765 3539 1820 Θεοῦ
3573 1784 3729 1836 κατερ-

2192 1849 2451 1917 ’γάζεταιο
2484 1855 2511 1902 ὁ
2543 1851 2778 1916 τοιοῦτος
2817 1854 2883 1906 τὰ
2916 1855 3025 1907 τῶν
3049 1855 3222 1910 ἄλλων
3249 1859 3581 1930 ὁμοιόμορφα
3608 1860 3727 1911 ἐλατ-

2200 1940 2428 2009 τώματα
2461 1944 2695 2013 παρορᾷ,
2737 1943 2833 2023 καὶ
2868 1945 2936 1997 τά
2983 1946 3174 1999 ἑαυτοῦ
3211 1952 3485 2019 μεριμνᾷ,
3519 1950 3728 2019 μονότρο-

2201 2045 2301 2081 πον
2345 2029 2435 2081 τὸν
2463 2030 2589 2092 ,νοῦν
2621 2030 2758 2102 πρὸς
2787 2031 2920 2085 Θεὸν
2958 2036 3319 2105 κεκτημένος-
3356 2039 3385 2090 ὁ
3415 2037 3632 2100 τοιοῦτος
3653 2054 3724 2089 συ-

2203 2118 2411 2171 στέλλει
2446 2120 2636 2173 ὲαυτὸν
2681 2121 2790 2174 ἀπὸ
2838 2121 2975 2175 ὅλων
3025 2124 3131 2176 τῶν
3164 2126 3372 2195 γηΐνων
3404 2127 3720 2198 πραγμάτων,

2199 2207 2293 2259 καὶ
2342 2207 2635 2278 μετάρσιος
2677 2209 2887 2278 γίνεται
2914 2210 3055 2281 ’πρὸς
3084 2212 3153 2265 τὰ
3194 2214 3427 2282 οὐράνια
3481 2217 3568 2267 καὶ
3592 2215 3721 2267 ἀΐδια.

2184 2298 2511 2370 Πανηγύρει
2531 2300 2640 2371 γὰρ
2655 2300 2798 2353 ἔοικε
2831 2304 2981 2355 πᾶσα
3011 2302 3072 2355 σύ
3082 2303 3300 2373 μϐασις·
3329 2308 3358 2359 ὁ
3395 2307 3545 2369 είδὼς
3572 2322 3720 2374 πρατ-

2201 2390 2594 2459 ματεύσασοαι,
2638 2392 2909 2462 κερδαίνει
2986 2393 3183 2447 πολλὰ·
3216 2398 3244 2447 ὁ
3273 2396 3330 2449 δὲ
3365 2400 3438 2467 μὴ
3469 2398 3623 2460 εἰδὼς,
3651 2396 3724 2463 Ct}-

2201 2478 2329 2550 μίας
2360 2481 2644 2552 ὑποφέρει.
2689 2482 2948 2550 Μεγάλης
2997 2483 3092 2536 οὖν
3131 2487 3224 2537 καὶ
3273 2485 3546 2555 θεοφιλοῦς
3580 2484 3721 2554 ψυχῆς

2199 2573 2314 2625 ἐστι
2345 2572 2406 2625 τὸ
2436 2573 2723 2643 προσέχειν
2747 2574 2833 2627 ἀεὶ
2855 2575 3112 2643 ἀσφαλῶς
3141 2578 3344 2650 ἑαυτῷ.
3389 2581 3446 2633 Ὀ
3467 2580 3565 2649 γάρ
3582 2577 3722 2630 τοιοῦ-

2198 2679 2288 2725 τος
2318 2662 2387 2715 τά
2416 2662 2662 2733 παρόντα
2696 2664 2928 2734 ἀνόνητα
2966 2666 3341 2739 λογιζόμενος,
3368 2672 3434 2723 τὰ
3463 2671 3515 2723 δὲ
3547 2669 3717 2740 μέλλον-

2197 2770 2267 2808 τα
2313 2753 2581 2823 ἀνέφικτα
2633 2755 2729 2807 καὶ
2768 2757 3136 2827 ἀκατάληπτα
3162 2761 3503 2832 καραδοκῶν,
3529 2762 3722 2813 ntim-

2199 2844 2405 2915 θυμῶν,
2450 2846 2553 2918 τὴν
2598 2847 2814 2901 εὐθεῖαν
2852 2849 2970 2903 ὁδὸν
2992 2849 3230 2919 βαδίζει,
3263 2855 3361 2907 καὶ
3401 2855 3475 2915 είς
3498 2852 3578 2906 τὸν
3600 2840 3719 2922 ἀχεῖ·

2202 2950 2406 3003 μαστον
2427 2934 2617 3006 λιμένα
2645 2936 2740 2990 τοῦ
2766 2938 3004 3007 Χριστοῦ
3027 2944 3292 3012 καταντᾷ.
3324 2944 3441 3014 Χρὴ
3470 2938 3554 2996 οὖν
3574 2957 3709 3011 προσο

520 3033 730 3103 pendii,
768 3043 829 3085 ut
855 3033 1157 3101 plurimum
1179 3033 1342 3087 etiam
1367 3033 1641 3103 dispendii
1670 3034 1953 3088 sustineat.
1985 3033 2093 3088 Ge-

2197 3025 2343 3095 έχειν
2391 3003 2636 3098 ἀκριϐῶς
2664 3028 2733 3082 τὰ
2765 3003 3114 3102 συμφέροντα
3150 3003 3257 3086 καὶ·
3284 3003 3387 3105 μὴ.
3406 3003 3714 3104 συμφέροντα.

519 3139 731 3178 nerosae
758 3138 985 3194 prorsus
1019 3139 1084 3177 ac
1116 3124 1287 3177 Deum
1323 3122 1613 3178 sinceriter
1640 3124 1872 3178 amantis
1901 3125 2096 3179 animm

521 3224 624 3280 ast,
656 3217 763 3270 sibi
792 3215 897 3285 ipsi
922 3231 1116 3284 magna
1149 3231 1272 3269 cum
1325 3216 1578 3271 cautione
1609 3216 1916 3270 attendere.
1949 3217 2097 3273 Talis

520 3308 807 3380 praesentia
843 3309 957 3361 haec
1000 3322 1125 3361 cum
1174 3308 1446 3362 inamoena
1495 3308 1723 3377 deputet
1774 3318 1936 3377 atque
1968 3308 2093 3362 inu-

435 3393 450 3406 '
520 3396 659 3457 tilia,
686 3396 875 3449 futura
900 3409 1033 3449 vero
1082 3395 1473 3450 inenarrabilia
1499 3395 1687 3451 credat
1711 3404 1764 3450 et
1787 3413 1910 3465 quae
1939 3412 2092 3451 com-

520 3485 789 3554 prehendi
823 3501 933 3538 non
988 3492 1214 3553 queant,
1261 3500 1325 3538 ea
1368 3493 1547 3540 tamen
1600 3487 1946 3556 prtestolatur
1999 3502 2094 3556 spe

520 3576 659 3630 nihil
716 3576 905 3640 dubia,
950 3576 1364 3645 cupientissime
1406 3592 1473 3631 eo
1513 3578 1732 3631 interim
1788 3579 2090 3648 suspirans,

522 3675 671 3722 recta
711 3666 1018 3737 ingreditur
1045 3666 1153 3733 via,
1187 3667 1364 3722 donec
1387 3669 1454 3723 ad
1496 3669 2003 3738 tranquillissimum
2039 3678 2094 3724 et

520 3758 590 3813 ab
609 3759 757 3812 omni
790 3759 1157 3828 procellarum
1206 3759 1531 3829 intemperie
1561 3759 1873 3828 requietum
1899 3760 2093 3815 obvius

521 3851 759 3920 appellat
783 3849 990 3905 Christi
1028 3860 1267 3918 portum.
1295 3849 1487 3920 Opera:
1516 3850 1684 3921 igitur
1723 3853 1961 3920 pretium
1987 3860 2090 3917 est,

520 3938 754 4007 quisque
791 3946 851 3992 ut
878 3938 1126 3991 attendat
1148 3954 1213 3991 ac
1248 3938 1543 4008 diligenter
1565 3940 1832 4009 exploret,
1876 3956 1998 4009 quae
2026 3955 2092 3994 eo

521 4029 986 4084 contendentibus
1023 4028 1361 4083 conducunt.
1408 4030 1526 4084 Duo
1567 4030 1715 4084 enim
1752 4030 1931 4100 angeli
1979 4031 2091 4085 dati

522 4128 653 4176 sunt
668 4121 878 4176 homini
903 4137 1208 4175 assessores
1224 4137 1397 4175 :‘unus
1419 4122 1639 4192 quidem
1653 4122 1882 4192 iustitiae
1908 4137 2091 4176 aman-

524 4210 789 4273 tissimus,
820 4209 959 4263 alter
996 4224 1128 4263 vero
1170 4211 1392 4264 malitiae
1426 4210 1605 4265 omnis
1644 4194 1893 4265 incentor
1935 4212 2091 4266 mali-

520 4299 835 4369 gnissimus.
874 4299 941 4353 Et
961 4299 1184 4369 quidem
1213 4300 1437 4371 iustitia:
1470 4300 1714 4371 angelus,
1746 4301 2091 4356 verecundiae
2123 4332 2166 4386 υ

520 4398 683 4461 atque
732 4391 1041 4445 intemerati
1071 4391 1298 4460 pudoris
1331 4391 1801 4460 cupientissimus,
1832 4408 2087 4448 mansue-

523 4488 611 4533 tus
645 4479 870 4549 insuper
901 4488 985 4535 est
1027 4490 1085 4535 ct
1112 4479 1463 4549 tranquillus.
1498 4479 1598 4534 Hic
1626 4480 1717 4534 ubi
1750 4482 1984 4551 primum
2020 4481 2087 4536 ad

521 4585 618 4624 cor
669 4570 910 4625 hominis
941 4571 1273 4633 ascenderit,
1316 4587 1439 4625 cum
1494 4587 1561 4625 eo
1610 4588 1734 4626 mox
1780 4588 2087 4627 sermonem

524 4661 661 4714 texit
714 4662 1054 4717 familiariter
1093 4664 1159 4718 de
1193 4663 1424 4734 justitia,
1458 4664 1524 4718 de
1551 4665 1818 4718 munditia
1842 4676 1896 4719 et
1925 4665 2089 4718 casti-

521 4757 653 4812 tate,
686 4748 752 4804 de
788 4752 1061 4819 probitate
1093 4769 1326 4819 morum,
1377 4754 1443 4809 de
1472 4754 1778 4824 frugalitate
1825 4755 1938 4809 sive
1968 4771 2090 4824 par-

521 4840 758 4894 cimonia
794 4842 991 4906 victus,
1050 4842 1117 4896 de
1165 4844 1484 4912 operatione
1529 4860 1650 4912 quae
1688 4846 1834 4913 justa
1863 4845 1953 4909 sit,
1998 4846 2095 4899 de-

521 4927 691 4996 nique
717 4928 783 4983 de
813 4929 1017 4981 virtute
1040 4931 1188 4983 omni
1218 4931 1406 5001 gloriae
1441 4931 1679 4987 cwlestis
1705 4932 2117 4986 coneiliatricea

523 5018 698 5075 Simul
730 5030 894 5091 atque
926 5020 1045 5074 haec
1076 5031 1273 5075 cuneta
1309 5021 1375 5075 ad
1421 5036 1517 5074 cor
1557 5021 1797 5077 hominis
1830 5021 2091 5076 ascende-

521 5116 654 5181 rint,
687 5114 980 5184 perspicue
1011 5115 1247 5169 sentitur
1288 5114 1575 5183 prtesentia
1627 5114 1799 5184 angeli
1842 5115 2091 5185 justitiae.

519 5204 743 5270 Contra,
776 5205 954 5276 angeli
1000 5205 1222 5260 malitiae
1252 5204 1556 5259 administri
1584 5220 1749 5274 opera
1784 5205 1899 5259 haec
1930 5214 2090 5258 sunt:

523 5295 773 5353 Primum
822 5297 1069 5351 omnium
1137 5298 1421 5352 acerrima:
1471 5306 1557 5351 est.
1605 5296 1750 5360 bilis,
1799 5307 1854 5349 et
1887 5296 1952 5349 ad
1988 5297 2095 5349 ira-

521 5389 779 5443 cundiam
805 5389 1107 5460 propendet
1133 5400 1299 5455 totus,
1332 5389 1705 5444 amarulentus
1733 5403 1797 5442 ac
1826 5386 2088 5442 stolidus:

523 5480 690 5549 huius
723 5480 957 5551 maligna
986 5494 1150 5549 opera
1186 5479 1638 5548 tranquillitatem
1676 5492 1961 5531 servorum
1994 5476 2087 5528 Ι)νὶ

591 5635 639 5670 οε
670 5635 825 5689 nom.
862 5652 967 5701 xlv,
1007 5636 1090 5691 ιε.
1168 5636 1210 5666 θτ
1237 5624 1424 5687 Matth.
1454 5649 1507 5698 ν,
1540 5633 1629 5686 ea.
1707 5632 1751 5662 οε
1791 5631 1926 5685 ibid.
1961 5631 2049 5698 εδ,
2080 5633 2172 5687 ει.

2197 3114 2302 3168 Δύο
2345 3117 2455 3188 γάρ
2484 3120 2620 3171 εἰσιν
2649 3119 2873 3187 ἄγγελοι
2911 3121 3049 3189 μετὰ
3080 3122 3174 3176 τοῦ
3209 3124 3517 3195 ἀνθρώπου,
3550 3121 3616 3187 εἷς
3639 3123 3715 3191 τῆς

2195 3207 2563 3281 δικαιοσύνης,
2592 3204 2675 3274 εἷς
2705 3210 2808 3282 τῆς
2846 3213 3134 3284 πονηρίας.
3188 3216 3299 3269 Καὶ
3336 3219 3364 3271 ὁ
3405 3218 3496 3287 μὲν
3534 3217 3617 3286 τῆς
3657 3214 3716 3266 δι-

2196 3300 2489 3371 καιοσύνης
2518 3300 2748 3370 ἄγγελος
2776 3304 3139 3375 αίσχυντηρὸς
3170 3306 3263 3359 καὶ
3289 3307 3469 3377 πραῢς
3512 3308 3593 3359 καὶ
3613 3301 3714 3375 ἡσύ-

2195 3391 2310 3460 χιός
2332 3393 2500 3445 ἐστιν.
2533 3392 2700 3445 Ὅταν
2730 3390 2823 3447 οὖν
2855 3389 3012 3459 οὗτος
3042 3398 3135 3449 ἐπὶ
3168 3398 3268 3468 τὴν
3303 3400 3520 3470 καρδίαν
3541 3398 3620 3452 τοῦ
3643 3398 3714 3451 ἀν-

2196 3481 2418 3552 θρώπου
2452 3482 2648 3554 ἀναϐῇ,
2679 3485 2877 3550 εὐθέως
2900 3487 3055 3541 λαλεῖ
3074 3489 3189 3558 μετ’
3213 3490 3383 3543 αὑτοῦ
3414 3492 3530 3560 περὶ
3556 3491 3713 3543 δικαιο-

2197 3572 2384 3640 σύνης,
2417 3574 2546 3644 περ).
2584 3576 2826 3643 ἁγνείας,
2865 3580 2995 3650 περὶ
3025 3582 3380 3653 σεμνότητος,
3413 3584 3528 3654 περὶ
3552 3583 3710 3651 αὐταρ-

2194 3665 2366 3728 κείας,
2400 3668 2532 3736 περὶ
2575 3669 2774 3733 παντὸς
2806 3670 2971 3741 ἔργου
3008 3670 3239 3738 δικαίου,
3271 3678 3405 3749 περὶ
3433 3677 3595 3743 πάσης
3614 3676 3711 3740 ἀρε·

2193 3753 2290 3823 τῆς
2319 3752 2558 3819 εὐδόξου.
2589 3756 2757 3809 Ὅταν
2791 3755 2883 3812 οὖν
2922 3758 3094 3813 ταῦτα
3130 3762 3310 3818 πάντα
3359 3765 3450 3818 ἐπὶ
3485 3763 3571 3833 τὴν
3608 3775 3710 3830 κιιρ⁴

2192 3842 2308 3896 δίαν
2368 3844 2463 3898 τοῦ
2508 3845 2796 3914 ἀνθρώπου
2846 3850 3043 3921 ἀναϐῇ,
3099 3852 3356 3925 ἀρίδηλον
3413 3856 3546 3906 ἐστιν
3594 3848 3710 3904 δτιὸ

2191 3937 2419 4003 ἄγγελος
2457 3936 2557 4006 τῆς
2599 3937 2948 4011 δικαιοσύνης
2996 3942 3113 4012 μετ’
3149 3944 3316 3997 αὐτοῦ
3365 3948 3519 3999 ἐστιν.
3546 3941 3634 3995 Τοῦ
3665 3936 3708 3990 δὲ

2192 4024 2423 4093 ἀγγέλου
2448 4026 2546 4097 τῆς
2575 4030 2842 4099 πονηρίας
2866 4033 2934 4084 τὰ
2967 4032 3124 4101 ἔργα·
3148 4035 3379 4105 ’πρῶτον
3403 4036 3596 4088 πάντων
3618 4026 3713 4095 ὀξύ-

2192 4115 2344 4185 χολός
2366 4119 2504 4181 ἐστι,
2524 4119 2618 4170 καὶ
2646 4121 2861 4189 πικρὸς,
2884 4122 2978 4174 καὶ
3005 4122 3211 4194 ἄφρων,
3236 4126 3334 4179 καὶ
3356 4126 3421 4179 τά
3440 4125 3560 4196 ἔργα
3580 4116 3708 4175 αὐτοῦ

2193 4208 2427 4277 πονηρά,
2448 4211 2894 4287 καταστρέφοντα
2917 4214 3040 4277 τοὺς
3059 4213 3277 4280 δούλους
3303 4218 3395 4270 τοῦ
3416 4215 3559 4270 Θεοῦ.
3577 4214 3709 4265 Ὅταν

2192 4294 2286 4351 οὖν
2321 4291 2476 4374 οὗτος
2505 4301 2598 4354 ἐπὶ
2627 4303 2853 4370 καρδίαν
2887 4304 3176 4374 ἀνθρώπου
3223 4308 3418 4381 ἀναϐῇ,
3446 4308 3518 4361 δεῖ
3549 4303 3707 4372 γνῶναι

2198 4388 2358 4456 αὐτὸν
2391 4389 2498 4442 ἀπὸ
2537 4390 2644 4442 τῶν
2682 4392 2859 4461 ἔργων
2895 4394 3079 4450 αὑτοῦ·
3110 4397 3239 4451 ὅταν
3268 4398 3378 4469 γὰρ
3410 4396 3628 4467 ὀξυίολία
3646 4391 3707 4451 τίς

2196 4496 2302 4531 τινι
2337 4479 2630 4553 προσέλθῃ,
2660 4483 2693 4554 ἢ
2725 4483 2938 4555 πικρία,
2979 4488 3230 4557 φανερῶς
3270 4490 3298 4542 ὁ
3339 4486 3561 4548 τοιοῦτος
3583 4489 3628 4537 ἐν
3651 4480 3707 4548 τῷ

2196 4569 2467 4641 ἀνθρώπῳ
2491 4573 2656 4626 ἐστίν·
2697 4567 2814 4626 εἶτα
2844 4576 3106 4645 ἐπιθυμία
3138 4578 3390 4648 πράξεων
3412 4577 3612 4638 πολλῶν,
3638 4571 3705 4625 καὶ

2200 4661 2518 4715 πολυτέλεια
2573 4664 2884 4734 ἐδεσμάτων
2920 4665 3152 4730 πολλῶν,
3205 4671 3299 4722 καὶ
3349 4668 3587 4722 ποικίλων
3610 4679 3706 4732 τρυ-

2199 4753 2335 4822 φῶν,
2398 4756 2488 4807 καὶ
2546 4755 2810 4826 ἐπιθυμία
2866 4760 3145 4833 γυναικῶν
3182 4762 3274 4813 καὶ
3302 4757 3613 4823 πλεονεξιῶν,
3639 4750 3731 4824 καὶ,

2198 4844 2574 4914 ὑπερηφανεία
2598 4848 2692 4899 καὶ
2717 4847 3027 4913 ἀλαζονεία,
3063 4853 3154 4903 καὶ
3173 4853 3271 4905 ὅσα
3291 4852 3490 4911 τούτοις
3509 4847 3611 4901 ἐστὶ
3629 4856 3700 4894 παι

2200 4937 2472 5006 ραπλήσια
2535 4938 2628 4990 καὶ
2678 4940 2856 5008 ὅμοια.
2905 4941 3065 4994 Ἀλλὰ
3119 4945 3209 4994 καὶ
3251 4946 3304 4996 αῖ
3342 4940 3556 5012 πονηραὶ
3588 4933 3704 4996 ὲνθιν

2200 5026 2393 5095 μήσεις
2430 5026 2594 5080 αὑτοῦ
2636 5029 2770 5080 εἰσιν
2802 5031 2992 5085 πᾶσαι.
3040 5033 3372 5103 ῐξρόῖχωμεν
3394 5028 3480 5085 οὖν
3510 5021 3701 5097 ἀκριὸὦί

2197 5117 2429 5182 ἑαυτοῖς,
2466 5119 2558 5171 καὶ
2607 5118 2684 5189 τῷ
2730 5122 2946 5189 ἀγγέλῳ
2977 5122 3050 5191 τῷ
3084 5126 3305 5196 πονηρῷ
3340 5114 3698 5187 άποταξιῦμεθαο

2197 5207 2273 5278 τῷ
2304 5209 2520 5281 ἀγγέλῳ
2557 5211 2656 5280 τῆς
2686 5211 3032 5283 δικαιοσύνης
3059 5215 3516 5286 ὰκολουθήσωμεν.
3550 5201 3701 5263 Καθὼς

2198 5298 2290 5354 καὶ
2318 5302 2344 5354 ὁ
2378 5302 2541 5370 νόμος
2567 5304 3024 5372 παρακελεύεται,
3050 5305 3243 5372 λέγων,
3281 5327 3298 5357 ι
3339 5306 3555 5377 [Ιρόσεχε
3582 5310 3699 5351 σεαυ·

2196 5390 2293 5459 τῷ,
2325 5393 2418 5446 καὶ
2451 5392 2685 5461 φύλαξον
2711 5395 2809 5465 τὴν
2835 5395 3011 5464 ψυχήν
3042 5412 3136 5447 σου
3164 5397 3367 5468 σφόδρα
3387 5414 3399 5428 υ
3429 5394 3497 5464 μὴ
3518 5383 3698 5451 ἐπιλάϐῃ

2197 5480 2402 5549 Κυρίου
2438 5480 2533 5534 τοῦ
2557 5482 2691 5535 Θεοῦ
2722 5498 2815 5535 σου
2834 5500 2846 5511 ·
2881 5483 2975 5535 καὶ
3020 5482 3093 5552 μὴ
3120 5485 3504 5555 άποστήτωσαν
3521 5479 3566 5532 οί
3588 5471 3691 5540 λέγει
