3986 6148
573 395 709 460 1619

1824 405 2182 467 ANTIOCHI
2222 409 2566 470 MONAClIl

3654 409 3754 474 163C

569 508 728 564 vobis
760 507 892 578 ipsis
915 523 944 563 a
986 507 1136 563 falsis
1159 511 1460 579 prophetis,
1501 512 1594 580 qui
1625 513 1857 570 veniunt
1893 516 1960 570 ad
1987 532 2082 573 vos
2125 517 2180 571 in
2213 521 2556 575 vestimentis
2592 521 2800 584 ovium,
2829 519 3163 574 intrinsecus
3194 525 3376 573 autem
3413 527 3544 573 sunt
3568 519 3665 588 lupi
3697 537 3754 576 ra

571 614 778 668 paces:
813 605 858 652 'a
904 599 1176 653 fructibus
1217 615 1408 655 eorum
1447 603 1789 672 cognoscetis
1827 621 1922 661 eos
1962 608 2024 658 ¹¹.
2050 627 2068 657 ι
2108 608 2216 676 lpsi
2248 610 2420 679 gloria
2458 613 2511 666 in
2561 611 2774 666 stecula.
2806 613 2995 666 Amen.

1011 733 1053 800 ι
1067 733 1220 802 123
1257 733 1536 790 HOMILIA
1563 735 1718 791 LXll.

910 843 985 897 De
1009 844 1230 914 benigna
1254 854 1300 898 et
1318 849 1450 900 comi
1478 842 1814 904 allocutione.

645 953 885 1022 Benigna
943 961 997 1008 et
1031 955 1216 1008 suavis
1260 956 1519 1010 allocutio
1550 975 1580 1012 e
1610 959 1754 1013 bono
1803 961 1987 1016 cordis
2019 962 2136 1015 the-

573 1057 738 1096 sauro
764 1043 965 1096 exserit
996 1058 1053 1095 se
1085 1059 1147 1097 ac
1173 1045 1395 1112 promit.
1415 1047 1528 1099 Nisi
1551 1048 1698 1102 enim
1719 1049 1842 1116 quis
1867 1065 2027 1103 suum
2056 1051 2139 1119 ip-

578 1133 692 1187 sius
723 1150 815 1188 cor
860 1134 927 1187 ab
975 1135 1157 1188 inutili
1203 1139 1434 1206 garrula)
1490 1139 1784 1194 locutionis
1818 1143 2138 1210 expurgarit

577 1223 778 1283 abusu,
803 1223 1122 1290 neutiquam
1144 1225 1189 1276 is
1213 1226 1454 1293 potuerit
1471 1228 1804 1295 compellare
1825 1229 2020 1282 fratres
2046 1229 2140 1282 be-

576 1313 740 1381 nigno
765 1312 956 1366 affatu.
979 1314 1219 1369 Tametsi
1252 1316 1430 1370 videri
1464 1317 1633 1384 possit
1660 1318 1906 1386 quaedam
1962 1320 2136 1374 disse-

577 1421 696 1460 rere
728 1404 1095 1468 auditoribus,
1129 1405 1324 1475 ingrati
1351 1416 1532 1462 tamen
1564 1407 1734 1461 futuri
1765 1418 1896 1464 sunt
1931 1425 2141 1465 sermo-

577 1512 674 1549 nes
707 1511 768 1551 ac
789 1495 937 1565 digni
971 1496 1065 1564 qui
1095 1497 1474 1564 repudientur,
1500 1514 1678 1567 neque
1712 1499 1857 1554 enim
1889 1502 2142 1556 rorulen-

577 1597 684 1639 tam
717 1587 863 1639 illam
903 1586 1108 1639 habent
1144 1588 1484 1656 asperginem
1517 1586 1706 1657 gratiae
1737 1589 1979 1657 Spiritus
2009 1606 2140 1644 san-

577 1678 670 1733 cti.
698 1678 961 1748 Quisquis
988 1680 1140 1748 cupit
1168 1680 1419 1732 nonnihil
1449 1682 1709 1749 prodesse
1736 1682 1904 1736 verbo
1955 1698 2078 1749 suo,
2111 1699 2144 1738 a

574 1772 686 1824 Deo
713 1770 894 1825 Verbo
929 1771 1158 1839 supplex
1195 1772 1434 1839 postulet
1475 1773 1701 1825 verbum
1738 1773 1794 1826 in
1853 1775 2140 1843 apertione

573 1863 687 1916 oris
727 1863 811 1916 sui
851 1880 864 1914 :
897 1863 1358 1931 quemadmodum
1391 1873 1447 1918 et
1479 1865 1642 1919 Isaias
1664 1865 1739 1918 ait
1771 1883 1782 1918 :
1826 1885 1842 1916 ι
1877 1867 2142 1922 Dominus

574 1951 666 2004 dat
691 1951 822 2005 mihi
849 1951 1089 2022 linguam
1111 1952 1405 2016 eruditam,
1429 1963 1486 2007 ut
1517 1955 1762 2008 noverim
1791 1972 1952 2024 quem
1978 1973 2142 2026 opor-

2164 722 2211 777 Α

2831 747 3046 799 ΛΟΓΟΣ
3081 749 3197 800 EB‘.

2706 860 2840 926 Περὶ
2881 861 3345 930 χρηστολογίας.

2301 990 2308 996 ·
2348 967 2410 1021 Ἦ
2473 972 2827 1040 χρηστολογία
2876 975 2938 1025 ἐκ
2987 974 3080 1026 τοῦ
3125 973 3329 1042 ἀγαθοῦ
3380 973 3650 1044 θησαυροῦ
3687 971 3758 1042 τῆς

2238 1057 2460 1126 καρδίας
2491 1061 2835 1130 προέρχεται.
2879 1064 3006 1117 Ἐάν
3036 1065 3107 1134 μή
3129 1081 3214 1126 τις
3234 1064 3458 1136 καθάρῃ
3494 1065 3585 1133 τὴν
3609 1063 3756 1117 ἑαυτοῦ

2239 1148 2461 1215 καρδίαν
2501 1149 2607 1202 ἀπὸ
2636 1153 3048 1221 χρηστολογίας,
3097 1157 3422 1225 ἐγρηγορεῖν
3469 1157 3529 1208 οὺ
3562 1155 3756 1207 δύναται.

2240 1238 2358 1291 Κᾶν
2395 1240 2502 1307 γὰρ
2529 1241 2677 1293 δοκεῖ
2722 1242 2896 1310 λέγειν
2937 1247 3050 1306 τοῖς
3079 1245 3394 1312 ἀκροαταῖς,
3449 1244 3758 1314 ἀπρόσδεκτοί

2239 1328 2377 1378 εἰσιν
2423 1327 2471 1378 οἱ
2517 1327 2665 1395 λόγοι
2720 1330 2906 1393 αὑτοῦ,
2968 1337 3062 1383 καὶ
3111 1332 3432 1402 ἀπόϐλητοι,
3485 1334 3558 1402 μὴ
3593 1333 3760 1401 ἔχοντες

2244 1417 2443 1486 ἰκμάδα
2466 1419 2564 1486 τῆς
2589 1420 2807 1488 χάριτος
2830 1421 2922 1474 τοῦ
2955 1422 3268 1491 Πνεύματος
3290 1423 3383 1474 τοῦ
3413 1425 3588 1490 ἁγίου.
3623 1423 3670 1474 Ὁ
3694 1423 3762 1473 θέ-

2241 1506 2344 1560 λων
2378 1502 2471 1560 οὖν
2499 1507 2778 1576 ὠφελῆσαί
2816 1527 2935 1562 τινα
2976 1512 3034 1562 ὲν
3073 1511 3238 1580 λόγῳ,
3279 1513 3500 1580 αἰτήσει
3533 1511 3666 1581 παρὰ
3694 1509 3761 1562 τοῦ

2240 1595 2372 1647 Θεοῦ
2420 1597 2593 1662 Λόγου
2639 1595 2796 1665 λόγον
2842 1599 2898 1650 ὲν
2945 1599 3143 1665 ἀνοίξει
3180 1599 3272 1652 τοῦ
3314 1603 3580 1669 στόματος
3615 1599 3761 1667 αὑτοῦ,

2239 1686 2417 1749 καθὼς
2451 1691 2478 1741 ὁ
2519 1688 2746 1752 Ἡσαΐας
2794 1689 3130 1759 διαγορεύει·
3179 1709 3198 1741 ι
3236 1692 3444 1761 Κύριος
3482 1694 3605 1761 γὰρ,
3641 1694 3762 1759 φησὶ,

2237 1776 2449 1829 δίδωσίν
2497 1795 2587 1847 μοι
2643 1779 2894 1846 γλῶσσαν
2942 1779 3189 1843 παιδείας
3237 1781 3332 1834 τοῦ
3381 1784 3597 1844 εἰδέναι,
3639 1783 3762 1850 ἡνίκα

2236 1866 2316 1918 δεῖ
2348 1869 2522 1921 εἰπεῖν
2551 1869 2728 1936 λόγον.
2757 1888 2775 1920 ›
2807 1870 2914 1922 Καὶ
2939 1872 3154 1938 ἐπάγει,
3195 1891 3213 1923 ι
3236 1871 3532 1926 Ἀκούσατέ
3564 1889 3670 1939 μου,
3693 1873 3762 1923 καὶ

2240 1957 2462 2026 ζήσεται
2498 1961 2556 2012 ὲν
2585 1959 2808 2027 ἀγαθοῖς
2835 1963 2866 2031 ἡ
2894 1962 3039 2030 ψυχὴ
3064 1962 3236 2031 ὑμῶν.
3264 1982 3281 2013 ι
3308 1964 3367 2014 ὐ
3410 1963 3467 2015 δὲ
3503 1965 3760 2031 Παροιμία-

577 2051 681 2096 teat
717 2041 962 2110 proferre
992 2056 1305 2097 sermonem
1335 2045 1398 2094 η.
1427 2062 1443 2092 ι
1477 2043 1693 2097 inducit
1719 2063 1732 2098 :
1759 2063 1777 2094 ι
1811 2046 2010 2101 Audite
2026 2063 2134 2112 me,

2241 2047 2390 2117 στὴς,
2445 2067 2464 2098 ι
2505 2051 2712 2120 Κηρίον
2748 2051 2980 2120 μέλιτος,
3005 2053 3154 2120 λόγοι
3199 2053 3374 2106 καλοί.
3425 2055 3697 2121 Γλύκασμα
3719 2052 3758 2103 δὲ

573 2139 628 2186 ει
662 2133 808 2185 vivet
859 2132 913 2184 in
937 2131 1102 2186 bonis
1125 2132 1305 2186 anima
1346 2141 1527 2186 vestra
1551 2133 1614 2183 ιδ.
1652 2152 1668 2182 ι
1700 2134 2085 2188 Parmmiastes
2119 2153 2133 2188 :

579 2244 596 2273 ι
629 2224 806 2278 Favus
842 2224 1018 2280 mellis
1057 2238 1340 2277 sermones
1363 2224 1513 2287 boni,
1535 2225 1811 2278 edulcatio
1833 2233 2015 2278 autem
2037 2241 2134 2279 eo-

570 2330 694 2367 rum
718 2313 948 2377 auditio,
1002 2322 1056 2367 et
1087 2313 1292 2367 sanitas
1335 2314 1531 2367 animas
1563 2313 1626 2366 ι’.
1671 2335 1687 2364 ι
1717 2314 2136 2385 Quanticunque

570 2405 716 2456 enim
743 2403 807 2456 ad
833 2402 1129 2472 parandam
1153 2403 1385 2457 salutem
1415 2404 1756 2472 pertinentes
1803 2404 2138 2473 depromun-

571 2505 677 2557 tur,
720 2510 984 2564 perquam
1005 2510 1226 2548 suavem
1255 2494 1605 2548 dulcedinem
1637 2503 1802 2563 atque
1843 2495 2133 2550 sanitatem

569 2587 856 2656 ingignunt
885 2588 1097 2641 animas.
1125 2587 1231 2640 Sed
1276 2597 1331 2641 et
1367 2587 1607 2656 prudens
1658 2587 1713 2640 in
1746 2588 2002 2657 negotiis,
2051 2588 2135 2642 in-

569 2685 762 2732 ventor
793 2677 1082 2730 bonorum.
1105 2675 1273 2730 Labia
1299 2677 1556 2731 amabilia
1583 2686 1733 2743 sunt,
1767 2694 1888 2747 qua:
1912 2694 2136 2747 respon-

566 2771 699 2824 dent
729 2785 1010 2824 sermones
1044 2770 1239 2822 bonos.
1264 2769 1331 2823 Et
1373 2787 1387 2821 :
1423 2788 1440 2818 (
1477 2768 1644 2822 Labia
1684 2769 1827 2824 lenia
1856 2771 2137 2826 occultant

565 2860 842 2914 tristitiam
877 2861 1060 2915 cordis
1091 2862 1153 2912 ¹³.
1192 2879 1211 2910 ι
1268 2861 1522 2913 Rursus:
1563 2879 1580 2908 σ
1615 2859 1806 2916 Sermo
1831 2862 2008 2916 tristis
2033 2877 2133 2916 ex-

567 2951 700 3002 citat
731 2951 859 3012 iras,
887 2949 1071 3020 lingua
1103 2959 1288 3003 autem
1330 2950 1662 3018 sapientium
1696 2951 1839 3004 bona
1882 2954 2070 3017 scit”,
2109 2975 2126 3007 ι

567 3041 778 3094 medela
814 3041 960 3095 enim
1004 3041 1231 3109 lingua,
1269 3041 1434 3094 arbor
1491 3041 1636 3095 vitae.
1686 3042 1891 3098 Iterum
1936 3061 1948 3094 :
1991 3063 2008 3093 ι
2062 3044 2136 3099 Os

565 3131 696 3199 justi
731 3130 958 3183 distillat
980 3129 1324 3196 sapientiam,
1355 3138 1411 3181 et
1455 3129 1596 3182 labia
1643 3131 1918 3198 jqustorum
1953 3133 2134 3186 distil—

466 3268 472 3272 .
569 3223 680 3275 lant
711 3222 936 3291 gratias.
967 3239 985 3272 ι
1018 3221 1122 3273 Et:
1159 3241 1174 3268 ι
1214 3218 1286 3273 Os
1332 3219 1540 3273 humile
1568 3221 1862 3275 meditatur
1918 3224 2137 3292 sapien-

567 3314 698 3367 tiam
731 3315 795 3365 ”.
846 3333 862 3362 ι
908 3313 1158 3366 Rursus:
1194 3330 1211 3361 ι
1269 3311 1312 3365 Α
1344 3311 1615 3366 fructibus
1666 3312 1778 3366 oris
1805 3315 1984 3368 anima
2027 3316 2131 3368 viri

568 3406 870 3474 replebitur
904 3404 1064 3457 bonis
1089 3420 1102 3466 ;
1128 3402 1422 3456 retributio
1446 3403 1716 3457 labiorum
1743 3405 1862 3474 ejus
1913 3406 2133 3461 dabitur

568 3497 618 3548 ei
648 3493 711 3547 ιδ.
757 3513 774 3543 ι
805 3494 1016 3546 Rursus
1058 3508 1070 3543 :
1103 3510 1120 3541 (
1158 3491 1323 3544 Labia
1355 3492 1570 3545 veracia
1601 3508 1866 3561 prospere
1887 3493 2134 3564 dirigunt

571 3584 967 3646 testimonium,
1009 3582 1101 3651 qui
1132 3593 1313 3635 autem
1339 3581 1532 3636 volunt
1563 3583 1764 3637 habere
1786 3588 2007 3653 paceni,
2044 3587 2135 3640 la:-

571 3677 834 3732 tabuntur
890 3676 952 3726 ¹⁹.
1027 3692 1045 3723 ι
1114 3673 1338 3728 Melicus
1395 3673 1726 3744 hymnorum
1777 3686 2130 3730 concentor:

577 3785 596 3816 c
631 3764 912 3819 Eructavit
964 3779 1058 3817 cor
1097 3778 1276 3816 meum
1331 3761 1556 3816 verbum
1610 3763 1816 3817 bonum
1844 3766 1910 3818 ²⁰.
1948 3784 1966 3816 ι
2021 3767 2130 3820 Et:

575 3876 593 3907 ε
629 3856 896 3910 Dominus
927 3855 1327 3910 dabitverbum
1376 3856 1883 3925 evangelizantibus
1928 3858 2132 3915 virtute

568 3949 739 4002 multa
766 3948 834 4000 “.
871 3965 887 3998 ι
919 3946 988 4000 Et
1023 3963 1034 3998 :
1083 3963 1099 3994 ι
1134 3945 1543 4008 Domine,labia
1577 3962 1693 4000 mea
1718 3949 1950 4016 aperics,
1979 3957 2036 4004 et
2073 3966 2135 4005 os

569 4055 752 4094 meum
774 4036 1124 4092 annuntiabit
1160 4036 1378 4090 laudem
1427 4046 1573 4091 tuam
1609 4039 1674 4089 ".
1715 4057 1732 4088 ι
1760 4038 1864 4092 Sed
1900 4048 1957 4093 et
1988 4041 2131 4096 Pau-

568 4132 654 4186 lus
676 4146 771 4200 per
789 4129 1083 4199 epistolam
1117 4127 1289 4181 dicit:
1322 4147 1338 4178 ι
1389 4127 1580 4181 Sermo
1619 4137 1799 4182 vester
1824 4146 2041 4200 semper
2075 4134 2132 4186 in

567 4221 740 4291 gratia
767 4219 880 4273 sale
919 4219 991 4273 sit
1023 4217 1303 4278 conditus.
1347 4225 1406 4270 ut
1430 4217 1615 4272 sciatis
1650 4220 1924 4288 quomodo
1967 4238 2134 4290 opor-

569 4319 680 4370 teat
732 4325 830 4365 vos
864 4309 1160 4378 unicuique
1210 4309 1542 4376 respondere
1573 4310 1638 4360 ’³.
1693 4329 1710 4360 ι
1742 4311 1808 4364 Ει
1835 4312 1902 4365 ad
1936 4313 2136 4368 Roma-

568 4420 708 4461 nos:
752 4423 769 4454 ι
805 4402 1068 4457 Desidero
1115 4400 1262 4454 enim
1302 4399 1492 4454 videre
1522 4417 1639 4465 vos,
1672 4410 1730 4454 ut
1783 4403 1989 4472 aliquid
2031 4405 2134 4458 im-

568 4494 775 4562 pertiar
813 4491 971 4546 vobis
1018 4489 1202 4560 gratiae
1253 4489 1578 4558 spiritualis,
1628 4489 1694 4543 ad
1727 4492 2134 4548 confirmandos

567 4600 687 4649 vos,
719 4585 772 4637 id
791 4591 896 4648 est,
929 4582 1092 4636 simul
1138 4581 1410 4636 consolari
1453 4580 1508 4634 in
1537 4581 1695 4636 vobis
1741 4599 1838 4651 per
1867 4599 1986 4638 eam
2013 4601 2134 4654 qua:

569 4675 805 4730 invicem
851 4682 956 4738 est,
999 4673 1162 4726 ﬁdem
1191 4671 1256 4723 “.
1301 4689 1318 4720 ι
1383 4670 1588 4725 Iterum
1635 4689 1649 4724 :

570 4779 1016 4832 unumquemque
1064 4770 1302 4816 vestrum
1341 4769 1397 4815 et
1423 4763 1788 4826 consolantes,
1845 4773 1904 4818 ut
1941 4767 2133 4820 ambu—

568 4857 694 4912 lctis
720 4855 880 4924 digne
907 4853 1017 4908 Deo
1043 4855 1110 4906 ⁸³.
1141 4874 1157 4903 ι
1191 4852 1452 4921 Quisquis
1479 4852 1645 4922 igitur
1675 4855 1844 4909 sentit
1878 4871 1938 4910 se
1959 4873 1988 4910 a
2021 4859 2132 4911 Deo

569 4946 842 5014 accepisse
864 4943 1125 4998 doctrina:
1145 4943 1370 5006 donum,
1393 4944 1649 5011 loquatur
1668 4946 1816 4998 omni
1869 4961 1992 5000 cum
2018 4963 2132 5002 mo-

569 5039 766 5101 destia,
791 5044 852 5091 ut
883 5035 1004 5092 aliis
1033 5036 1494 5101 sitaedificationi,
1525 5052 1591 5088 ne
1615 5035 1754 5092 forte
1784 5037 1862 5091 illi
1888 5047 2132 5094 vertatur

569 5131 790 5188 crimini
817 5129 972 5200 quasi
999 5127 1093 5198 qui
1132 5128 1397 5182 talentum
1427 5127 1770 5184 Dominicum
1804 5131 2126 5185 occuluerit.

570 5225 675 5292 Qui
709 5231 892 5278 autem
921 5220 1163 5276 nondum
1194 5219 1396 5274 donum
1435 5220 1540 5273 tale
1572 5221 1804 5289 accepit,
1838 5223 1996 5276 sileat
2047 5223 2130 5275 in-

569 5316 751 5377 terim,
774 5326 876 5365 nec
895 5325 924 5366 e
950 5310 1114 5365 corde
1137 5323 1237 5363 suo
1251 5308 1590 5377 prosilientia
1619 5310 1789 5365 verba
1815 5311 2018 5368 nullius
2039 5311 2135 5364 bo-

570 5422 651 5460 n.e
684 5404 856 5472 frugis
879 5400 1144 5471 proferat,
1175 5415 1242 5453 ne
1275 5400 1414 5454 forte
1445 5401 1577 5458 inse
1602 5402 1789 5456 audiat
1815 5401 2131 5470 detorqueri

645 5617 685 5648 ἰ
744 5615 933 5667 Matth.
987 5632 1079 5681 vn,
1140 5619 1224 5680 15,
1275 5617 1360 5671 16.

573 5705 684 5744 ιιι,
739 5685 824 5738 18.
929 5684 970 5714 ¹⁷
1012 5685 1172 5740 Prov.
1223 5699 1310 5747 xv,
1378 5683 1464 5736 ‘28.

573 5755 617 5784 "
675 5751 814 5806 l‘sal.
854 5767 900 5812 ι,
941 5754 1024 5805 17.
1137 5757 1182 5786 ’³
1209 5755 1418 5808 Coloss.
1463 5768 1534 5815 Iv,
1563 5752 1613 5803 6.
1692 5755 1735 5782 ³³

1475 5614 1515 5646 ⁸⁸
1543 5613 1646 5667 lsa.
1671 5631 1720 5677 L,
1748 5615 1798 5666 4.

1579 5685 1620 5714 ¹⁸
1655 5684 1812 5736 Prov.
1871 5698 1963 5743 xtl,
1997 5681 2080 5734 M.

1915 5613 1957 5642 ¹³
1983 5612 2084 5665 Isa.
2121 5628 2205 5672 tv,
2235 5613 2287 5665 5.

2193 5683 2234 5711 ¹⁹
2257 5681 2394 5735 Ibid.
2429 5683 2518 5734 ‘20.

1794 5753 1951 5805 Rom.
1993 5768 2029 5815 ι,
2082 5750 2167 5815 11,
2213 5753 2295 5803 12.
2357 5754 2415 5826 .²⁵
2468 5752 2676 5805 Coloss.
2733 5768 2769 5814 ι,
2826 5751 2906 5807 10.

2238 2137 2416 2190 αὐτῶν
2462 2139 2621 2206 ἀκοὴ,
2667 2141 2760 2192 καὶ
2817 2141 2960 2202 ῐασις
3005 2142 3201 2212 ψυχῆς.
3242 2163 3260 2193 ι
3296 2142 3453 2194 Ὅσοι
3511 2142 3612 2211 γάρ
3654 2140 3757 2208 πρὸς

2239 2229 2513 2298 σωτηρίαν
2543 2229 2810 2296 λέγονται,
2848 2231 3139 2300 γλύκασμα
3181 2234 3276 2285 καὶ
3319 2234 3466 2286 ῐασιν
3492 2231 3759 2301 ἐμποιοῦσιν

2236 2319 2300 2384 τῇ
2326 2316 2492 2387 ψυχῇ.
2525 2318 2750 2382 Συνετδς
2776 2321 2834 2373 δὲ
2865 2323 2919 2374 ἐν
2948 2323 3271 2393 πράγμασιν
3309 2323 3533 2394 εὑρετὴς
3560 2320 3754 2388 ἀγαθῶν.

2237 2409 2344 2460 Καὶ
2377 2409 2527 2478 χείλη
2565 2411 2881 2478 φιλήσουσιν
2915 2415 3324 2483 ἁποκρινόμενα
3362 2414 3552 2481 λόγους
3579 2411 3754 2471 καλούς.

2237 2498 2368 2559 Καὶ,
2415 2517 2432 2548 ι
2474 2499 2642 2570 Χείλη
2696 2501 2811 2554 λεῖα
2885 2503 3148 2556 καλύπτει
3202 2505 3432 2572 καρδίαν
3480 2502 3750 2572 λυπήράν.»

2237 2592 2345 2643 Καὶ
2378 2591 2559 2656 πάλιν,
2603 2593 2802 2662 «Λόγος
2839 2594 3080 2664 λυπηρὸς
3122 2596 3323 2665 ἐγείρει
3351 2597 3520 2666 ὀργάς
3542 2613 3556 2626 ·
3579 2593 3756 2660 γλῶσσα

2235 2681 2292 2732 δὲ
2323 2682 2522 2749 σοφῶν,
2571 2683 2712 2736 καλά
2755 2684 3041 2738 ἐπίσταται
3067 2704 3079 2716 ο
3121 2705 3138 2736 ι
3175 2688 3318 2748 ἴασις
3371 2687 3480 2755 γάρ
3529 2685 3753 2752 γλώσσης,

2234 2770 2447 2838 δένδρον
2473 2769 2638 2838 ζωῆς.
2673 2772 2783 2824 Καὶ
2813 2773 2992 2835 πάλιν,
3025 2791 3040 2824 ι
3073 2773 3252 2842 Στόμα
3275 2774 3485 2825 δικαίου
3508 2769 3755 2829 ἀποστάζει

2237 2860 2450 2928 σοφίαν,
2485 2861 2582 2913 καὶ
2620 2861 2774 2930 χείλη
2811 2861 3034 2914 δικαίων
3090 2863 3493 2926 ἀποστάζουσιν
3520 2863 3750 2930 χάριταςδ

2237 2952 2362 3012 Καὶ,
2399 2968 2416 3000 ι
2454 2951 2636 3020 Στόμα
2683 2951 2958 3015 ταπεινὸν,
3007 2951 3208 3022 μελετᾷ
3260 2953 3472 3019 σοφίαν.
3505 2970 3522 3002 ι
3556 2950 3651 3003 Καὶ
3674 2947 3754 3000 πά-

2234 3039 2337 3102 λιν,
2373 3059 2392 3091 ‹
2433 3041 2563 3093 Ἀπὸ
2590 3041 2819 3112 καρπῶν
2851 3043 3138 3111 στόματος,
3171 3043 3315 3112 ψυχὴ
3349 3042 3536 3113 ἀνδρὸς
3561 3039 3752 3108 πληθυν-

2238 3128 2464 3198 θήσεται
2493 3129 2710 3196 ἀγαθῶν
2729 3147 2742 3160 ο
2791 3131 3140 3199 ἀνταπόδομα
3172 3131 3225 3183 δὲ
3257 3131 3484 3198 χειλέων
3505 3127 3750 3188 advolat.-

2237 3220 2460 3289 θήσεται
2489 3219 2688 3290 αὐτῷ.)
2721 3222 2827 3273 Καὶ
2847 3221 3020 3285 αὖθις,
3043 3241 3060 3272 ι
3083 3221 3247 3288 Χείλη
3276 3221 3506 3289 ἀληθινὰ
3548 3217 3750 3287 κατορθοῖ

2243 3309 2564 3380 μαρτυρίαν.
2600 3312 2662 3362 Oi.
2693 3310 2748 3363 δὲ
2783 3311 3094 3381 βουλόμενοι
3126 3311 3456 3382 εἰρηνεύειν,
3493 3309 3746 3381 εὐφρανθήο

2241 3417 2437 3454 σονται.
2471 3419 2489 3452 ι
2528 3401 2584 3453 ’0
2632 3402 2691 3454 δὲ
2731 3403 3001 3472 ’Υμνῳδός
3033 3421 3044 3433 ’
3096 3423 3114 3456 t
3155 3402 3514 3473 Ἐξηρεύξατο
3542 3405 3570 3471 ἡ
3602 3398 3746 3470 καρδία

2237 3509 2336 3561 μου
2368 3492 2525 3561 λόγον
2557 3493 2782 3561 ἀγαθόν.
2823 3513 2841 3546 ι
2879 3496 3009 3559 Καὶ,
3043 3513 3061 3546 ι
3093 3495 3298 3564 Κύριος
3328 3496 3490 3550 δώσει
3515 3497 3643 3568 ῥῆμα
3665 3492 3745 3550 τοῖς

2233 3581 2743 3651 εύαγγελιζομὲνοις
2779 3583 3009 3652 δυνάμει
3067 3583 3258 3652 πολλῇ.
3296 3601 3314 3633 ι
3370 3585 3498 3645 Καὶ,
3551 3601 3567 3632 ι
3598 3578 3745 3648 Κύριε,

2232 3672 2300 3725 τὰ
2331 3658 2497 3742 χείλη
2537 3691 2638 3742 μου
2693 3673 2944 3737 ἀνοίξεις,
3003 3673 3097 3727 καὶ
3142 3673 3204 3725 τὸ
3255 3675 3433 3743 στόμα
3491 3690 3580 3742 μου
3624 3671 3742 3731 ἀναγ-

2232 3763 2377 3832 γελεῖ
2425 3763 2522 3834 τὴν
2544 3763 2749 3816 αῖνεσίν
2781 3781 2894 3818 σου.
2925 3783 2944 3814 ι
2974 3763 3308 3816 Ἐπιστέλλει
3338 3764 3399 3816 δὲ
3424 3765 3512 3816 καὶ
3533 3765 3558 3814 ὁ
3585 3757 3744 3817 Παῦλος

2233 3855 2430 3920 λέγων’
2471 3873 2490 3907 ⁴
2537 3856 2596 3908 Ὀ
2627 3856 2782 3922 λόγος
2816 3854 2970 3923 ὑμῶν
3001 3857 3230 3910 πάθτοτε
3280 3858 3338 3908 ὲν
3391 3856 3582 3925 χάριτι,
3627 3849 3743 3904 ἅλατι

2233 3947 2556 4016 ἠρτυμένος,
2591 3948 2787 4001 εἰδέναι
2821 3948 2938 4011 πῶς
2971 3948 3051 4000 δεῖ
3077 3947 3293 4017 ἑκάστῳ
3323 3949 3466 4018 ὑμᾶς
3501 3941 3743 4012 ἀποκρίνα-

2235 4039 2377 4091 σθαι.
2414 4057 2432 4088 ι
2469 4039 2581 4092 Καὶ
2630 4040 2960 4107 Ῥωμαίοις·
3026 4059 3043 4090 ι
3075 4039 3352 4091 Ἐπιποθῶ
3410 4038 3547 4107 γὰρ,
3590 4031 3744 4100 φησὶν.

2235 4130 2364 4183 ἰδεῖν
2397 4131 2560 4199 ὑμᾶς,
2591 4130 2677 4182 ἵνα
2701 4147 2753 4182 τι
2800 4130 3017 4199 μεταδῶ
3050 4130 3298 4199 χάρισμα
3329 4129 3458 4198 ὑμῖν
3496 4135 3744 4192 πνευματι·

2235 4220 2350 4283 κὺν,
2386 4223 2465 4284 είς
2505 4220 2564 4272 τὸ
2590 4221 2948 4290 στηριχθῆναι
2979 4221 3146 4289 ὑμᾶς.
3175 4221 3342 4274 Τοῦτο
3367 4220 3425 4273 δέ
3463 4223 3610 4279 ἐστιν,
3638 4227 3742 4280 συμο

2235 4313 2654 4382 παρακληθῆναι
2685 4315 2740 4364 ἐν
2762 4312 2887 4381 ὑμῖν
2917 4312 3004 4364 διὰ
3035 4311 3138 4379 τῆς
3167 4313 3225 4364 ἐν
3261 4311 3508 4380 ἀλλήλοις
3537 4306 3742 4362 πίστεως.

2234 4401 2388 4469 ὑμῶν
2425 4417 2484 4452 τε
2541 4399 2632 4456 καὶ
2666 4398 2822 4468 ἐμοῦ.
2869 4418 2887 4450 ι
2942 4399 3051 4451 Καὶ
3085 4399 3267 4461 πάλιν,
3305 4417 3324 4450 ι
3353 4390 3740 4468 Παρακαλοῦντες

2235 4492 2331 4544 ἕνα
2357 4491 2587 4544 ’ἑκαστον
2617 4491 2792 4560 ὑμῶν,
2823 4490 2916 4542 καὶ
2944 4489 3431 4560 παραμυθούμενοι
3456 4490 3530 4550 εἰς
3551 4486 3604 4537 τὸ
3623 4495 3737 4549 περισ

2238 4585 2429 4637 πατεῖν
2493 4581 2659 4646 ἀξίως
2707 4581 2802 4634 τοῦ
2863 4580 3019 4634 Θεοῦ.
3061 4599 3079 4632 ι
3124 4581 3190 4634 Εἴ
3231 4599 3312 4644 τις
3352 4578 3446 4634 οὖν
3485 4575 3737 4631 αἰσθάνεται

1701 4691 1720 4722 ι
1766 4675 2043 4744 Deprecari
2053 4686 2132 4732 tes

2236 4676 2426 4729 ἑαυτὸν
2489 4675 2750 4744 εἰληφότα
2805 4675 3051 4746 χάρισμα
3105 4675 3446 4736 διδασκαλίας
3493 4668 3626 4738 παρὰ
3672 4656 3736 4713 τοῦ

2237 4767 2394 4826 Θεοῦ.
2421 4767 2642 4838 λαλήσει
2673 4768 2810 4836 μετὰ
2835 4767 3352 4837 ταπεινοφροσύνης,
3379 4767 3464 4818 ἵνα
3493 4761 3576 4814 καὶ
3595 4755 3734 4811 ἄλλους

2236 4858 2593 4932 οἰκοδομήσῃ,
2648 4860 2859 4927 μήποτε
2898 4857 2994 4910 xci.
3046 4856 3284 4926 ὲγκληθῇ
3329 4856 3404 4917 ὡς
3434 4857 3462 4907 ό
3497 4841 3734 4920 κρύψαςτδ

2237 4949 2516 5002 τάλαντον.
2563 4949 2621 5000 '0
2657 4949 2711 5000 δὲ
2746 4950 2911 5016 μήπω
2958 4947 3198 5017 είληφὼς
3245 4948 3486 5016 χάρισμα
3531 4938 3733 4995 τοιοῦτον.

2238 5040 2465 5106 σιγάτω,
2483 5040 2579 5093 καὶ
2603 5038 2676 5108 μὴ
2698 5039 3107 5111 προ[σ]φερέτω
3123 5041 3341 5108 ῥήματα
3369 5035 3510 5108 ἀργὰ
3532 5030 3624 5085 ἀπὸ
3640 5040 3730 5111 καθ’

2236 5131 2355 5193 δίας
2375 5127 2560 5193 αὑτοῦ,
2594 5110 3053 5200 μήποτείάκούσῃ·
3072 5147 3090 5179 ι
3111 5129 3200 5196 Τῷ
3229 5128 3285 5180 δὲ
3313 5119 3603 5195 ἁμαρτωλῷ
3627 5110 3731 5167 ειπει

2237 5224 2266 5275 ὁ
2301 5221 2468 5285 Θεόςο
2499 5222 2620 5275 Ἵνα
2678 5221 2731 5274 τί
2781 5223 2844 5273 σὺ
2903 5221 3129 5290 ἐκδιηγῇ
3178 5220 3244 5273 τὰ
3281 5210 3605 5286 δικαιώματά
3645 5221 3730 5274 μου.

2241 5313 2334 5366 καὶ
2366 5311 2772 5380 ἁναλαμϐάνεις
2812 5311 2910 5380 τὴν
2941 5311 3204 5380 διαθήκην
3256 5327 3357 5379 μου
3406 5308 3491 5360 διὰ
3525 5293 3728 5368 στόμαώέ

2243 5419 2334 5454 σου
2363 5417 2376 5430 ⁶
2407 5403 2471 5455 σὺ
2515 5402 2571 5454 δὲ
2609 5403 2879 5472 ἐμίσησας
2909 5402 3182 5464 παιδείαν,
3237 5400 3329 5453 καὶ
3374 5395 3602 5465 ὲξὲσαλες
3643 5384 3726 5438 toﬁs

3040 5613 3081 5643 "
3125 5608 3284 5662 Prov.
3322 5621 3374 5669 κ,
3417 5603 3489 5660 l9.
3552 5601 3718 5669 “Pref.

2409 5615 2448 5644 ιι
2470 5615 2611 5644 Πι-Λυ
2667 5629 2731 5644 νυ

2428 5613 2631 5667 ‘Prov.
2667 5629 2773 5676 xvi,
2835 5612 2924 5665 24.
3040 5613 3081 5643 ’⁸
3125 5612 3284 5662 Prov.
3322 5621 3374 5669 κ,
3417 5612 3489 5660 Ιυ,
3552 5612 3715 5654 "Prov.

2429 5683 2518 5734 ‘20.
2593 5684 2638 5712 ²⁰
2668 5682 2808 5734 Psal.
2869 5697 2986 5734 μιν
3016 5721 3030 5734 .
3070 5683 3123 5734 2.
3233 5683 3273 5711 ²¹
3307 5681 3442 5734 Psal.
3490 5687 3636 5732 txvtt,
3663 5664 3715 5717 ii-

2593 5684 2638 5712 ὀ
2668 5682 2808 5736 Psal.
2869 5697 2986 5735 μιν
3016 5721 3030 5745 ,
3070 5683 3123 5735 2.
