3986 6148
304 389 434 459 1621

1132 358 1471 463 nonum.
1507 402 1724 464 LXIII.
1751 400 1994 462 -NON
2034 401 2218 463 ESSE
2255 389 2709 463 JURANDUM.

3419 393 3553 459 1622

292 503 484 574 λόγους
517 522 617 575 μου
647 507 726 569 εἰς
744 506 810 561 τὰ
833 506 1039 572 ὀπίσω;
1065 522 1086 556 ι
1111 536 1184 550 --
1215 509 1274 564 ’0
1295 512 1404 584 γὰρ
1433 513 1635 581 ἀγαθὸς
1666 502 1878 583 ἀνθρωέ-

1985 492 2127 583 quod
2154 509 2434 583 peccatori
2459 507 2599 564 divit
2624 513 2769 567 Deus
2806 530 2819 565 :
2865 530 2882 563 ι
2917 512 3098 581 Quare
3138 518 3196 569 tu
3224 510 3549 583 enarrasju-

293 612 415 660 πος,
450 598 613 667 φησὶν
641 601 675 652 6
716 597 939 669 Κύριος,
972 599 1037 653 ἐκ
1091 600 1190 655 τοῦ
1224 602 1428 671 ἀγαθοῦ
1467 603 1741 676 θησαυροῦ
1772 604 1876 675 τῆς

289 686 521 757 καρδίας
572 688 771 755 αὑτοῦ,
817 690 1065 743 τουτέστι
1146 690 1247 761 τῆς
1291 692 1514 764 χάριτος
1560 692 1653 747 τοῦ
1709 694 1866 761 ἁγίου

290 774 632 845 Πνεύματος,
668 798 686 830 ι
721 778 1071 851 προ[σ];ρέρει
1105 780 1164 834 τὸ
1198 781 1422 850 ἀγαθόν.
1448 802 1465 834 ι
1499 780 1709 853 Λύτῷη
1739 781 1867 847 δόξα

288 871 373 930 είς
398 869 524 932 τοὺς
563 868 788 936 αἰῶνας.
835 872 1030 942 Ἀμήν.

903 1132 1120 1201 ΛΟΓΟΣ
1158 1149 1275 1204 ειν.

751 1235 891 1303 Περὶ
923 1235 1031 1290 τοῦ
1055 1237 1141 1307 μὴ
1174 1239 1435 1308 ὀμνύειν.

366 1342 502 1412 Περὶ
532 1343 626 1398 τοῦ
656 1345 730 1415 μὴ
758 1346 1002 1415 ὀμνύειν,
1038 1350 1067 1403 6
1100 1349 1199 1420 μὲν
1227 1351 1454 1415 παλαιὸς
1482 1353 1668 1419 νόμος,
1697 1354 1791 1408 ᾰτε
1814 1353 1876 1423 δὴ

285 1435 513 1506 νηπίοις
550 1437 878 1507 νομοθετῶν,
922 1441 1249 1509 ἐντέλλεται,
1296 1445 1372 1515 μὴ
1419 1445 1694 1516 ἀκαίρως,
1740 1445 1876 1516 μηδὲ

283 1526 388 1578 ἐπὶ
423 1526 561 1598 δόλῳ
601 1529 681 1597 τῷ
722 1529 936 1601 πλησίῳ
973 1533 1214 1602 ὀμνύειν.
1276 1535 1438 1605 Ἡμῖν
1484 1536 1539 1590 δὲ
1578 1538 1607 1590 6
1665 1536 1871 1607 Κύριος

280 1616 453 1686 ἡμῶν
505 1618 601 1672 καὶ
650 1619 843 1692 Σωτὴρ
894 1623 1223 1691 ἐντέλλεται,
1284 1627 1421 1696 μήτε
1468 1626 1604 1689 ὅλως
1649 1625 1868 1697 ὀμόσαι,

286 1705 439 1776 μήτε
469 1707 768 1779 εὐκαίρως,
804 1712 939 1781 μήτε
968 1713 1233 1784 ἀκαίρως.
1267 1734 1285 1767 ι
1321 1717 1477 1770 Ἦτω
1507 1718 1637 1786 γὰρ,
1685 1717 1870 1786 φησὶν,

282 1795 347 1846 ἐν
375 1796 507 1865 ὑμῖν
528 1798 608 1863 τὸ,
630 1798 738 1865 ναὶ,
762 1801 870 1865 ναὶ,
899 1802 993 1854 καὶ
1013 1803 1096 1868 τὸ,
1122 1802 1207 1868 οὒ,
1233 1802 1317 1859 οὔ.
1347 1804 1421 1858 Τὸ
1442 1804 1499 1858 δὲ
1524 1805 1866 1874 περισσεῦον.

280 1887 356 1938 ὲκ
395 1885 493 1939 τοῦ
523 1888 765 1961 πονηροῦ
790 1893 957 1944 ἐστιν.
995 1910 1014 1944 ι
1050 1893 1156 1946 Καὶ
1187 1894 1263 1963 τῷ
1296 1892 1518 1967 πρώτῳ,
1550 1895 1735 1965 φησὶν,
1757 1893 1872 1964 λαῷ

281 1978 365 2041 ὡς
409 1979 879 2053 σκληροτραχήλῳ
909 1984 1282 2055 ἐνετειλάμην,
1310 2003 1333 2035 ι
1357 1986 1471 2038 Οὐκ
1501 1986 1871 2055 ἐπιορκήσεις,

281 2069 603 2133 ἀποδώσεις
649 2071 707 2124 δὲ
761 2072 952 2144 Κυρίῳ
984 2073 1112 2137 τοὺς
1152 2075 1349 2143 ὅρκους
1380 2092 1508 2129 σουο
1545 2096 1565 2128 ι
1604 2075 1679 2140 ὡς
1711 2076 1876 2146 σκλη-

284 2160 609 2231 ροκαρδίοις
638 2163 731 2216 xal
758 2163 1079 2221 ἀπειθοῦσιν
1104 2182 1215 2236 μοι.
1256 2166 1415 2236 Ὑμῖν
1433 2166 1491 2221 δὲ
1516 2168 1632 2231 τοῖς
1654 2167 1876 2221 πιστεύ-

283 2267 456 2304 σασιν
488 2254 569 2314 είς
599 2253 720 2322 ἐμὲ,
748 2247 831 2317 οἷς
863 2255 1073 2310 δέδωκα
1097 2255 1347 2320 ἐξουσίαν
1368 2257 1537 2312 τέκνα
1562 2258 1699 2313 Θεοῦ
1726 2260 1878 2327 γενέ-

282 2341 444 2405 σθαι,
468 2346 583 2407 τοῖς
610 2347 947 2418 ἁναγεγεννη
956 2348 1140 2417 μένοις
1155 2351 1218 2403 ὲκ
1238 2351 1333 2403 τοῦ
1354 2352 1511 2419 ἀγιου
1535 2350 1676 2405 Πνεύ
1684 2368 1873 2423 ματος,

281 2435 753 2507 παρακελεύομαι
788 2440 1001 2508 μήποτε
1041 2440 1179 2504 ὅλως
1208 2441 1407 2511 ὀμόσαι
1439 2442 1531 2497 τὸν
1562 2445 1875 2516 οίονδήποτε

282 2524 498 2594 μικρὸν
524 2524 557 2592 ἢ
588 2526 766 2594 μέγαν
796 2527 979 2600 ὅρκον,
1030 2528 1116 2581 ἴνα
1149 2528 1335 2599 δειχθῇ
1373 2529 1433 2583 τὺ
1471 2530 1727 2600 διάφορον
1767 2531 1876 2585 τῶν

278 2614 471 2669 νόθων
511 2615 605 2668 καὶ
645 2617 756 2669 τῶν
821 2596 1063 2687 γνησίων
1117 2596 1491 2685 μουητέ-κνων.
1531 2596 1878 2690 Αίδεσθῶμεν

276 2702 399 2769 οὖν,
435 2704 739 2772 ἀγαπητοὶ,
768 2704 859 2756 τὸν
889 2703 1062 2767 οὕτως
1098 2704 1408 2776 τιμήσαντα
1438 2707 1581 2776 ἡμᾶς
1601 2704 1878 2772 Δεσπότην

277 2796 378 2851 καὶ
407 2793 662 2862 Πατέρα,
688 2795 782 2848 καὶ
819 2794 960 2865 μετά
992 2796 1193 2860 παντὸς
1229 2797 1397 2867 φόϐου
1430 2800 1507 2861 ὡς
1527 2797 1721 2864 ,δοῦλοι
1748 2798 1878 2868 γνή-

279 2905 389 2940 σιοι
418 2884 760 2955 φυλάξωμεν
793 2887 901 2956 τὴν.
943 2886 1164 2958 ἐντολὴν
1209 2888 1375 2942 αὑτοῦ
1425 2888 1520 2943 τοῦ
1578 2889 1699 2961 μηδ’
1738 2890 1879 2951 ὅλως

283 2978 530 3050 ὀμνύειν
553 2993 568 3008 ο
604 2977 819 3047 μήποτε
850 2977 943 3030 καὶ
979 2978 1107 3049 περὶ
1130 2980 1289 3049 ἡμῶν
1313 2980 1463 3053 εἴπῃ,
1496 3000 1515 3033 ι
1547 2981 1707 3044 Υίοὺς
1730 2982 1879 3050 ὲγέν-

284 3086 435 3140 νησα
496 3069 593 3122 καὶ
639 3067 853 3137 ῦψωσα,
915 3070 1070 3125 αὐτοὶ
1122 3072 1179 3125 δέ
1234 3088 1300 3141 με
1354 3073 1692 3144 ἠθέτησαν.)
1744 3074 1874 3137 Καὶ,

296 3179 314 3211 ι
354 3159 479 3213 Υἱοὶ
504 3157 773 3229 ἀλλότριοι
808 3159 1104 3229 ὲψεύσαντό
1138 3178 1247 3233 μοι.
1287 3181 1307 3214 ι
1350 3162 1440 3234 Μὴ
1471 3159 1564 3217 οῦν
1592 3163 1878 3234 γενώμεθα

294 3250 492 3319 ἰταμοὶ
521 3248 616 3301 καὶ
653 3250 1060 3321 καταφρονηταὶ
1085 3250 1188 3321 τῆς
1218 3251 1440 3322 ἐντολῆς
1473 3251 1569 3305 τοῦ
1602 3252 1876 3307 Δεσπότου
1906 3278 1949 3333 α

293 3340 482 3412 ἡμῶν.
514 3338 594 3392 Τὰ
627 3340 736 3410 γὰρ
778 3340 948 3411 χωρὶς
974 3341 1153 3411 ὅρκου
1200 3342 1468 3412 γενόμενα
1522 3341 1555 3413 ἢ
1587 3342 1874 3414 λεγόμενα,

294 3428 706 3500 εύπειθέστερά
752 3431 909 3484 ἐστιν
949 3433 1061 3493 τοῖς
1113 3430 1445 3502 ἀνθρώποις,
1496 3432 1590 3485 καὶ
1642 3430 1721 3501 τῷ
1761 3428 1881 3500 Θεῷ

295 3523 601 3591 εύάρεστα.
631 3519 828 3583 Καλῶς
857 3516 951 3574 οῦν
983 3522 1017 3592 ἡ
1060 3522 1232 3589 Σοφία
1272 3520 1602 3589 διαγγέλλει,
1637 3540 1656 3572 ι
1693 3523 1882 3593 Ὄρκῳ

299 3612 380 3682 μὴ
414 3609 609 3678 ἐθίσῃς
631 3609 694 3661 τὸ
724 3609 900 3680 στόμα
932 3626 1049 3674 σου,
1080 3611 1174 3663 καὶ
1206 3600 1477 3682 ¹ὀνομασίᾳ
1497 3610 1592 3665 τοῦ
1618 3611 1775 3678 ἁγίου
1809 3614 1883 3682 μὴ

296 3697 620 3768 συνεθίσῃς.
671 3699 732 3750 '0
777 3699 886 3769 γὰρ
938 3699 1155 3769 ὀμνύων
1202 3701 1262 3754 οὐ
1318 3699 1393 3771 μὴ
1422 3700 1730 3773 καθαρισθῇ
1775 3703 1885 3756 ἀπὸ

296 3788 611 3859 ἁμαρτίας.
644 3806 663 3839 ι
695 3788 806 3841 Καὶ
834 3789 1019 3855 πάλιν,
1046 3806 1066 3840 ι
1093 3789 1261 3859 Ἀνὴρ
1292 3789 1594 3861 πολύορκος
1641 3790 1886 3863 ιιελησθήε⁵

297 3898 465 3935 σεται
525 3879 785 3950 ἀνομίας,
839 3880 934 3934 καὶ
999 3881 1100 3933 οὐκ
1149 3881 1519 3951 ἀποστήσεται
1571 3884 1666 3936 ἀπ’
1720 3884 1886 3938 αὑτοῦ

299 3969 535 4043 μάστιξ.
564 3989 582 4023 ι
609 3971 773 4025 Ἀλλά
803 3954 899 4025 καὶ
926 3973 959 4042 ὴ
989 3970 1150 4026 λαλιά
1179 3970 1276 4025 τοῦ
1301 3972 1603 4045 πολυόρκου
1633 3975 1695 4028 οὐ
1727 3975 1888 4045 μόνον

296 4066 511 4136 τρίχας
544 4062 783 4134 ἀνορθοῖ.
827 4063 966 4118 ἀλλά
1004 4064 1101 4117 καὶ
1127 4064 1315 4127 ἀκοαῖς
1353 4064 1608 4136 πολεμία.
1638 4067 1809 4137 Φησὶν
1832 4067 1891 4120 δὲ

295 4158 399 4212 καὶ
426 4157 457 4209 6
477 4156 664 4225 νόμος,
696 4173 715 4207 ι
744 4156 859 4209 Οὐκ
883 4155 1107 4225 ὀμεῖσθε
1133 4155 1194 4209 τδ
1221 4155 1392 4228 ὄνομα
1419 4173 1520 4227 μου
1544 4158 1639 4211 ἐπὶ
1659 4158 1884 4231 ἀδίκῳ.»

294 4249 416 4303 Καὶ
469 4248 501 4300 6
556 4248 843 4319 προφήτης
903 4247 1198 4319 Ζαχαρίας,
1264 4268 1284 4301 ι
1317 4250 1521 4321 Ὅρκον
1571 4252 1742 4323 ψευδῆ
1814 4251 1889 4324 μὴ

291 4338 563 4407 ἀγαπᾶτε
589 4328 605 4368 ³
633 4337 737 4408 τὴν
770 4337 1029 4408 ἀλήθειαν
1059 4338 1136 4405 δὲ,
1161 4341 1256 4393 καὶ
1284 4339 1383 4411 τὴν
1412 4340 1638 4412 εἰρήνην
1670 4343 1891 4411 ἀγαπᾶ-

290 4447 381 4484 τε.
422 4447 443 4480 ε
482 4426 651 4497 Λέγει
687 4427 746 4481 δὲ
770 4428 865 4482 καὶ
894 4431 924 4483 6
948 4430 1131 4500 Ὠσηὲ,
1169 4447 1188 4481 ι
1217 4431 1328 4484 Kal
1360 4429 1437 4502 μὴ
1468 4431 1696 4503 ὀμνύετε
1718 4433 1894 4499 ζῶντα

293 4523 547 4594 Κύριον.
587 4538 608 4572 ι
653 4519 715 4574 '0
757 4520 814 4574 δὲ
864 4522 1125 4593 Μιχαίας,
1183 4540 1203 4574 ι
1240 4523 1351 4577 Καὶ
1401 4523 1637 4595 ἔσομαι,
1692 4527 1892 4596 φησὶν,

1976 602 2158 657 slitias
2181 618 2350 667 meas,
2374 609 2430 656 et
2461 603 2700 661 assumis
2736 602 3121 659 testamentum
3156 614 3336 653 meum
3362 611 3461 666 per
3489 612 3551 650 os

1975 695 2171 748 tuum?
2202 701 2259 748 tu
2291 709 2423 749 vero
2446 693 2617 749 odisti.
2654 692 3021 763 disciplinam,
3041 697 3097 746 et
3128 689 3405 760 proiecisti
3431 704 3549 741 ser-

1974 799 2166 840 mones
2217 799 2368 840 meos
2424 793 2731 841 retrorsum
2757 783 2825 837 '°.
2863 802 2879 833 ι
2925 813 2987 824 --
3037 781 3238 839 Bonus.
3275 779 3547 849 siquidem

1972 872 2137 931 homo
2187 873 2401 949 1125
2433 875 2500 930 de
2530 875 2677 933 bono
2712 874 2971 935 thesauro
3019 871 3203 926 cordis
3253 869 3360 933 sui,
3393 886 3411 918 ι
3444 868 3549 922 hoc

1969 971 2077 1031 est,
2132 965 2279 1020 dono
2321 965 2563 1036 Spiritus
2605 965 2817 1029 sancti,
2873 983 2889 1013 ι
2926 963 3135 1033 profert
3179 960 3385 1015 bonum
3411 958 3478 1011 ’⁷.
3524 977 3540 1010 ι

1971 1051 2079 1122 Ipsi
2107 1054 2279 1126 gloria
2302 1054 2358 1109 in
2379 1055 2598 1111 saecula.
2633 1054 2826 1107 Amen.

2503 1144 2787 1201 HOMILIA
2829 1140 3015 1199 LXIII.

2458 1235 2578 1290 Non
2612 1251 2719 1289 esse
2743 1233 3064 1305 jurandum.

2043 1346 2161 1402 1am
2189 1346 2339 1417 quod
2358 1346 2663 1417 iurandum
2689 1360 2798 1407 non
2822 1345 2912 1402 sit.
2948 1344 3018 1400 Et
3040 1347 3264 1414 quidem
3298 1354 3460 1400 vetus
3483 1344 3560 1399 il-r

1974 1437 2026 1491 la
2061 1436 2169 1500 lex,
2196 1437 2353 1506 quasi
2378 1451 2476 1491 sua
2522 1435 2763 1490 sanciret
2800 1434 3024 1491 decreta
3065 1433 3415 1504 pusionibus,
3450 1435 3548 1506 qui

1974 1525 2212 1581 necdum
2270 1535 2457 1581 essent
2490 1541 2589 1595 per
2636 1532 2857 1580 aetatem
2912 1524 3207 1580 sanctioris
3244 1523 3555 1595 disciplinas

1976 1631 2226 1686 capaces,
2260 1626 2471 1673 tantum
2495 1616 2635 1672 illud
2670 1623 2848 1681 cavet,
2882 1623 2943 1670 ut
2965 1614 3164 1685 nequis
3212 1630 3312 1685 per
3343 1616 3547 1671 intem-

1975 1705 2241 1776 pestivam
2268 1705 2641 1770 occasionem,
2670 1720 2778 1761 neu
2807 1719 2907 1775 per
2926 1704 3116 1759 dolum
3134 1704 3285 1774 juret
3299 1703 3555 1774 proximo

1975 1812 2113 1864 suo;
2147 1797 2309 1852 nobis
2360 1808 2543 1854 autem
2590 1809 2793 1852 nostras
2816 1796 3066 1852 omnium
3106 1795 3311 1850 vindex
3353 1794 3553 1850 salutis

1976 1886 2245 1943 Dominus
2276 1887 2436 1952 dicit,
2473 1889 2701 1943 omnino
2735 1894 2798 1942 ut
2824 1901 2894 1942 ne
2932 1888 3208 1958 iuremus.
3235 1884 3330 1938 Ait
3345 1884 3496 1939 enim
3530 1900 3546 1936 :

1985 1998 2000 2029 ι
2037 1979 2118 2035 Sit
2141 1995 2325 2035 sermo
2373 1988 2578 2044 vester,
2609 1990 2696 2035 est
2714 1987 2821 2045 est,
2850 1994 2961 2033 non
3009 1992 3145 2042 non,
3179 1975 3327 2047 quod
3360 1984 3551 2031 autem

1974 2066 2350 2123 abundantius
2376 2075 2481 2131 est,
2514 2083 2543 2122 a
2566 2067 2713 2121 malo
2734 2074 2820 2121 est
2842 2065 2911 2120 ιθ.
2953 2085 2970 2117 ι
3005 2069 3084 2120 Ac
3118 2064 3166 2119 si
3202 2064 3434 2127 diceret,
3467 2060 3548 2116 illi

1973 2159 2177 2227 populo
2194 2157 2367 2228 priori
2392 2159 2607 2214 callosa:
2641 2157 2937 2213 admodum
2963 2156 3197 2213 cervicis
3233 2171 3297 2210 ac
3326 2153 3547 2224 praedu-

1975 2263 2068 2313 ra),
2105 2248 2358 2303 mndavi
2382 2248 2463 2303 sic
2498 2269 2511 2303 :
2562 2268 2581 2301 ι
2613 2249 2735 2304 Non
2788 2249 3085 2319 pejerabis,
3130 2247 3333 2303 reddes
3365 2254 3549 2300 autem

1975 2338 2212 2393 Domino
2233 2339 2548 2408 iuramenta
2577 2350 2668 2394 tua
2699 2340 2743 2372 "
2780 2355 2794 2391 :
2834 2358 2854 2390 ι
2888 2339 3094 2409 populo
3126 2352 3326 2407 nempe
3358 2336 3437 2391 illi
3458 2336 3550 2391 cui

1976 2443 2073 2483 cor
2094 2443 2271 2497 usque
2327 2428 2469 2484 adeo
2501 2429 2859 2493 occalluerat,
2899 2436 2961 2483 ut
2986 2437 3281 2484 contumax
3329 2440 3551 2495 semper

1974 2518 2144 2579 fuerit
2188 2534 2292 2575 nec
2318 2519 2582 2575 credulus
2618 2520 2806 2575 verbis
2858 2520 3021 2575 meis.
3053 2520 3164 2576 Vos
3209 2526 3395 2574 autem
3450 2516 3550 2587 qui

1976 2611 2142 2668 tidem
2173 2627 2297 2681 qua:
2330 2612 2391 2668 in
2440 2626 2530 2668 me
2569 2620 2675 2678 est,
2726 2612 2869 2668 nihil
2917 2612 3183 2684 gravatim
3230 2611 3370 2666 estis
3403 2624 3554 2665 com-

1977 2702 2159 2772 plexi,
2180 2701 2383 2772 quibus
2405 2712 2462 2758 et
2494 2703 2619 2759 dedi
2662 2711 2989 2773 potestatem
3024 2703 3173 2759 filios
3189 2702 3286 2762 Dei
3343 2701 3461 2759 ﬁeri
3482 2702 3550 2765 ³⁵.

1976 2793 2315 2863 regeneratis
2355 2794 2467 2863 jam
2496 2808 2564 2849 ex
2626 2793 2838 2864 Spiritu
2883 2802 3115 2850 sancto:
3149 2808 3266 2859 vos,
3300 2792 3551 2862 inquam,

1978 2884 2264 2951 adhortor,
2297 2885 2523 2942 omnino
2547 2894 2610 2941 ut
2641 2901 2711 2941 ne
2733 2886 2937 2958 juretis
2963 2886 3088 2959 [nisi
3121 2885 3233 2941 ὶιιιε
3259 2886 3437 2940 adsint
3463 2899 3552 2937 co-

1978 2977 2128 3032 mites
2160 2993 2178 3030 :
2206 2977 2419 3039 veritas,
2435 2976 2700 3045 judicium
2719 2985 2767 3031 et
2788 2976 3049 3048 justitiaj,
3106 2986 3165 3032 ut
3191 2975 3277 3032 vel
3308 2975 3415 3029 hoc
3437 2974 3553 3029 dis-

1977 3067 2264 3124 cerniculo
2288 3076 2347 3121 et
2371 3067 2573 3137 insigni
2599 3068 2933 3135 declaretur,
2976 3069 3072 3139 qui
3104 3068 3408 3138 degeneres
3444 3066 3558 3122 sint

1979 3160 2145 3230 quive
2174 3160 2406 3231 legitimi
2437 3161 2545 3215 mei
2578 3160 2699 3215 filii.
2730 3160 3130 3225 Revereamur,
3178 3158 3554 3220 dilectissimi,

1978 3265 2109 3315 eum
2130 3249 2225 3320 qui
2251 3265 2355 3304 nos
2393 3257 2552 3305 tanto
2569 3249 2829 3322 dignatus
2871 3251 3079 3307 honore
3106 3259 3212 3316 est,
3261 3248 3553 3304 Dominum

1979 3341 2128 3406 dico,
2168 3349 2226 3396 et
2254 3341 2432 3411 ipsius
2455 3341 2698 3397 Patrem.
2743 3342 2851 3397 Sed
2882 3350 2938 3396 et
2983 3342 3286 3397 amnicum
3337 3340 3557 3402 timore,

1984 3440 2243 3500 tanquam
2268 3431 2492 3502 ingenui
2520 3446 2585 3485 ac
2617 3446 2841 3485 veraces
2866 3432 3012 3485 servi
3038 3431 3147 3486 hoc
3170 3432 3293 3500 eius
3321 3430 3557 3485 verbum

1982 3522 2177 3577 sedulo
2231 3523 2614 3588 observemus,
2650 3531 2711 3576 ut
2764 3538 2834 3577 ne
2874 3524 3129 3594 junmus
3169 3522 3397 3585 omnino
3439 3540 3453 3575 :
3488 3537 3560 3576 ne

1983 3613 2205 3682 quando
2247 3614 2303 3668 in
2335 3629 2436 3669 nos
2461 3614 2599 3668 illud
2628 3614 2983 3683 intorqueat:
3023 3632 3042 3665 σ
3082 3613 3259 3673 Filios
3283 3615 3447 3685 genui
3503 3624 3565 3668 et

1984 3706 2243 3772 exaltavi,
2303 3706 2409 3777 ipsi
2463 3714 2649 3763 autem
2706 3714 3038 3776 spreverunt
3093 3722 3180 3761 me
3238 3707 3304 3760 ³³.
3371 3725 3390 3758 ι
3422 3706 3490 3761 Εἰ
3544 3723 3558 3758 :

1992 3818 2011 3852 ι
2047 3798 2173 3855 Filii
2229 3797 2394 3854 alieni
2425 3796 2643 3854 mentiti
2684 3805 2812 3853 sunt
2852 3798 2987 3853 mihi
3019 3798 3086 3852 ⁸³.
3126 3817 3144 3850 ι
3199 3799 3300 3864 Ne,
3352 3813 3560 3868 quaeso,

1986 3890 2255 3945 adversus
2282 3886 2596 3944 sermonem
2620 3888 2771 3957 hunc
2797 3888 3145 3944 Deminieum
3168 3897 3373 3944 temere
3385 3889 3564 3958 quid-

1988 3997 2154 4052 quam
2202 3988 2300 4036 aut
2335 3996 2437 4051 per
2488 3989 2866 4051 contemptum
2914 3980 3291 4037 admittamus.
3346 3980 3566 4036 Etenim

1989 4087 2111 4142 quas
2134 4086 2165 4126 a
2184 4070 2351 4127 nobis
2376 4071 2461 4127 vel
2496 4069 2637 4131 ﬁunt
2668 4070 2752 4125 vel
2781 4071 3043 4126 dicuntur
3074 4069 3215 4125 citra
3264 4071 3566 4142 iui-amenti

1990 4164 2390 4229 accessionem,
2411 4162 2573 4217 ﬁdem
2605 4164 2782 4219 multo
2819 4152 2975 4233 apud
2993 4161 3252 4218 homines
3300 4163 3568 4233 majorem

1995 4257 2314 4326 impetrant,
2347 4262 2587 4324 suntque
2603 4254 2718 4310 Deo
2739 4254 2900 4324 longe
2917 4253 3181 4324 gratiora.
3211 4252 3385 4307 Recte
3400 4250 3569 4322 igitur

1995 4345 2287 4402 denuntiat
2326 4344 2611 4415 Sapientia
2652 4362 2665 4397 :
2708 4364 2726 4397 ι
2758 4343 3080 4400 Juramento
3107 4359 3218 4398 non
3235 4340 3570 4398 assuefacias

1994 4452 2057 4493 os
2085 4444 2244 4493 tuum
2266 4444 2324 4490 et
2356 4434 2570 4489 nomini
2598 4442 2791 4491 sancto
2828 4450 2899 4489 ne
2943 4448 3266 4497 assuescas;
3297 4431 3394 4501 qui
3420 4431 3571 4497 enim

1996 4544 2096 4598 per
2140 4524 2559 4583 assuetudinem
2607 4528 2778 4598 jurat,
2823 4540 3109 4596 nunquam
3172 4521 3499 4595 purgabitur
3540 4539 3569 4577 a

296 4615 529 4687 μάρτυς
558 4613 727 4682 ταχὺς
752 4613 845 4666 ἐπὶ
873 4612 998 4677 τοὺς
1024 4612 1327 4684 ὀμνύοντας
1358 4614 1436 4686 τῷ
1468 4615 1693 4686 ὀνόματί
1726 4634 1885 4688 μου.»

2000 4628 2231 4691 peccato
2253 4621 2320 4674 ³³.
2361 4639 2381 4673 ι
2430 4622 2672 4676 Rursum
2702 4636 2716 4672 :
2753 4638 2771 4670 ι
2821 4618 2919 4675 Vir
2945 4618 3181 4673 multum
3213 4617 3431 4687 iurans,
3463 4616 3569 4669 im-

304 4701 665 4759 Ἐπιστέλλει
690 4701 748 4757 δὲ
786 4702 882 4755 καὶ¹
909 4705 938 4756 6
976 4703 1254 4770 Ἰάκωϐος,
1301 4704 1496 4775 λέγων,
1545 4726 1564 4759 ι
1599 4707 1712 4777 Πρὸ
1751 4710 1890 4763 πάν-

290 4813 437 4860 των,
477 4793 725 4862 ἀδελφοὶ,
765 4793 841 4864 μὴ
882 4794 1133 4865 ὀμνύετε,
1177 4798 1315 4868 μήτε
1349 4798 1442 4852 τὸν
1472 4800 1721 4871 οὐρανὸν,
1756 4802 1892 4870 μήτε

292 4888 402 4959 τὴν
433 4886 573 4955 γῆν,
605 4888 742 4955 μήτε
787 4884 910 4938 τινὰ
949 4885 1110 4941 ἄλλον
1156 4888 1342 4958 ὅρκον·
1396 4890 1512 4960 ῆτω
1539 4890 1597 4945 δὲ
1630 4891 1785 4963 ὑμῶν
1809 4892 1891 4957 τὸ,

295 4981 414 5046 ναὶ,
459 4976 581 5043 ναὶ,
608 4976 811 5043 καὶτὸ,
840 4976 923 5040 οὓ,
952 4976 1045 5030 οῦ·
1092 4978 1180 5033 ἵνα
1219 4980 1294 5051 μὴ
1338 4984 1419 5045 είς
1467 4982 1756 5051 ὑπόκρισιν
1796 4986 1895 5039 πέ-

298 5090 469 5144 σητε.
506 5089 529 5123 ι
586 5069 865 5134 Ὡσαύτως
917 5072 1012 5124 καὶ
1040 5072 1069 5123 6
1104 5071 1312 5143 Κύριος
1354 5073 1512 5143 ἡμῶν
1540 5075 1631 5128 καὶ
1680 5076 1891 5148 Σωτὴρ,

304 5185 326 5216 ε
358 5160 538 5231 ’Ἐγὼ
562 5159 619 5212 δὲ
649 5159 794 5227 λέγω
830 5161 981 5233 ὑμῖν,
1023 5161 1099 5231 μὴ
1131 5163 1328 5233 ὀμόσαι
1368 5163 1525 5228 ὅλως,
1558 5166 1695 5235 μήτε
1736 5168 1795 5221 ὲν
1820 5171 1897 5238 τῷ

296 5253 558 5327 οὐρανῷ,
584 5253 667 5306 ὅτι
707 5253 897 5325 θρόνος
916 5256 1064 5311 ἐστὶν
1093 5255 1188 5309 τοῦ
1222 5256 1380 5321 Θεοῦ,
1423 5256 1558 5327 μήτε
1597 5258 1655 5310 ἐν
1698 5261 1764 5329 τῇ
1807 5262 1899 5330 γῇ,

296 5351 389 5402 ὅτι
425 5342 731 5399 ὑποπόδὶον
775 5344 885 5405 τῶν
934 5344 1113 5403 ποδῶν
1167 5342 1335 5402 αὐτοῦ
1380 5345 1527 5399 ἐστιν
1554 5361 1568 5375 ⁸
1628 5346 1766 5416 μήτε
1822 5350 1901 5413 είς

312 5436 381 5489 ’ῐε
395 5417 706 5504 ροσόλῖιμα,
737 5431 822 5483 ὅτι
858 5426 1010 5496 πόλις
1041 5434 1192 5487 ἐστὶν
1236 5432 1367 5502 ἁγία
1397 5433 1489 5487 τοῦ
1522 5434 1761 5504 μεγάλου
1793 5437 1900 5490 Βα-

302 5525 516 5586 σιλέως
545 5537 560 5552 ·
605 5523 744 5591 μήτε
796 5525 855 5578 ιν
907 5527 973 5595 τῇ
1026 5525 1236 5597 κεφαλῇ
1274 5541 1369 5578 σου
1420 5525 1662 5593 όμόσεις,
1709 5529 1791 5582 ὅτι
1841 5531 1901 5583 οὑ

1997 4713 2239 4783 plebitur
2267 4712 2586 4784 ignominia,
2642 4719 2699 4767 et
2754 4726 2866 4766 non
2901 4710 3127 4766 recedet
3174 4710 3245 4764 ab
3292 4724 3359 4765 eo
3397 4707 3576 4779 ﬂagel-

1989 4805 2112 4859 lum
2137 4804 2210 4860 ³⁵.
2250 4823 2268 4857 ι
2306 4805 2421 4860 Sed
2442 4805 2527 4859 vel
2570 4804 2686 4858 sola
2733 4802 2949 4859 locutio
2967 4801 3071 4857 viri
3121 4800 3454 4873 iuramentis
3487 4815 3587 4854 as-r

2001 4898 2165 4960 sueti,
2199 4912 2312 4951 non
2366 4896 2544 4951 solum
2590 4894 2820 4964 capillos
2861 4892 3111 4963 surrigit,
3173 4907 3374 4947 verum
3410 4905 3585 4947 aures-

2004 4991 2236 5060 insuper
2264 4987 2479 5044 infense
2503 4994 2561 5042 et
2593 4985 2923 5057 pugnaciter
2958 4982 3184 5045 vellicat
3209 4981 3576 5037 audientium.

2006 5081 2117 5135 Lex
2141 5094 2365 5150 quoque
2387 5078 2523 5135 dicit
2554 5095 2567 5132 ε
2594 5095 2613 5130 ι
2642 5076 2934 5150 Nonjures
2956 5091 3057 5147 per
3083 5088 3285 5130 nomen
3312 5084 3494 5125 meum
3522 5070 3577 5122 in

2006 5185 2065 5225 re
2096 5169 2300 5240 injuste
2324 5171 2391 5219 ".
2431 5186 2451 5220 ι
2487 5167 2765 5238 Propheta
2816 5174 3002 5225 autem
3031 5161 3326 5219 Zacharias
3375 5176 3387 5211 :
3428 5176 3446 5208 ι
3477 5156 3580 5211 Ju-

2007 5268 2319 5314 ramentum
2341 5256 2575 5312 mendax
2599 5271 2667 5310 ne
2691 5256 2955 5325 diligatis,
2982 5251 3276 5306 veritatem
3299 5254 3355 5302 et
3389 5260 3580 5315 pacem
3606 5253 3617 5261 ‘

2006 5348 2217 5419 diligite
2248 5348 2311 5403 ".
2354 5367 2372 5401 ι
2406 5347 2549 5407 Dicit
2582 5355 2637 5407 et
2674 5345 2814 5407 Osee
2845 5362 2857 5398 :
2896 5362 2913 5392 ‹
2947 5341 3027 5396 Ne
3050 5338 3250 5412 jurctis
3303 5335 3582 5399 viventem

2008 5440 2303 5497 Dominum
2337 5440 2398 5493 ³⁷.
2437 5457 2454 5488 ι
2488 5438 2743 5503 Micbazas
2780 5453 2793 5488 :
2826 5453 2843 5486 ι
2874 5435 2943 5491 Ει
2967 5448 3064 5488 ero
3085 5430 3242 5486 testis
3284 5428 3442 5485 velox
3489 5430 3584 5483 ad-

2010 5547 2209 5588 versus
2261 5546 2359 5587 eos
2390 5530 2503 5604 qui.
2526 5531 2717 5600 iurant
2763 5527 2820 5583 in
2871 5525 3093 5583 nomine
3126 5537 3249 5576 meo
3304 5518 3587 5575 mendaci-

278 5676 295 5683 ε
385 5660 437 5691 η
460 5650 618 5727 Psal.
674 5669 843 5727 χιιιξη
888 5653 974 5727 16,
1015 5653 1104 5710 l7.
1180 5657 1223 5727 ἓν
1257 5655 1393 5712 Luc.
1451 5658 1638 5723 νι,4ἒ›.
1711 5658 1756 5690 ’⁸
1781 5659 1898 5714 Matt

2000 5679 2054 5725 ν,
2080 5664 2176 5727 57;
2203 5663 2317 5717 Jac.
2360 5677 2448 5722 vv,
2502 5661 2585 5716 l2.
2632 5657 2678 5691 ”
2715 5656 2904 5711 Matth.
2933 5669 2989 5717 v,
3019 5654 3105 5727 55,
3127 5654 3204 5727 __’°
3236 5652 3393 5727 ξῐυιιιι.
3429 5667 3466 5715 ι,

311 5728 554 5784 "lssJ,
580 5722 638 5777 2.

307 5798 354 5830 ³⁷
385 5798 538 5853 Osce
575 5803 651 5851 Iv,
682 5791 769 5846 15.

747 5721 791 5753 ³’
813 5723 954 5779 Psal.
979 5740 1108 5792 xvn,
1129 5726 1221 5784 46.
1297 5728 1342 5759 ⁸³
1377 5721 1547 5782 Eccli.
1571 5745 1716 5795 xxiii,
1752 5730 1804 5797 9,
1848 5730 1898 5784 ll

2010 5721 2054 5765 δέ
2107 5721 2245 5786 Ibid.
2287 5732 2379 5807 12._
2449 5731 2491 5763 ευ
2524 5731 2703 5785 chit.
2740 5737 2846 5793 χιι,
2886 5729 2968 5781 is.
3048 5726 3091 5756 ³³
3127 5723 3294 5777 Zach.
3332 5736 3483 5785 ναι...
3500 5721 3578 5774 ιη.
