3986 6148
396 407 427 429 υ
508 397 643 462 1623

1759 402 2119 460 ANTIOCHI
2158 401 2500 462 MONACHI

3582 385 3695 450 162i

501 520 588 565 ter
613 509 679 564 ³⁸.
721 526 737 560 ι
770 509 913 565 Dicit
947 506 1004 565 et
1044 510 1279 566 Iacobus
1330 526 1429 580 per
1468 510 1754 579 epistolam
1806 528 1821 564 :
1855 530 1873 562 ι
1920 511 2052 565 Ante

2158 511 2383 565 δύνασαι
2417 510 2543 580 μίαν
2587 505 2744 577 τρίχα
2782 501 3003 574 λευκὴν,
3142 498 3426 566 μέλαιναν,
3474 496 3696 565 ποιῆσαν

499 599 706 661 omnia,
758 598 977 663 fratres,
1012 598 1182 653 nolite
1225 599 1445 669 jurare,
1478 613 1657 668 neque
1687 613 1783 668 per
1834 600 2054 664 cmlum,

497 705 677 761 neque
714 707 813 761 per
836 702 1058 756 terram,
1098 706 1278 761 neque
1308 691 1455 746 aliud
1502 692 1873 762 quodcunque
1903 693 2056 761 jura-

494 790 741 834 mcntum
775 799 791 834 :
819 783 889 835 sit
911 790 1095 835 autem
1114 797 1296 837 sermo
1323 790 1527 848 vester,
1557 792 1642 837 est
1668 790 1771 846 est,
1790 797 1901 835 non
1922 797 2057 845 non,

494 880 554 925 ut
581 887 690 926 non
714 874 816 928 sub
861 873 1071 944 judicio
1122 873 1473 931 decidatis“.
1518 894 1536 928 ι
1604 875 1858 930 Concinit
1927 874 2013 928 his
2051 882 2108 929 et
2143 875 2405 931 Dominus
2445 891 2508 929 ac
2563 873 2814 929 Salvator
2854 888 2868 923 :

2160 601 2273 668 ἥτω
2300 601 2357 652 δὲ
2388 600 2539 670 ὑμῶν
2565 598 2645 662 τδ,
2687 597 2797 660 ναὶ,
2825 596 2930 661 ναὶ,
2965 592 3058 646 καὶ
3100 590 3182 656 τὸ,
3215 588 3297 653 οὔ,
3338 585 3423 639 οὖ.
3454 586 3524 637 Τδ
3548 585 3598 638 δὲ
3622 602 3699 639 πε-

2165 691 2345 761 ρισσὸν
2372 690 2594 753 τούτων,
2623 691 2688 740 ὲκ
2717 686 2811 739 τοῦ
2840 681 3075 755 πονηροῦ
3109 683 3274 733 ἐστιν.
3312 698 3332 729 ο
3382 677 3473 745 Τῷ
3508 676 3560 729 δὲ
3594 677 3700 746 Χρι-

2163 782 2271 851 στῷ
2297 782 2494 852 πρέπει
2528 780 2651 845 δόξα
2684 781 2763 842 είς
2789 777 2914 838 τοὺς
2947 775 3169 835 αἰῶνας.
3208 761 3405 841 Ἀμήν.

2922 888 2941 920 ι
2975 869 3089 939 Ego
3126 873 3314 920 autem
3359 863 3484 918 dies
3528 861 3694 916 vobis:

496 962 709 1033 1125
743 964 921 1019 Nolite
953 965 1141 1034 jurare
1176 966 1422 1029 omnino,
1462 981 1642 1035 neque
1696 981 1794 1034 per
1828 964 2048 1027 coelum,
2088 965 2220 1033 quia
2252 965 2412 1019 sedes
2467 964 2563 1018 Dei
2633 971 2751 1025 est;
2804 974 2981 1027 neque
3009 972 3108 1026 per
3157 963 3383 1019 terram,
3431 952 3555 1021 quia
3600 965 3696 1004 sca-

491 1055 698 1112 bellum
721 1059 922 1128 pedum
945 1059 1119 1127 ipsius
1144 1068 1262 1125 est;
1319 1074 1499 1128 neque
1526 1074 1623 1127 per
1672 1057 2125 1124 Hierosolymam,
2166 1057 2295 1124 quia
2322 1058 2521 1112 civitas
2540 1064 2624 1110 est
2657 1053 2819 1123 Regis
2839 1050 3052 1120 magni;
3084 1058 3139 1103 ct
3164 1062 3233 1101 ne
3259 1061 3361 1114 per
3381 1050 3546 1112 caput
3570 1052 3694 1097 tuum

488 1139 779 1214 iuraveris,
820 1150 945 1220 quia
970 1167 1079 1204 non
1110 1160 1266 1220 potes
1317 1165 1488 1203 unum
1537 1148 1793 1218 capillum
1850 1147 2035 1201 album
2074 1143 2253 1200 facere
2313 1158 2409 1203 aut
2463 1145 2813 1217 nigrumzsit
2832 1150 3015 1196 autem
3050 1153 3232 1194 sermo
3253 1142 3461 1197 vester,
3506 1141 3585 1187 est
3611 1141 3696 1187 est.

493 1257 605 1297 non
630 1258 739 1298 non
766 1243 953 1312 :quod
973 1242 1156 1299 autem
1190 1244 1278 1300 bis
1303 1242 1677 1298 abundantius
1719 1251 1823 1307 est,
1882 1257 1911 1294 a
1948 1237 2091 1292 malo
2126 1247 2212 1292 est
2235 1239 2303 1293 ⁸ο.
2349 1261 2368 1293 ι
2403 1242 2514 1297 Deo
2537 1249 2724 1294 nostro
2757 1237 2929 1308 gloria
2965 1235 3019 1287 in
3050 1232 3266 1287 saecula.
3296 1231 3495 1285 Amen.

1021 1354 1307 1411 HOMILIA
1347 1354 1534 1412 LXIV.

739 1467 816 1521 De
851 1467 996 1534 ﬁdeli
1034 1468 1271 1523 custodia
1303 1470 1565 1523 commissi
1606 1468 1811 1523 arcani.

565 1580 838 1634 Arcanum
866 1581 1108 1650 pectoris
1128 1582 1293 1637 unius
1312 1582 1620 1652 cujuspiam
1652 1580 1779 1635 ﬁdei
1827 1595 2055 1635 concre-

494 1672 647 1735 dere,
674 1687 867 1727 eorum
895 1683 979 1728 est
999 1674 1095 1743 qui
1133 1682 1260 1729 sunt
1288 1673 1465 1727 intimi
1495 1682 1553 1728 et
1581 1672 1880 1727 domestice
1911 1673 2051 1736 noti,

492 1759 597 1815 hoc
618 1770 724 1825 est,
753 1776 891 1830 quos
917 1764 1147 1817 sincerae
1168 1763 1420 1818 veritatis
1450 1777 1513 1819 ac
1560 1761 1685 1816 ﬁdei
1740 1761 2056 1815 indelibata:

2760 1349 2976 1403 ΛΟΓΟΣ
3001 1347 3113 1399 EA’.

2432 1467 2569 1535 Περί
2605 1464 2711 1520 τοῦ
2734 1462 3077 1533 φυλάσσειν
3098 1454 3462 1527 μυστήριον.

2234 1583 2307 1636 Τὸ
2353 1577 2677 1651 θαῤῥείσθαι
2704 1574 3022 1644 μυστήριον,
3067 1567 3177 1621 τῶν
3219 1567 3333 1620 ἔσω
3378 1568 3546 1629 ἐστὶν,
3578 1582 3701 1617 τουτ-

2161 1674 2332 1733 έστιν,
2390 1670 2499 1723 τῶν
2526 1667 2767 1737 γνησίων
2810 1665 2905 1718 καὶ
2934 1660 3162 1723 πιστῶν,
3212 1659 3337 1727 ούχὶ
3380 1658 3437 1710 δὲ
3474 1656 3576 1708 τῶν
3597 1653 3697 1718 ἔξω.

2168 1779 2186 1812 ι
2223 1758 2382 1829 Ὑμῖν
2411 1758 2518 1827 γὰρ
2546 1757 2776 1820 δέδοται,
2809 1753 2972 1837 φησὶν
3001 1749 3272 1837 ὁΚύριος,
3304 1746 3508 1837 γνῶναι
3526 1745 3590 1837 τὰ
3618 1762 3701 1811 μυ-

494 1850 841 1905 commendat
862 1852 1169 1921 integritas,
1200 1867 1311 1907 non
1339 1853 1468 1907 item
1501 1866 1693 1906 eorum
1722 1851 1816 1920 qui
1842 1852 2052 1905 externi

2164 1852 2362 1920 στήρια
2398 1850 2495 1917 τῆς
2548 1834 2910 1917 βασιλείαςζ»
2974 1842 3101 1896 Ἐὰν
3151 1834 3245 1892 οὖν
3306 1836 3594 1908 θαρρηθεὶς
3639 1836 3700 1902 μὴ

491 1949 898 2011 sunt,quorum
933 1943 1186 1997 videlicet
1209 1942 1371 1997 ﬁdem
1407 1943 1649 1997 nondum
1681 1942 1852 1996 habes
1872 1942 2052 2011 explo-

2160 1938 2392 2010 φυλάξῃ,
2421 1937 2687 2008 προδότης
2712 1935 2812 2005 τῆς
2841 1930 3101 2002 ἀληθείας
3128 1928 3379 1997 γέγονεν.
3406 1923 3699 1991 ’Δναγκαίον

489 2039 663 2085 ratam
694 2048 709 2084 :
748 2051 766 2082 ι
797 2032 965 2087 Vobis
1003 2032 1150 2087 enim
1176 2031 1363 2085 datum
1396 2040 1482 2086 est
1535 2045 1698 2085 nosse
1732 2031 2052 2099 mysterium

2158 2026 2251 2085 οὖν
2280 2032 2426 2083 ἐστιν
2460 2030 2623 2097 ἀγαν,
2678 2027 2827 2098 πάσῃ
2881 2022 3098 2094 φυλακῇ
3157 2015 3582 2087 ὲγκρατεύεσθαι
3624 2013 3699 2067 καὶ

491 2121 644 2191 regni
677 2124 742 2187 δ’,
776 2141 794 2174 ι
821 2122 898 2177 ait
917 2123 1199 2177 Dominus.
1231 2121 1334 2189 Qui
1360 2121 1528 2190 igitur
1558 2136 1673 2176 sua:
1716 2120 1844 2175 ﬂdei
1904 2136 2052 2175 com-

2162 2122 2353 2189 τηρεῖν
2376 2120 2436 2172 τὸ
2466 2117 2644 2188 ἑαυτῷ
2678 2115 2946 2187 θαῤῥηθὲν
2980 2110 3301 2184 μυστήριον,
3342 2107 3434 2160 ἵνα
3474 2104 3545 2175 μὴ
3574 2103 3699 2157 καὶό

488 2212 717 2265 missum
772 2214 954 2267 minus
1006 2212 1252 2266 ﬁdeliter
1291 2211 1642 2274 custodierit,
1672 2208 1925 2280 proditor
1943 2210 2052 2280 jam

2158 2212 2380 2281 γνήσιος
2411 2210 2576 2264 αὑτοῦ
2616 2209 2789 2277 φίλος,
2820 2204 3173 2266 ἀδιάλλακτος
3202 2197 3371 2253 αὑτοῦ
3403 2196 3585 2266 ἐχθρὸς
3605 2193 3696 2246 δια-

488 2302 666 2357 factus
684 2316 769 2357 εει
808 2303 986 2374 regni.
1011 2302 1153 2357 Sane
1182 2301 1513 2372 nimisquam
1562 2302 1934 2356 necessarium
1984 2300 2052 2354 sit

2159 2298 2339 2368 μείνῃ,
2380 2295 2558 2360 καθὼς
2590 2297 2688 2350 καὶ⁵
2720 2295 2827 2349 ὑπὸ
2863 2294 2962 2362 τῆς
3014 2293 3169 2355 θείας
3214 2288 3444 2363 Γραφῆς
3479 2283 3698 2338 παιδευό-

487 2394 637 2447 omni
677 2408 800 2448 cum
839 2395 1338 2463 circumspectione
1388 2393 1686 2463 providere
1719 2400 1790 2455 te,
1841 2400 1902 2446 ut
1941 2408 2056 2463 my-

488 2486 717 2540 sterium
758 2495 865 2541 tum
913 2486 1080 2542 semel
1130 2485 1508 2540 concreditum
1557 2484 1692 2540 ﬁdei
1720 2484 2050 2546 contineas,

485 2594 656 2647 penes
680 2585 730 2632 te
753 2593 1007 2632 asserves
1027 2585 1085 2632 et
1112 2593 1349 2647 premas,
1382 2593 1452 2631 ne
1476 2578 1522 2633 is
1548 2576 1644 2648 qui
1670 2576 1770 2630 tibi
1796 2591 2052 2647 germane

485 2670 820 2734 amicusest,
844 2686 912 2725 ex
935 2670 1113 2725 amico
1133 2668 1391 2723 inimicus
1409 2675 1726 2739 perseveret
1772 2682 2051 2736 nunquam

485 2759 865 2817 conciliandus
905 2778 919 2813 :
953 2760 1413 2830 quemadmodum
1441 2768 1498 2814 ct
1540 2759 1728 2814 divina
1762 2758 2053 2828 Scriptura

486 2851 728 2905 doctrice
776 2850 1082 2910 erudimur,
1114 2867 1236 2920 quae
1262 2859 1318 2905 et
1378 2850 1541 2904 docet
1588 2859 1862 2904 secretum
1898 2849 2053 2903 nullo

485 2946 647 3009 pacto
668 2939 1054 3010 evulgandum.
1079 2941 1221 2995 Dicit
1248 2942 1397 2995 enim
1423 2940 1812 2995 Parmmiastes
1844 2956 1857 2992 :
1894 2957 1913 2989 ι
1932 2937 2051 3003 .Qui

486 3031 632 3086 colat
660 3030 939 3098 iniuriam,
979 3032 1178 3101 quaerit
1212 3031 1545 3094 amicitiam;
1579 3031 1672 3099 qui
1718 3040 1902 3083 autem
1963 3044 2052 3083 re-

485 3121 611 3175 nuit
639 3121 838 3184 celare,
874 3121 1134 3175 dissociat
1165 3120 1371 3174 amicos
1398 3126 1454 3173 et
1485 3118 1816 3172 domesticos
1838 3119 1903 3170 ".
1937 3118 2051 3173 Au-

2160 2387 2317 2458 μεθα,
2357 2388 2484 2458 περὶ
2513 2386 2606 2439 τοῦ
2638 2386 2713 2457 μὴ
2742 2384 3021 2451 ἐκφαίνειν
3059 2383 3385 2451 μυστήριον.
3423 2378 3575 2447 ᾼέγει
3609 2374 3697 2443 γὰρ

2154 2483 2182 2532 ὁ
2212 2476 2639 2549 Παροιμιαστὴς,
2655 2477 2737 2529 ὅτι
2761 2496 2779 2526 ι
2796 2477 2899 2536 ⁸ος
2917 2473 3153 2543 κρύπτει
3183 2471 3452 2540 ἀδίκημα,
3468 2469 3610 2536 ζητεῖ
3629 2482 3698 2533 φι-

2153 2570 2305 2623 λίαν’
2341 2569 2399 2632 ὃς
2442 2569 2499 2622 δὲ
2557 2568 2707 2638 μισεῖ
2744 2568 3040 2637 κρύπτειν,
3093 2563 3365 2631 διίστησιν
3410 2560 3587 2629 φίλους
3622 2557 3698 2608 καὶ

2152 2658 2405 2720 οἰκείους.
2436 2676 2456 2707 ι
2488 2657 2598 2708 Καὶ
2617 2655 2795 2719 ἄλλος,
2822 2674 2842 2705 ι
2868 2655 3134 2725 Ἀκήκοας
3164 2650 3344 2716 λόγον,
3386 2648 3565 2719 φησὶν,
3595 2662 3697 2697 συν-

2153 2749 2470 2802 αποθανέτω
2515 2763 2629 2817 σοι’
2680 2748 2709 2799 ὁ
2756 2745 2865 2815 γὰρ
2920 2742 3325 2797 ἀποκαλύπτων
3409 2739 3697 2809 μυστήριον,

2153 2840 2342 2896 ἀπολεῖ
2370 2838 2573 2892 πίστιν.
2613 2856 2631 2889 ›
2676 2837 2786 2890 Καὶ
2818 2832 3001 2899 αὖθις,
3030 2853 3049 2885 ι
3082 2832 3206 2885 Ἑάν
3238 2827 3589 2898 ἀποκαλύψης
3612 2843 3697 2895 μυ-

2155 2929 2375 2998 στήριον
2402 2926 2499 2979 τοῦ
2532 2925 2687 2996 φίλου
2721 2942 2838 2985 σου,
2867 2923 2928 2976 ού
2956 2923 3029 2992 μὴ
3065 2917 3408 2992 καταδιώξῃς
3438 2916 3598 2970 ὀπίσω
3622 2914 3699 2967 αὖ·

2150 3014 2267 3070 τοῦ.
2285 3016 2495 3083 Ὥσπερ
2510 3013 2618 3083 γὰρ
2634 3010 2880 3063 πετεινὸν
2897 3010 2961 3061 ὲκ
2978 3010 3075 3076 τῆς
3094 3006 3274 3077 χειρός
3303 3022 3399 3059 σου
3423 3002 3695 3061 ἀπώλεσας,

2155 3103 2480 3178 [ἀπέλυσας]
2504 3103 2676 3166 οὕτως
2708 3101 2926 3171 ἀφῆκας
2975 3099 3067 3151 τὸν
3093 3098 3326 3168 πλησίον
3377 3113 3494 3159 σου,
3540 3092 3621 3147 καὶ
3647 3089 3695 3142 οὐ

487 3210 618 3266 disti
665 3210 939 3267 verbum?
995 3209 1389 3266 commoriatur
1433 3209 1588 3272 inte,
1626 3209 1737 3272 ait;
1771 3209 1867 3277 qui
1903 3209 2049 3262 enim

2157 3197 2439 3268 θηρεύσεις
2468 3195 2648 3250 αὐτόν.
2680 3193 2771 3262 Μὴ
2817 3187 2908 3245 οὖν
2940 3190 3102 3244 αὐτὸν
3130 3188 3363 3259 διώξῃς,
3401 3189 3483 3241 ὅτι
3513 3181 3697 3254 μακρὰν

2169 3288 2181 3299 ι
2248 3288 2261 3299 ι
2490 3286 2531 3299 Ir
2578 3284 2590 3299 ἱ
2642 3285 2654 3299 ι
2724 3283 2736 3299 Ι
2776 3298 2803 3299 ,,
2902 3281 2972 3299 9-4
3031 3295 3042 3299 -
3098 3276 3332 3299 'I"__...-_!_
3388 3277 3494 3299 ι--.
3562 3286 3697 3299 u-pn,

487 3312 762 3360 secretum
809 3303 1037 3362 revelat,
1065 3299 1248 3372 perdit
1279 3298 1442 3353 ﬁdem
1480 3300 1546 3352 ⁸³.
1604 3318 1621 3350 ι
1651 3276 1906 3353 Rursus:
1946 3317 1964 3348 ι
1995 3296 2051 3351 Si

2158 3288 2388 3356 ἀπέχει.
2428 3303 2446 3336 ι
2490 3284 2601 3337 Καὶ
2639 3283 2854 3349 ἐπάγει,
2899 3281 2979 3332 ὅτι
3024 3295 3042 3329 ι
3098 3276 3334 3347 Τραῦμά
3385 3277 3498 3328 ἐστι
3562 3286 3698 3323 κειτα-

486 3394 823 3450 revelaveris
860 3400 1133 3448 secretum
1167 3390 1331 3444 amici
1374 3390 1474 3455 tui,
1533 3404 1814 3459 nunquam
1867 3405 2054 3459 perse-

487 3483 675 3553 quaris
696 3491 821 3553 post
841 3497 998 3546 eum;
1029 3482 1176 3537 sicut
1203 3482 1349 3536 enim
1386 3494 1543 3535 avem
1566 3495 1597 3534 e
1632 3495 1796 3534 manu
1820 3488 1911 3532 tua
1954 3478 2053 3533 de-

487 3572 712 3638 misisti,
736 3572 817 3626 sic
839 3570 1128 3639 perdidisti
1161 3569 1468 3641 proxim-um
1498 3578 1649 3623 tuum
1678 3588 1690 3622 :
1732 3578 1789 3623 et
1824 3583 1933 3622 non
1965 3582 2055 3622 ca-

485 3671 610 3731 ptes
637 3676 762 3716 eum
790 3678 804 3714 :
836 3661 945 3715 noli
980 3661 1234 3730 persequi
1260 3675 1385 3715 eum
1408 3659 1537 3729 quia
1567 3659 1726 3729 longe
1747 3658 1905 3712 abest
1928 3657 1991 3709 “.
2030 3676 2050 3708 ι

485 3752 742 3808 Inducit:
780 3771 799 3803 ι
833 3751 1042 3806 Vulnus
1089 3750 1253 3806 liceat
1291 3750 1536 3821 alligare,
1584 3756 1640 3804 et
1693 3748 1921 3803 convitii
1971 3754 2056 3803 est

484 3843 845 3909 conciliatio;
875 3842 969 3913 qui
1001 3852 1183 3898 autem
1207 3842 1468 3897 rcvelavit
1500 3845 1784 3903 arcanum,
1812 3839 2055 3908 perdidit

486 3936 648 3992 fidem
672 3936 737 3990 ⁸³.
773 3954 792 3987 ι
848 3933 1141 3990 Generosa:
1174 3933 1342 4003 igitur
1389 3948 1453 3988 ac
1484 3930 1663 3987 virilis
1718 3932 1916 3986 animae
1944 3940 2050 3995 est,

485 4029 671 4085 modis
687 4028 945 4084 omnibus
978 4027 1210 4082 alterius
1234 4035 1511 4083 secretum
1547 4041 1717 4095 penes
1765 4040 1824 4080 se
1854 4040 2050 4080 recou-

486 4120 641 4181 dere.
662 4135 767 4176 nec
790 4120 956 4174 ullam
986 4118 1057 4174 ob
1094 4133 1315 4174 causam
1347 4126 1444 4172 aut
1498 4117 1775 4171 invectum
1812 4115 2053 4170 tristitiae

488 4211 743 4266 nubilum
771 4211 1008 4281 prodere
1035 4218 1093 4264 et
1108 4209 1366 4277 evulgare
1396 4222 1657 4262 arcanum
1693 4222 1818 4263 cum
1854 4205 2051 4260 ﬁducia

486 4302 888 4359 concreditum.
912 4302 971 4356 In
995 4300 1315 4356 sustinendo
1338 4299 1558 4368 quidem
1598 4298 1687 4352 vel
1721 4296 1787 4351 ad
1831 4297 2049 4360 horam,

485 4393 903 4448 etcontinenter
926 4389 1225 4467 premendo
1268 4398 1563 4450 secretum,
1596 4387 1851 4442 nonnihil
1897 4386 2051 4456 prin-

481 4482 632 4553 cipio
670 4483 852 4539 aditur
876 4481 1374 4537 laboriszdemum
1431 4478 1811 4534 incredibilem
1866 4475 2052 4547 gaudii

2157 3373 2335 3445 δῆσαι,
2360 3373 2456 3427 καὶ
2479 3372 2745 3441 λοιδορίας
2781 3371 2897 3423 ἐστὶ
2972 3366 3295 3435 καταλλαγὴ
3317 3381 3330 3394 ·
3373 3366 3402 3417 ὁ
3439 3366 3495 3418 δὲ
3522 3364 3697 3445 rimata-

2159 3462 2330 3530 λύψας
2358 3464 2676 3533 μυστήριον,
2721 3457 2969 3512 ἀπώλεσε
3035 3458 3238 3510 πίστιν.
3276 3474 3293 3506 ι
3345 3456 3384 3507 Γ
3386 3452 3590 3514 ενναίας
3620 3442 3695 3517 οὖν
3801 3463 3810 3478 ι

2158 3555 2255 3608 καὶ
2276 3554 2523 3625 ἀνδρείας
2548 3553 2645 3606 καὶ
2670 3550 2869 3617 πιστῆς
2895 3548 3073 3617 ψυχῆς
3116 3549 3264 3599 ἐστιν
3293 3547 3356 3598 τὸ
3386 3543 3522 3598 κατὰ
3550 3544 3695 3593 πάντα

2157 3651 2357 3717 τρόπον
2382 3645 2647 3716 κρύπτειν
2679 3644 2975 3713 μυστήριον
2995 3657 3008 3670 ·
3040 3657 3136 3692 και
3162 3639 3236 3707 μὴ
3258 3637 3349 3690 διά
3369 3652 3510 3699 τινος
3531 3632 3697 3693 αἰτίας,

2158 3738 2191 3808 ἢ
2221 3738 2417 3808 λύπης,
2446 3735 2522 3799 ὡς
2546 3734 2712 3798 εἱκδς,
2744 3730 3023 3799 ἐκφαίνειν
3051 3730 3117 3781 τά
3151 3728 3297 3797 αύτῷ
3337 3724 3691 3797 θαῤῥούμενα·

2163 3827 2356 3899 μικρὸν
2398 3825 2507 3894 γὰρ
2559 3823 2694 3893 πρὸς
2747 3821 2896 3891 ὤραν
2950 3818 3225 3890 βαστάξας
3307 3816 3404 3870 καὶ
3455 3814 3696 3885 κρατήσας

2160 3920 2385 3990 ὕστερον
2433 3916 2639 3988 τρυγᾷς
2683 3912 2998 3982 γλυκασμδν
3048 3912 3221 3982 χαρᾶς
3271 3911 3337 3962 ὲκ
3378 3908 3471 3962 τοῦ
3512 3900 3694 3972 καρπῦῦ

2157 4012 2254 4080 τῆς
2280 4008 2624 4079 ἐγκρατείας.
2671 4005 2727 4058 Ὀ
2762 4006 2869 4074 γὰρ
2898 4004 3084 4066 πιστὸς
3121 4002 3306 4064 δοῦλος
3335 4002 3398 4053 τὸ
3430 3998 3695 4069 μυστήριον
3792 4036 3797 4041 .

2156 4101 2251 4154 τοῦ
2278 4100 2548 4154 Δεσπότου
2577 4096 2741 4150 αὐτοῦ
2781 4097 3065 4166 φυλάσσει.
3114 4093 3283 4163 Φησὶν
3320 4092 3428 4161 γὰρ
3472 4092 3498 4142 ὁ
3526 4087 3695 4157 Κύριος

2156 4195 2266 4256 τοῖς
2307 4190 2501 4244 ἑαυτοῦ
2532 4188 2835 4260 μαθηταῖς,
2880 4206 2898 4237 ι
2936 4186 3098 4256 Ὑμῖν
3155 4184 3366 4236 δέδοται
3415 4179 3598 4249 γνῶναι
3640 4178 3697 4225 τὰ

2160 4283 2431 4354 μυστήρια
2466 4282 2565 4347 τῆς
2598 4276 2873 4348 βασιλείας
2911 4274 3004 4329 τοῦ
3037 4273 3196 4336 Θεοῦ,
3250 4273 3485 4332 ἐκείνοις
3522 4268 3572 4320 δὲ
3605 4266 3695 4323 τοῖς

2156 4376 2280 4442 ἔξω,
2316 4376 2373 4426 ἐν
2398 4370 2732 4443 παραϐολαῖς
2755 4368 2824 4421 τά
2854 4368 3033 4421 πάντα
3059 4365 3299 4431 λέγεται,
3330 4363 3414 4415 ἵνα
3445 4360 3696 4430 βλέποντες

2159 4467 2445 4539 βλέπωσιν,
2476 4463 2569 4518 καὶ
2596 4462 2671 4533 μὴ
2702 4461 2903 4524 ἴδωσιν,
2941 4459 3031 4511 καὶ
3061 4455 3370 4519 ἀκούοντες,
3402 4454 3694 4539 ἀκούσωσιν,

483 4576 851 4631 vindemiabis
875 4576 1222 4631 dulcedinem
1247 4592 1317 4630 ex
1352 4574 1536 4628 fructu
1576 4569 1912 4625 continentis
1943 4568 2051 4622 lin-

2159 4534 2255 4614 καὶ
2286 4559 2360 4629 μὴ
2383 4556 2653 4609 συνιῶσιν.
2684 4573 2703 4604 ι
2733 4550 2890 4621 Αὐτῷ
2913 4553 2946 4620 ἡ
2973 4548 3101 4614 δόξα
3119 4547 3196 4617 τῷ
3220 4543 3577 4615 φιλανθρώπῳ
3598 4534 3695 4604 Θεῷ

484 4681 623 4737 gnte.
646 4665 851 4722 Servus
869 4666 1016 4720 enim
1034 4666 1211 4720 ﬁdelis
1229 4666 1273 4720 si
1290 4672 1399 4730 est,
1417 4662 1752 4717 dominicum
1779 4672 2039 4714 arcanum

485 4774 733 4830 penesse
761 4759 959 4815 tacitus
983 4768 1186 4815 servat.
1246 4760 1337 4814 Ait
1364 4757 1513 4812 enim
1557 4764 1614 4814 et
1647 4754 1912 4809 Dominus
1975 4746 2259 4819 discipulis
2296 4740 2413 4796 suis
2442 4756 2457 4789 :
2483 4758 2501 4789 ‹
2531 4738 2699 4793 Vobis

485 4822 620 4914 Dei;
659 4850 769 4904 illis
803 4858 1008 4913 autem,
1046 4868 1065 4899 ι
1123 4863 1319 4917 nempe
1372 4844 1639 4910 externis,
1686 4844 1873 4897 omnia
1905 4860 1924 4892 ι
1957 4841 2013 4893 ἰιι
2054 4833 2334 4909 parabolis
2381 4851 2398 4882 ι
2436 4830 2718 4890 dicuntur,
2758 4844 2777 4877 ι
2812 4834 2874 4880 ιιι
2893 4824 3146 4878 videntes
3208 4822 3455 4883 videant,
3521 4831 3549 4869 e

2149 4655 2227 4715 εἰς
2254 4649 2381 4709 τοὺς
2418 4643 2641 4706 αἰῶνας.
2682 4643 2873 4712 Ἀμήν.
3339 4697 3350 4709 _

2727 4736 2914 4790 datum
2942 4742 3025 4788 est
3082 4743 3243 4784 nosse
3268 4723 3520 4795 mysteria
3569 4722 3696 4788 regni

3554 4822 3571 4865 ι
3598 4821 3690 4863 ιιοιι

483 4944 792 5014 intelligant
831 4942 897 4996 “.
935 4961 955 4993 ι
994 4941 1101 5011 ipsi
1133 4940 1306 5010 gloria
1348 4938 1404 4992 in
1451 4936 1650 4991 saecula
1698 4933 2046 4988 saeculorum.
2088 4929 2282 4987 Amen.

920 5046 1435 5121 1126HOMILIA
1464 5045 1620 5099 va.

485 5170 604 5229 Non
633 5168 790 5222 cuit-is
812 5165 1241 5236 intempestiviter
1284 5168 1376 5214 aut
1398 5168 1590 5212 temere
1627 5155 2059 5210 committendum

1132 5247 1410 5288 arcanum.

557 5352 895 5411 Unicuilibet
927 5350 1089 5407 obvio
1123 5344 1458 5403 concredere
1486 5343 1572 5398 sui
1602 5340 1841 5411 pectoris
1902 5353 2056 5393 arca-

2764 5027 2984 5082 ΛΟΓΟΣ
3009 5026 3131 5079 ΞΕ’.

2466 5139 2603 5207 Περὶ
2642 5137 2745 5191 τοῦ
2763 5135 2850 5205 μὴ
2880 5134 3134 5200 ἀκαίρως
3163 5128 3418 5223 θαρῤεξν.

2229 5252 2302 5306 Τὸ
2338 5249 2580 5318 ἀκαίρως
2610 5246 2830 5317 θαρρεῖν
2859 5259 2986 5307 τινι,
3018 5237 3344 5293 ἀπαιδεύτου
3372 5235 3468 5289 καὶ
3502 5235 3695 5300 ἀπειρο⁴

2146 5344 2326 5397 ’κάλου
2351 5341 2527 5410 ψυχῆς
2558 5339 2708 5391 ίδιον.
2740 5332 2932 5388 Πολλοὶ
2956 5331 3064 5401 γὰρ
3100 5330 3165 5383 ἐκ
3192 5326 3286 5381 τοῦ
3312 5323 3696 5395 ἀπερισκέπτως

486 5458 643 5509 num,
674 5444 728 5498 id
762 5442 1041 5513 peculiare
1070 5447 1155 5495 est
1182 5438 1379 5492 animae
1409 5449 1637 5505 prorsus
1666 5430 1977 5487 inerudite.
2000 5438 2052 5483 et

2158 5432 2430 5503 θαρρῆσαι
2463 5426 2667 5493 οἷς-οὐκ
2693 5425 2941 5495 ὤφειλον,
2974 5423 3199 5493 ὕστερον
3222 5423 3302 5513 είς
3333 5419 3534 5489 θλίψεις
3557 5413 3694 5485 μεγά-

487 5549 610 5607 qua:
642 5534 875 5589 nihilum
917 5540 1143 5600 experta
1194 5536 1277 5583 est
1316 5526 1501 5581 decori
1530 5532 1694 5594 atque
1729 5521 2052 5576 honestatis.

2161 5522 2257 5585 λας
2288 5522 2383 5573 καὶ
2412 5521 2720 5591 ἀφορήτους
2745 5517 3027 5570 ἑνέπεσαν.
3064 5512 3185 5585 Χρὴ
3218 5506 3312 5566 οὖν
3341 5511 3514 5563 πάντα
3564 5518 3692 5572 περι·

558 5693 728 5748 "imo
743 5693 972 5747 Malach.
997 5707 1076 5753 ιιι,
1097 5688 1163 5753 3;
1188 5687 1351 5741 Zach.
1382 5703 1437 5749 v,
1460 5685 1512 5738 4.
1593 5684 1636 5717 ³9
1663 5683 1776 5738 Jac.
1805 5700 1858 5741 ν,
1888 5681 1955 5733 12
2010 5682 2052 5753 7‘

2157 5681 2585 5753 ialth.iv,3_4-57.
2660 5676 2920 5753 f‘diatth.
2955 5692 3065 5740 xm,
3109 5675 3194 5728 Il.
3272 5673 3316 5704 "
3343 5672 3500 5726 Prov.
3521 5659 3685 5725 1011,9-

489 5758 537 5795 ιε
567 5746 905 5827 matari;
936 5762 1019 5814 ιυ.
1066 5746 1341 5811 ’διἐςριι.
1384 5746 1543 5819 χιιι-ιι,
1583 5752 1767 5809 19-22.
1842 5752 2042 5806 "ibid.
2077 5752 2156 5807 ιι.
2233 5752 2277 5811 ιβ
2300 5751 2488 5805 Matth.
2521 5765 2633 5815 xm,
2664 5749 2747 5808 ιι,
2778 5746 2856 5799 12.
