3986 6148
380 374 521 444 11325

1395 392 1723 455 HOMILIA
1762 399 1962 460 LXVI.
1988 427 2055 435 -α
2082 403 2179 462 DE
2214 399 2624 465 VERITATE.

3501 406 3645 471 16263

373 488 727 559 εσκεμμένως
767 489 863 544 καὶ
894 488 1031 560 μετά
1053 486 1263 564 βουλῆς
1286 496 1573 566 πράσσειν,
1598 503 1692 554 καὶ
1716 502 1789 571 μὴ
1820 501 1929 573 ϐαρ.

2059 507 2353 578 Plerosque
2384 506 2619 591 contigit
2650 512 2937 579 perplexas
2980 520 3143 580 atque
3194 510 3283 565 vix
3316 512 3630 571 tolerabiles

374 583 488 650 ῥεῖν
532 596 640 633 τινι
687 579 761 643 ὼς
812 580 1016 651 ἔτυχεν,
1074 581 1165 636 ἵνα
1224 584 1299 655 μὴ
1338 585 1567 657 ὕστερον
1614 592 1712 661 τῆς
1745 594 1940 646 ἑαυτοῦ

373 667 731 732 κακοϐουλίας
780 670 1029 740 καρποὺς
1059 671 1253 743 ὀδύνης
1303 676 1512 746 θερίσῃ.
1560 679 1652 741 Εἰς
1695 679 1802 750 γὰρ
1832 679 1944 734 ὦτα

375 758 601 828 ἄφρονος
629 759 792 813 καλόν
823 762 969 815 ἐστιν
1003 764 1168 835 μηδὲν
1196 767 1396 834 λέγειν,
1423 767 1499 832 ὥς
1523 786 1689 841 φησιν
1717 775 1744 825 6
1785 774 1941 826 Σολο-

373 849 508 920 μὼν,
542 851 752 921 μήποτε
784 855 1097 928 μυκτηρίσῃ
1127 857 1250 920 τοὺς
1292 860 1417 923 σοὺς
1444 859 1653 928 λόγους.
1691 864 1941 918 Διδάσκει

368 941 425 994 δὲ
452 944 546 996 καὶ
575 943 732 1007 ἀλλος
759 946 941 1013 σοφὸς,
978 965 997 998 ι
1032 948 1188 1002 Μετά
1219 950 1402 1020 μωροῦ
1443 952 1516 1022 μὴ
1546 953 1939 1023 συμϐουλεύου,

370 1034 431 1085 ού
455 1034 562 1104 γὰρ
583 1036 875 1106 δυνήσεται
900 1037 1057 1105 λόγον
1109 1040 1350 1106 στέξαι.»
1378 1044 1488 1095 Καὶ
1519 1045 1698 1105 πάλιν,
1728 1066 1746 1097 ι
1772 1048 1942 1100 Παντὶ

368 1124 640 1196 ἀνθρώπῳ
695 1128 770 1200 μή
809 1127 1035 1197 ἕκφαινε
1094 1133 1161 1183 τὰ
1210 1133 1307 1202 τῆς
1350 1134 1574 1205 καρδίας
1627 1153 1754 1188 σου·
1808 1139 1942 1207 μηδὲ

370 1214 547 1266 πάντα
581 1215 869 1286 ἄνθρωπον
894 1219 1156 1285 εἰσάγαγε
1211 1222 1290 1282 είς
1318 1222 1409 1273 τὸν
1438 1216 1586 1275 οἶκόν
1618 1241 1732 1277 σου.
1765 1226 1943 1280 Πολλά

234 1358 266 1377 θ
322 1296 476 1383 ξγάρ
494 1304 561 1359 τά
592 1306 779 1376 ἕνεδρα
812 1307 903 1361 τοῦ
937 1310 1201 1366 διαϐόλου.
1223 1330 1241 1361 ι
1279 1313 1389 1365 Καὶ
1421 1312 1599 1378 αὖθις,
1637 1335 1655 1366 ι
1679 1317 1941 1370 Ἐνὼπιον

366 1394 647 1464 ἀλλοτρίου
684 1398 852 1469 μηδὲν
881 1400 1113 1470 ποιήσῃς
1133 1403 1394 1470 κρυπτόν·
1431 1405 1490 1456 οὐ
1513 1405 1621 1474 γὰρ
1652 1406 1940 1473 γινώσκεις

365 1484 419 1537 τί
447 1486 677 1553 τέξεται.
705 1506 723 1539 ι
771 1488 881 1541 Καὶ
918 1489 1103 1556 πάλιν,
1154 1510 1174 1542 ι
1202 1491 1367 1562 Ἀνὴρ
1406 1492 1699 1561 δίγλωσσος
1733 1496 1942 1548 ἀποκα-

366 1574 556 1630 λύπτει
577 1577 771 1648 βουλὰς
786 1580 844 1632 ὲν
866 1581 1160 1652 συνεδρίιιν
1187 1584 1214 1636 6
1241 1582 1296 1635 δὲ
1327 1584 1518 1648 πιστὸς
1549 1588 1681 1656 πνοῇ
1706 1586 1938 1657 κρύπτει

365 1666 687 1737 πράγματα.
726 1688 744 1720 ι
783 1672 890 1724 Καὶ
922 1673 950 1725 6
991 1675 1275 1744 προφήτης
1312 1675 1551 1745 Μιχαίας
1596 1675 1694 1748 βοᾷ
1740 1676 1935 1743 λέγων,

371 1776 390 1807 ι
410 1759 498 1829 Μὴ
517 1763 946 1816 καταπιστεύετε
969 1764 1025 1816 ὲν
1041 1764 1236 1831 φίλοις.
1262 1766 1370 1819 Καὶ
1395 1767 1502 1819 ἀπὸ
1523 1769 1624 1837 τῆς
1647 1771 1936 1836 συγκοίτου

2054 597 2299 655 incidere
2327 603 2381 654 in
2410 599 2755 665 aillictiones,
2788 617 2855 655 ex
2889 618 2957 656 eo
2988 604 3131 671 quod
3162 604 3366 672 quibus
3399 621 3505 660 non
3526 607 3622 661 de-

2051 690 2274 755 bebant,
2301 691 2630 760 nimisquam
2658 701 2861 745 temere
2887 708 2944 745 se
2984 693 3359 748 crediderunt.
3392 696 3624 753 Necesse

2051 781 2219 851 igitur
2240 781 2333 844 sit,
2368 782 2809 851 circumspcctim
2840 793 2896 836 et
2946 783 3145 836 comite
3189 786 3435 839 consilio
3461 802 3624 856 agere

2050 874 2254 935 omnia,
2299 889 2402 927 nec
2461 874 2796 936 inconsulte,
2847 883 2907 926 ut
2941 874 3053 927 fere
3086 872 3166 938 ﬁt,
3199 884 3473 929 secretum
3497 879 3620 932 cui-

2049 979 2213 1033 quam
2241 963 2608 1027 committere,
2639 972 2696 1017 ut
2724 981 2790 1019 ne
2817 965 3037 1018 demum
3073 980 3172 1034 per
3203 975 3350 1019 tuam
3391 969 3619 1020 temeri-

2049 1063 2215 1108 tatem
2270 1054 2482 1108 fructus
2525 1055 2773 1109 demetas
2817 1055 3047 1109 doloris.
3104 1056 3185 1109 Ad
3255 1072 3418 1111 aures
3469 1058 3625 1111 enim.

2048 1142 2413 1213 imprudentis
2441 1147 2642 1198 bonum
2668 1154 2751 1198 est
2782 1146 2916 1198 nihil
2952 1146 3155 1210 dicere,
3184 1155 3243 1199 ut
3268 1154 3322 1200 et
3360 1147 3615 1203 Salomon

2046 1235 2144 1298 ait,
2195 1251 2263 1289 ne
2321 1234 2460 1290 forte
2510 1236 2809 1290 snbsannet
2863 1238 3107 1291 eruditos
3144 1248 3266 1292 tuos
3311 1253 3608 1295 sermones.

2046 1325 2217 1379 Docet
2266 1334 2448 1379 autem
2486 1336 2541 1379 ct
2589 1326 2730 1381 alius
2764 1328 2981 1396 sapiens
3014 1346 3025 1378 :
3063 1346 3079 1376 ι
3116 1329 3252 1381 Cum
3296 1331 3464 1383 stulto
3504 1331 3614 1384 noli

2047 1416 2186 1471 inire
2251 1417 2574 1480 consilium,
2626 1433 2734 1470 non
2794 1418 2940 1472 enim
2992 1419 3206 1491 poterit
3261 1429 3443 1489 tegere
3495 1437 3618 1475 ver-

2046 1505 2176 1561 bum
2201 1506 2267 1560 ⁸⁷.
2306 1527 2324 1558 ι
2364 1508 2573 1562 Rursus
2611 1526 2621 1560 :
2674 1527 2691 1557 ι
2730 1508 2886 1562 Omni
2928 1509 3149 1562 homini
3171 1526 3239 1564 ne
3296 1511 3497 1579 prodas
3519 1526 3617 1566 cor

2048 1609 2200 1653 tuum
2233 1600 2296 1662 "',
2327 1614 2504 1668 neque
2533 1615 2749 1654 onmem
2777 1601 3054 1654 hominem
3094 1601 3259 1655 induc
3283 1603 3338 1655 in
3387 1580 3613 1657 domum

2048 1700 2227 1755 tuam;
2273 1692 2455 1746 multa:
2481 1692 2626 1745 enim
2653 1702 2778 1746 sunt
2804 1692 3015 1746 insidice
3038 1692 3462 1748 calumniatoris
3486 1694 3551 1748 ‘9.
3586 1713 3603 1745 ι

2047 1781 2285 1836 Rursum
2311 1799 2323 1833 :
2361 1800 2379 1832 ι
2414 1782 2608 1836 Coram
2634 1782 2814 1836 alieno
2840 1782 2977 1836 nihil
2995 1784 3161 1837 facias
3183 1784 3405 1850 secreti,
3430 1800 3610 1855 neque

364 1865 455 1902 σου
488 1851 721 1921 φύλαξον
749 1855 842 1907 τοῦ
900 1855 975 1924 μὴ
1024 1855 1321 1911 ἀναθέσθαι
1369 1859 1507 1929 αὐτῇ
1559 1877 1675 1913 τι.»
1740 1862 1929 1927 Καλῶς

2040 1874 2188 1927 enim
2228 1874 2358 1937 scis,
2392 1874 2525 1943 quid
2561 1874 2738 1943 pariet
2765 1874 2838 1927 ⁵ο.
2882 1894 2900 1925 ι
2936 1875 3139 1928 lterum
3176 1892 3189 1928 :
3235 1894 3252 1924 ι
3295 1876 3390 1930 Vir
3434 1851 3607 1930 bilin-

318 1974 325 1983 .
360 1939 491 2004 γοῦν
517 1944 611 1996 καὶ
649 1945 676 1997 6
707 1945 993 2016 προφήτης
1034 1951 1291 2018 παραινεῖ
1312 1948 1677 2018 φυλάττεσθαι
1705 1953 1813 2006 ἀπὸ
1836 1955 1934 2025 τῆς

360 2034 670 2101 συγκοίτου,
719 2038 931 2107 μήποτε
989 2038 1370 2110 ὑπομείνωμεν
1422 2042 1490 2096 τὰ
1529 2044 1621 2097 τοῦ
1670 2045 1931 2115 Σαμψών.

371 2124 649 2196 Ὀχληθεὶς
679 2127 787 2199 γάρ
832 2130 860 2182 6
906 2129 1116 2194 δίκαιος
1154 2131 1260 2184 ὑπὸ
1306 2132 1404 2201 τῆς
1456 2135 1627 2187 αὐτοῦ
1676 2137 1931 2206 συμὸίου,

355 2216 678 2288 ἀνήγγειλεν
728 2221 866 2292 αὐτῇ
907 2221 968 2275 τὸ
1019 2222 1336 2294 πρόϐλημα,
1394 2227 1489 2279 καὶ
1527 2227 1751 2296 γέγονεν
1782 2230 1933 2300 αύτῷ

354 2311 435 2374 είς
476 2312 655 2382 λύπην
705 2315 969 2384 μεγάλην.
1013 2315 1291 2380 Ὡσαύτως
1325 2318 1418 2371 καὶ
1444 2320 1477 2388 ἡ
1506 2320 1736 2390 δευτέρα
1763 2322 1929 2375 αὑτοῦ

354 2401 584 2472 σύμϐιος
621 2405 841 2471 Δαλιδά,
885 2407 1187 2477 ἀπατηλοῖς
1239 2408 1420 2476 λόγοις
1464 2411 1796 2481 ἀπατήσασα
1836 2413 1932 2467 τὸν

351 2490 577 2559 δίκαιον,
617 2494 900 2565 ὲπίχαρμα
959 2492 1122 2549 αὐτὸν
1173 2497 1508 2566 κατέστησεν
1556 2501 1666 2562 τοῖς
1715 2501 1930 2572 ἐχθροῖς

351 2583 539 2638 αὑτοῦ.
576 2585 685 2657 Kal
713 2588 741 2638 ό
768 2585 830 2653 ἐξ
858 2588 1192 2655 ἐπαγγελίας
1227 2588 1574 2658 συλληφθεὶς,
1602 2592 1696 2643 καὶ
1737 2592 1930 2662 κρίνας

348 2674 522 2728 εἴκοσι
552 2676 648 2748 ἔτη
674 2678 766 2732 τὸν
802 2678 1038 2747 Ἰσραὴλ,
1090 2680 1185 2731 καὶ
1230 2680 1532 2750 ἀνασχίσας
1569 2682 1693 2744 ταῖς
1747 2681 1928 2734 παλά-

352 2783 481 2833 μαις
510 2766 567 2819 1:6
591 2768 767 2837 στόμα
794 2768 890 2821 τοῦ
941 2770 1177 2836 λέοντος,
1227 2771 1323 2823 καὶ
1366 2773 1423 2824 ἐν
1455 2771 1661 2840 σιαγόνι
1696 2770 1818 2824 ὄνου
1846 2789 1928 2843 χι-

349 2856 495 2919 λίους
524 2857 853 2922 ἀποκτείνας
899 2859 1120 2930 ἄνδρας,
1150 2862 1245 2915 καὶ
1286 2860 1431 2929 ὕδωρ
1457 2862 1521 2913 ἐκ
1549 2862 1650 2929 τῆς
1679 2862 1926 2930 σιαγόνος
1963 2869 1973 2893 ⁸

351 2946 509 3013 πιὼν,
536 2950 629 3002 καὶ
655 2948 722 3002 δι’
740 2946 1047 3022 ὑπερϐολὴν
1079 2951 1262 3021 ἰσχύος
1289 2952 1385 3015 τάς
1414 2951 1591 3016 πύλας
1614 2952 1797 3022 Γάζης
1830 2954 1924 3005 σὺν

359 3040 436 3111 τῷ
458 3040 640 3112 μοχλῷ
664 3043 752 3094 ἐπ’
768 3041 933 3112 ὤμων
962 3041 1121 3112 ἄρας,
1146 3044 1241 3097 καὶ
1264 3045 1342 3106 εἰς
1365 3044 1427 3096 τὸ
1451 3043 1576 3113 ὅρος
1602 3044 1921 3112 ἀνενέγκας,

348 3133 453 3205 ὑπὸ
489 3133 699 3203 φαύλης
728 3134 989 3203 γυναικὸς
1010 3133 1339 3198 δελεασθεὶς,
1365 3134 1626 3205 ἐξαίφνης
1668 3135 1728 3187 ού
1763 3136 1921 3205 μόνον

345 3202 443 3291 τῗήν
470 3202 745 3293 τοσαύτην
770 3223 925 3293 ἰσχὺν
972 3222 1277 3289 ἀπώλεσεν,
1310 3222 1447 3275 ἀλλὰ
1476 3202 1669 3275 καὶ-τά
1699 3202 1920 3293 ὄμματα

344 3313 675 3385 ὲξορυχθεὶς,
708 3314 960 3382 παίγνιον
986 3317 1098 3368 τοῖς
1142 3313 1452 3384 παιδαρίοις
1480 3313 1589 3366 τῶν
1611 3312 1925 3382 ἀλλοφύλων

344 3404 655 3474 γενόμενος,
676 3404 773 3458 σὺν
796 3405 981 3467 αὐτοῖς
1005 3406 1097 3459 τὸν
1124 3403 1238 3475 βίον
1270 3405 1585 3458 κατέλυσεν.
1625 3404 1921 3476 Ἐπόμενον

343 3492 437 3548 οὗν
487 3496 633 3547 ἐστιν
681 3495 743 3547 τδ
790 3495 883 3547 τοῦ
939 3496 1149 3567 Κυρίου
1199 3496 1362 3565 ῥητὸν
1405 3495 1466 3549 τὸ
1506 3496 1733 3564 φάσκον,
1771 3514 1789 3547 ι
1830 3494 1922 3565 Μὴ

344 3585 480 3637 δῶτε
508 3583 577 3637 τὰ
615 3584 746 3652 ἅγια
771 3585 885 3647 τοῖς
912 3585 1093 3651 κυσὶν,
1128 3584 1263 3654 μηδὲ
1294 3585 1513 3654 βάλλετε
1544 3588 1672 3649 τοὺς
1702 3604 1920 3658 μαργα-

346 3675 501 3744 ρίτας
535 3673 709 3743 ὑμῶν,
749 3673 1060 3745 ἔμπροσθεν
1099 3674 1208 3727 τῶν
1235 3675 1458 3746 χοίρων,
1495 3676 1704 3745 μήποτε
1745 3694 1917 3730 κατα-

342 3766 660 3835 πατήσουσιν
690 3764 888 3827 αύτοὺς
922 3767 1035 3827 τοῖς
1070 3766 1229 3817 ποσὶν
1276 3764 1478 3827 αὐτῶν,
1512 3767 1606 3817 καὶ
1650 3766 1918 3836 στραφέν-

341 3874 431 3919 τες
460 3856 696 3929 ῥήξωσιν
728 3856 892 3926 ύμᾶς.
936 3875 955 3907 ι
994 3856 1151 3926 Αὐτῷ
1181 3858 1214 3926 ἡ
1248 3854 1376 3920 δόξα
1409 3857 1487 3919 εἰς
1533 3857 1659 3918 τοὺς
1688 3857 1913 3919 αἰῶνας.

355 3947 548 4017 Ἀμήν.

2036 1964 2161 2036 guis
2199 1966 2403 2020 revelat
2431 1966 2659 2020 consilia
2693 1966 2742 2019 in
2779 1966 3014 2020 concilio
3046 1966 3229 2020 habita
3254 1984 3277 2031 ;.
3298 1968 3391 2035 qui
3422 1976 3604 2021 autem

2038 2056 2213 2110 ﬁdelis
2238 2064 2323 2111 est
2348 2057 2567 2127 spiritu,
2598 2058 2837 2111 occultat
2861 2073 2976 2111 rem
3017 2058 3083 2109 ⁵³.
3120 2075 3139 2109 ι
3175 2058 3429 2112 Michaeas
3484 2074 3608 2127 pro.

2034 2149 2198 2219 pheta
2238 2150 2438 2204 clamat
2488 2166 2500 2203 :
2556 2170 2573 2201 ι
2620 2150 2743 2204 Noli
2795 2150 2958 2204 ﬁdem
2994 2151 3199 2204 habere
3225 2150 3437 2213 amicis,
3491 2158 3546 2205 et
3574 2163 3606 2203 ει

2035 2241 2342 2295 contborali
2376 2251 2468 2296 tua
2519 2258 2672 2306 cave,
2722 2249 2779 2294 et
2811 2241 2945 2295 nihil
2988 2241 3135 2296 iiiius
3182 2238 3312 2297 ﬁdei
3347 2239 3604 2296 commit-

2033 2338 2087 2386 te
2111 2331 2176 2384 ⁸².
2216 2350 2233 2382 ι
2268 2331 2383 2385 lloc
2406 2346 2473 2385 eo
2497 2332 2656 2390 dixit.
2683 2347 2752 2385 ne
2784 2331 2923 2385 forte
2943 2331 3134 2387 eadem
3164 2332 3463 2387 toleremus
3482 2346 3605 2402 quae

2030 2428 2086 2474 et
2120 2419 2349 2474 Samson
2386 2421 2570 2490 :justo
2597 2420 2746 2474 enim
2783 2420 2933 2482 huic,
2968 2436 3089 2489 qua:
3134 2436 3257 2475 cum
3298 2421 3417 2490 ipso
3449 2423 3600 2479 vive.

2031 2507 2124 2561 bat
2171 2508 2560 2573 communiter,
2601 2508 3013 2577 inexplicabiles
3061 2510 3330 2565 conscivit
3392 2504 3603 2564 turbas:

2031 2597 2260 2653 Samson
2320 2599 2467 2657 enim
2516 2599 2784 2668 propositi
2840 2600 3201 2668 problematis
3270 2599 3602 2653 solutionem

2027 2686 2343 2740 enuntiarat
2380 2705 2393 2739 :
2438 2686 2491 2739 id
2525 2686 2672 2756 quod
2709 2703 2816 2741 non
2863 2687 3198 2743 mediocrem
3238 2688 3448 2743 invexit
3477 2689 3603 2743 viro

2028 2778 2332 2833 tristitiam.
2375 2777 2488 2833 Nec
2528 2793 2691 2834 secus
2731 2779 2902 2834 altera
2955 2780 3059 2834 tori
3111 2795 3360 2843 consors,
3403 2796 3602 2850 nempe

2027 2869 2216 2924 Dalida
2242 2869 2493 2924 subdolis
2515 2880 2570 2923 et
2604 2871 2843 2925 illicibus
2876 2872 3061 2925 verbis
3090 2873 3238 2941 justo
3266 2887 3389 2926 cum
3420 2871 3599 2940 impo-

2027 2962 2250 3021 suisset,
2284 2961 2468 3016 eti'ecit
2493 2970 2553 3015 ut
2584 2961 2674 3017 hic
2699 2971 2882 3016 tantus
2916 2962 3150 3031 publica:
3171 2972 3316 3016 esset
3370 2962 3600 3017 insulta-

2029 3052 2161 3106 tioni
2194 3051 2433 3106 inimicis
2479 3051 2642 3106 suis:
2678 3052 2724 3107 is
2782 3052 2875 3121 qui
2921 3052 3168 3123 angelica
3226 3054 3597 3122 promissione

2026 3148 2324 3207 conceptus
2351 3148 2456 3203 est,
2484 3155 2688 3208 perque
2712 3156 2890 3195 annos
2925 3141 3118 3212 viginti
3156 3142 3466 3198 Israeliticae
3509 3145 3599 3214 ju-

2024 3229 2128 3305 dex
2154 3228 2349 3284 fuerat.
2380 3230 2529 3283 Idem
2552 3230 2805 3285 manibus
2831 3231 2881 3285 in
2925 3232 3102 3287 leonis
3131 3248 3226 3286 ora
3254 3233 3471 3304 injectis
3504 3235 3590 3305 ip-

2021 3304 2141 3375 sum
2193 3318 2567 3387 dissecuerat;
2601 3321 2655 3375 in
2685 3321 2999 3377 mand-ibula
3023 3324 3162 3377 asini
3192 3326 3338 3379 mille
3360 3304 3596 3394 peremit

2021 3410 2207 3475 viros;
2238 3424 2306 3463 ex
2332 3409 2521 3464 eadem
2543 3410 2762 3463 maxilla
2787 3412 3180 3466 scaturieutem
3204 3414 3587 3483 bibitaquam:

2022 3498 2114 3552 hic
2141 3498 2494 3565 exsuperanti
2539 3495 2713 3550 fretus
2754 3496 2971 3564 robore,
3011 3506 3200 3568 portas
3252 3499 3409 3554 Gazae
3438 3501 3595 3557 urbis

2022 3602 2147 3642 cum
2180 3585 2475 3641 emovisset
2507 3586 2650 3653 loco,
2685 3602 2793 3641 una
2829 3603 2954 3642 cum
3014 3588 3154 3644 seris
3190 3589 3438 3646 humeris
3484 3592 3590 3645 im-

2022 3677 2251 3746 positas,
2283 3673 2507 3729 sustulit
2528 3675 2583 3728 in
2607 3684 2884 3742 montem;
2933 3685 2990 3732 et
3018 3676 3108 3732 hic
3152 3686 3337 3734 tantus
3363 3679 3590 3751 abiectae

2023 3777 2087 3815 ac
2121 3760 2247 3815 vilis
2281 3759 2613 3814 mulierculae
2654 3760 2933 3816 inescatus
2992 3762 3286 3831 illecebris,
3314 3772 3592 3820 momento

2022 3868 2133 3908 non
2180 3849 2557 3905 tantummodo
2600 3851 2842 3920 perdidit
2871 3851 3272 3922 fortitudinem,
3305 3857 3399 3910 sed
3426 3871 3589 3910 exca-

2021 3943 2167 3999 vatis
2187 3951 2351 4012 atque
2369 3941 2587 3996 effossis
2609 3943 2897 3997 oculorum
2922 3943 3172 4008 orbibus,
3195 3945 3262 3999 ad
3287 3945 3589 3999 ludibrium

339 4040 625 4110 expositus
660 4049 745 4095 est
799 4039 1026 4109 puerilis
1055 4039 1234 4110 gentis
1271 4039 1598 4106 Pbilistinaa,
1645 4041 1751 4105 hoc
1805 4046 1890 4095 est
1950 4038 2291 4108 alienigenm,
2357 4037 2686 4107 quibuscum
2736 4053 3052 4108 oppressus,
3113 4039 3257 4094 diem
3299 4056 3456 4096 suum
3488 4041 3589 4095 ob-

342 4131 406 4188 iit
428 4133 495 4186 ”.
527 4132 692 4202 Sequi
723 4134 893 4203 igitur
920 4126 1189 4199 debemus
1254 4134 1592 4189 Dominicam
1630 4134 1779 4188 illam
1827 4132 2175 4195 sententiam,
2242 4146 2364 4199 qua:
2401 4131 2537 4186 dicit
2570 4149 2582 4184 :
2628 4149 2646 4182 ι
2682 4130 2861 4184 Nolite
2921 4131 3051 4186 dare
3101 4140 3287 4186 sancta
3339 4131 3585 4195 canibus,

340 4239 521 4295 neque
588 4224 892 4295 projiciatis
956 4225 1280 4295 margaritas
1306 4236 1515 4282 vestras
1579 4234 1706 4280 ante
1757 4239 1978 4294 porcos,
2021 4238 2091 4277 ne
2156 4220 2299 4276 forte
2358 4222 2685 4277 conculccnt
2744 4237 2838 4277 eas
2898 4221 3165 4291 pedibus,
3220 4229 3277 4276 et
3332 4223 3582 4275 conversi

339 4318 681 4391 disrumpant
706 4334 802 4374 vos
832 4320 899 4374 ⁵⁸.
943 4338 961 4370 ι
1012 4320 1118 4389 Ipsi
1166 4320 1341 4390 gloria
1386 4320 1441 4374 in
1471 4320 1668 4375 saecula
1689 4318 2037 4374 satculorum.
2065 4313 2263 4371 Amen.

935 4444 1154 4498 ΛΟΓΟΣ
1190 4442 1328 4512 sq'.

885 4553 1025 4623 Περὶ
1053 4554 1360 4620 ἀληθείας.

416 4670 595 4735 Ἴσως,
639 4670 787 4740 τίμιε
830 4667 1005 4739 πάτερ
1060 4667 1348 4733 Εύστάθιε,
1391 4666 1715 4735 θαυμάζεις,
1752 4665 1815 4717 σύ
1850 4682 1907 4717 τε

340 4764 436 4816 καὶ
462 4762 513 4816 οἱ
543 4759 923 4829 ὲντευξάμενοι
965 4761 1029 4830 τῇ
1069 4759 1318 4830 παρούσῃ
1351 4759 1726 4829 πραγματεία,
1763 4758 1909 4819 τίνος

335 4852 521 4906 ἕνεκεν
550 4852 682 4920 παρ’
728 4850 883 4921 ὑμῶν
916 4850 1277 4920 προτραπεὶς,
1320 4851 1411 4903 καὶ
1441 4850 1576 4918 πρὸς
1621 4850 1764 4919 ὑμᾶς
1808 4849 1908 4919 τὴν

336 4945 511 5015 ἀρχὴν
539 4942 630 4995 τοῦ
666 4941 825 5010 λόγου
853 4940 1242 5013 ποιησάμενος,
1270 4940 1472 5003 εὐθέως
1497 4941 1686 5010 ὥσπερ
1715 4939 1905 4993 ἐπιλα-
1965 4976 1974 4983 .

335 5034 560 5104 θόμενος
592 5032 809 5096 ἑαυτοῦ,
843 5030 919 5096 ὡς
954 5032 1091 5103 πρός
1119 5048 1273 5093 τινας
1305 5032 1565 5102 φοιτητὰς
1600 5031 1906 5103 χρῄζοντας

332 5124 697 5188 διδασκαλίας,
723 5122 820 5185 τὰς
842 5122 1105 5188 διαλέξεις
1136 5124 1501 5193 ἐποιησάμην.
1533 5123 1694 5176 Ἀλλά
1715 5124 1903 5193 μηδεὶς

336 5213 682 5284 θαυμαζέτω,
718 5213 857 5285 μηδὲ
887 5214 1075 5276 ἀνοίας
1124 5212 1373 5283 ἔγκλημα
1416 5212 1755 5283 ἐγγράψαιτό
1787 5232 1896 5283 μοι,

334 5301 432 5373 τὴν
460 5302 777 5373 ἐναλλαγὴν,
810 5301 947 5357 ἀλλά
974 5303 1171 5372 μᾶλλον
1205 5301 1533 5371 ἀποδέξηται
1558 5302 1657 5370 τῆς
1684 5302 1901 5356 ἐπαινε-

336 5395 433 5464 τῆς
458 5392 682 5457 δειλίας.
711 5393 787 5445 Ού
821 5394 931 5463 γὰρ
960 5392 1323 5463 ἐπιλέλησμαι
1351 5389 1608 5462 ἐμαυτοῦ,
1642 5390 1779 5446 ἀλλά
1801 5392 1900 5464 τὴν

334 5482 631 5551 ἀπολογίαν
654 5484 785 5554 ἐρῶ.
817 5483 928 5546 Τάς
956 5484 1056 5553 μὲν
1086 5482 1195 5553 γάρ
1223 5482 1477 5553 ἀφορμὰς
1502 5481 1596 5535 τοῦ
1633 5482 1899 5553 παρόντος

334 5573 648 5643 πονήματος
681 5573 778 5626 τοῦ
810 5573 1185 5641 κεφαλαιῶσαι
1217 5577 1274 5627 ἐν
1306 5573 1558 5643 συντόμῳ
1593 5574 1771 5627 πᾶσαν
1801 5575 1900 5645 τὴν

411 5707 455 5739 ⁸⁷
475 5707 642 5761 Eccli.
671 5722 801 5767 xx",
830 5708 910 5761 Η.
970 5707 1013 5739 ⁸³
1045 5707 1218 5762 Eccli.
1268 5724 1378 5767 vm.
1406 5707 1496 5760 Ἡ.
1571 5707 1613 5739 ⁸⁸
1649 5707 1812 5760 Eccli.
1844 5724 1916 5771 xv,
1960 5708 2048 5761 51.

344 5792 434 5841 vn,
590 5778 636 5808 ⁵³
656 5777 833 5833 Judic.
862 5793 969 5843 xw,
994 5778 1213 5846 passim.
1296 5778 1337 5807 5*
1373 5777 1560 5831 Matth.
1590 5792 1678 5839 vn,
1704 5779 1756 5830 ti.

2439 4441 2481 4508 1
2495 4441 2647 4508 127
2673 4438 2957 4494 HOMILIA
2984 4438 3166 4491 LXVI.

2613 4550 2711 4604 'De
2732 4552 2973 4606 ueritate.

2086 4663 2353 4717 Miraberc
2406 4663 2615 4727 forsan,
2656 4671 2812 4732 pater
2842 4661 2977 4716 mihi
3007 4663 3342 4719 venerabilis
3384 4666 3583 4721 Eusta-

2014 4754 2148 4815 thie,
2190 4761 2358 4822 tuque
2412 4762 2469 4808 et
2518 4753 2611 4823 qui
2666 4753 2867 4808 lecturi
2916 4760 3043 4807 sunt
3076 4756 3363 4823 praesentis
3400 4758 3584 4827 OpCl'IS

2005 4843 2552 4910 commentationem,
2590 4859 2691 4898 cur
2721 4852 2901 4898 vestra
2927 4843 3307 4900 exhortatione
3331 4847 3582 4900 admoui-

2006 4939 2096 4988 tus
2130 4941 2191 4988 ut
2228 4933 2552 4999 scriberem,
2582 4940 2639 4988 et
2670 4948 2700 4987 a
2746 4933 2905 4987 vobis
2938 4948 3060 4988 cum
3109 4934 3211 4988 sim
3264 4937 3581 5004 auSpicatus

2004 5026 2169 5081 telam
2200 5034 2486 5095 pertexere
2534 5024 2694 5079 istius
2753 5024 2959 5093 operis,
3008 5040 3132 5078 mox
3186 5033 3364 5078 tamen
3423 5026 3576 5094 quasi

2008 5116 2117 5171 mei
2149 5116 2327 5185 ipsius
2347 5116 2570 5180 oblitus,
2596 5115 2760 5169 hasce
2783 5116 3080 5169 conciones
3125 5114 3200 5167 ita
3222 5116 3473 5182 pertenui
3519 5127 3580 5170 ut

2007 5206 2183 5261 videri
2213 5206 2416 5276 possim
2460 5206 2752 5277 discipulis
2808 5205 3137 5274 quibusdam
3169 5203 3341 5272 loqui,
3374 5204 3578 5274 quibus

1999 5299 2298 5369 opuslacte
2331 5298 2752 5354 siteruditionis
2792 5305 2849 5350 et
2880 5295 3164 5349 doctrinae.
3200 5295 3379 5363 Atque
3414 5312 3576 5350 nemo

2000 5390 2250 5452 miretur.
2303 5389 2484 5460 neque
2524 5389 2784 5443 vicariam
2825 5387 2967 5442 hanc
3011 5387 3468 5459 permutationem
3502 5396 3574 5443 te-

2002 5502 2154 5541 mere
2192 5486 2419 5556 objiciat
2447 5485 2645 5538 factam
2669 5496 2791 5537 esse
2819 5497 2918 5552 per
2958 5480 3319 5552 ignorantiam
3349 5488 3445 5534 aut
3482 5480 3568 5533 in-

2000 5577 2387 5649 cogitantiam;
2429 5574 2600 5645 magis
2630 5588 2763 5628 vero
2799 5583 3014 5657 gratum
3061 5572 3260 5626 habeat
3315 5573 3564 5626 timorem

2160 5709 2203 5738 ⁸⁰
2234 5707 2399 5765 Eccli.
2429 5722 2539 5769 vm,
2575 5708 2663 5760 ill.
2781 5709 2820 5736 "‘
2851 5707 3008 5759 Prov.
3044 5723 3114 5771 XI,
3172 5707 3250 5759 15.
3330 5706 3374 5737 ⁸³
3409 5705 3544 5760 Mirh
