3986 6148
428 334 559 397 16:21

1682 341 2043 402 ANTIOCHI
2085 344 2427 404 MONACHI

3511 338 3617 403 2623

423 458 533 494 non
595 455 988 510 usquequaque
1037 444 1456 511 aspcrnabilcm,
1510 462 1620 514 quo
1667 448 1983 502 suhvcritus

2102 452 2237 505 λείαν
2270 452 2514 523 Γραφὴν,
2549 450 2796 503 Παλαιὰν
2826 467 2883 501 τε
2933 448 3027 503 καὶ⁷
3059 448 3293 514 Καινὴν,
3316 448 3408 500 καὶ
3452 449 3617 503 στεῖλαι

421 530 799 586 detrectabam
844 547 1039 585 munus
1093 533 1404 596 scribendi;
1460 551 1636 603 neque
1675 538 1821 591 enim
1879 539 2027 590 mei’

426 621 600 691 ipsius
622 621 825 674 oblitus
855 637 996 675 sum.
1027 620 1132 675 Sed
1160 623 1271 690 jam
1311 624 1376 677 ad
1408 640 1583 678 causa:
1621 626 1985 681 redditioncm

421 708 607 762 venio.
641 709 995 762 Occasionem
1015 710 1160 763 enim
1185 725 1428 777 operosae
1464 712 1621 765 istius
1646 713 1989 767 lucubratio-

426 799 511 852 nis
548 800 626 852 sic
658 798 882 867 digesta:
910 800 1125 853 noverit
1163 801 1339 855 lector
1371 802 1539 855 fuisse
1594 802 1754 866 hanc,
1792 813 1850 857 ut
1887 820 1986 873 per

424 889 600 957 capita
630 888 1373 960 tibi,Pater,.distinguerem
1413 900 1468 944 et
1508 893 1896 947 contraherent
1932 894 1986 948 in

424 977 809 1046 compendium
869 978 1111 1031 divinam
1161 996 1378 1034 omnem
1417 980 1782 1051 Scripturam,
1838 991 1990 1038 vete-

426 1080 653 1133 remque
694 1074 750 1119 et
785 1081 1005 1119 novam.
1043 1067 1174 1121 Tale
1220 1069 1369 1122 enim
1429 1071 1706 1125 scribendi
1764 1087 1986 1138 munus,

427 1164 605 1208 vestra
632 1155 846 1224 suscepi
877 1156 1280 1221 exhortatione,
1318 1160 1461 1227 quod
1491 1161 1782 1215 momentis
1804 1162 1991 1231 singu-

428 1245 493 1298 lis
522 1247 641 1299 loca
679 1247 1003 1300 etcivitatcs
1031 1258 1348 1315 permutare
1397 1251 1663 1318 cogimur,
1701 1267 1797 1319 per
1848 1252 1990 1307 hanc

427 1336 730 1390 Chaldaica:
764 1337 939 1405 gentis
970 1345 1371 1405 tempestatem.
1426 1355 1548 1407 quae
1601 1350 1774 1393 totum
1816 1356 1988 1409 prope

430 1437 698 1481 terrarum
723 1428 915 1481 orbem
971 1441 1069 1482 sua
1103 1430 1303 1497 premit
1350 1429 1655 1499 tyrannide.
1692 1428 1829 1483 Cum
1860 1446 1992 1485 vero

429 1518 736 1572 testimonia
762 1518 1025 1573 doctrina:
1054 1518 1321 1573 divinitus
1373 1520 1648 1587 inspirata
1673 1535 1840 1587 quam
1892 1535 1991 1573 ve--

429 1610 642 1663 rissime
677 1609 900 1677 scripta,
931 1610 1182 1662 nonnihil
1209 1618 1404 1679 egeant
1458 1625 1715 1663 sermone
1769 1610 1985 1673 morali,

429 1700 653 1762 perinde
679 1707 841 1768 atque
868 1699 913 1753 si
954 1698 1160 1754 fabrica
1184 1702 1449 1769 quzepiam
1491 1700 1774 1769 operosior
1802 1711 1857 1753 et
1909 1700 1993 1775 fa;

2090 557 2196 601 σοι,
2248 542 2335 592 διὰ
2370 541 2430 591 τὸ
2480 539 2717 608 συνεχῶς
2763 539 2947 609 χώρας
3001 539 3096 591 καὶ
3150 538 3338 601 πόλεις
3385 538 3620 606 ἀμείεειν,

2084 630 2272 683 ἐνεκεν
2297 629 2391 682 τοῦ
2415 629 2837 700 ἐπικρατοῦντος
2858 628 3160 683 Χαλδαῖκοῦ
3183 628 3456 698 χειμῶνος
3476 632 3622 682 πᾶσαν

2084 723 2183 788 τὴν
2227 722 2584 790 οἰκουμένην,
2637 720 2696 786 ἐξ
2749 719 3018 789 ὑμετέρας
3066 718 3390 788 προτροπῆς
3438 719 3622 787 εἴληφα.

2098 810 2392 882 Ἐπειδὴδέ
2423 812 2478 863 αἱ
2513 811 2728 880 Γραφαὶ
2760 810 2855 863 καὶ
2876 809 3369 880 τῆςνθεοπνεύστου
3400 809 3622 864 διδασκα-

2086 902 2206 963 λίας
2239 902 2537 971 μαρτυρίαι
2583 901 2791 954 ἐδέοντό
2839 917 2982 962 τινος
3027 898 3218 967 ἠθικοῦ
3259 899 3458 967 λόγον’
3486 899 3625 961 digiti

2085 991 2343 1061 οἰκοδομὴ
2393 991 2459 1042 ἐκ
2505 990 2756 1059 μεγάλων
2798 992 2893 1043 καὶ
2937 990 3171 1058 ἐντίμων
3205 989 3375 1042 λίθων
3407 1006 3624 1042 συνιστα-

2093 1078 2250 1149 μένη,
2283 1077 2470 1148 χρῄζοι
2493 1077 2591 1144 τῆς
2622 1079 2730 1130 τῶν
2760 1077 2994 1130 εὐτελῶν
3026 1078 3116 1129 καὶ
3150 1079 3368 1145 μικρῶν
3403 1075 3627 1145 βιζακίων

2090 1167 2475 1235 συνοικοδομῆς
2496 1182 2508 1193 ·
2546 1166 2738 1217 τούτου
2767 1166 2953 1218 ἐνεκεν
2985 1164 3157 1227 οὕτως
3188 1166 3284 1219 καὶ
3314 1165 3628 1235 ἐποιησάμην

2090 1257 2187 1325 τὴν
2238 1255 2585 1309 ὑποτύπωσιν
2639 1255 2740 1323 τῆς
2793 1254 3072 1325 παρούσης
3118 1255 3523 1326 πραγματείας,
3570 1254 3629 1322 μὴ

2088 1346 2363 1414 τολμήσας
2394 1344 2531 1414 πρὸς
2569 1344 2733 1412 ὑμᾶς,
2788 1344 2922 1396 ἀλλά
2973 1348 3128 1415 κοινῇ
3169 1347 3265 1405 τὰς
3312 1343 3629 1404 διδασκαλίας

2092 1433 2438 1505 ποιήσασθαι.
2482 1432 2806 1502 Ἐπίσταμαι
2836 1433 2941 1502 γὰρ
2979 1433 3072 1485 καὶ
3100 1433 3198 1501 τὴν
3226 1432 3468 1500 ἐμαυτοῦ
3501 1432 3632 1485 ἀσθέ-

2090 1543 2271 1585 νειαν,
2326 1524 2420 1576 καὶ
2465 1524 2525 1575 τδ
2577 1523 2781 1576 τέλειον
2834 1523 2931 1591 τῆς
2985 1522 3255 1592 ὑμετέρας
3298 1522 3631 1590 πατρότητος.

2091 1613 2204 1665 Νῦν
2229 1613 2307 1678 δὲ,
2334 1612 2409 1674 ὡς
2436 1596 2666 1681 ἔφθασεν
2685 1613 2712 1664 ὁ
2728 1611 2857 1681 περὶ
2881 1612 2979 1680 τῆς
3004 1611 3259 1680 ἀληθείας
3288 1610 3467 1678 λόγος,
3492 1613 3635 1676 ἀναγ-

2091 1706 2242 1756 καῖον
2294 1705 2423 1772 ὑμῖν
2470 1704 2695 1771 ἐνόμισα
2754 1702 2942 1755 τοῦτον
2979 1701 3263 1768 ἀναϐῆναι,
3302 1703 3380 1763 ὡς
3413 1701 3574 1770 δῶρόν
3592 1718 3637 1752 τι

429 1788 646 1858 stigiosa
683 1789 971 1859 magnifico
1016 1799 1234 1859 sumptu
1284 1790 1582 1859 ingentium
1637 1790 1879 1858 lapidum
1926 1806 1990 1845 ac

2102 1792 2236 1845 θεῖον
2296 1791 2389 1845 καὶ
2415 1791 2712 1860 ἐξαίρετον.
2745 1791 2808 1845 Ἢ
2829 1790 2997 1854 ὅντως
3025 1790 3247 1861 ἀλήθεια
3268 1793 3298 1843 ὁ
3327 1791 3461 1852 Θεὸς
3488 1791 3633 1842 ἐστιν.

430 1882 794 1947 pretiosorum
819 1882 1134 1937 substructa
1164 1882 1237 1937 sit
1278 1890 1333 1935 et
1363 1891 1670 1950 compacta,
1694 1889 1851 1951 egeat
1897 1883 1986 1935 ni-

430 1972 725 2026 hilominus
749 1972 817 2025 ad
856 1972 1159 2026 absolutam
1181 1982 1236 2026 ct
1258 1973 1487 2026 solidam
1526 1973 1986 2027 substructionem

432 2060 716 2114 minutulis
741 2062 952 2129 scrupis
984 2072 1037 2115 et
1074 2060 1385 2115 rudusculis
1412 2076 1675 2129 perquam
1708 2059 1987 2124 tenuibus,

431 2152 655 2221 hujusce
691 2151 768 2205 rei
794 2152 967 2221 gratia
996 2153 1175 2205 visum
1222 2159 1307 2205 est
1332 2150 1690 2205 summariam
1744 2150 1990 2204 delinea—

432 2239 634 2292 tionem
670 2239 955 2307 praesentis
990 2239 1238 2309 opusculi
1292 2240 1387 2293 tali
1436 2240 1578 2294 serie
1630 2240 1877 2309 digerere
1936 2247 1992 2292 et

434 2324 718 2383 eﬂ'ormare
745 2346 756 2382 :
787 2329 1007 2384 interim
1030 2346 1136 2384 non
1158 2346 1325 2384 ausus
1347 2331 1442 2384 uni
1469 2345 1535 2383 ex
1569 2330 1725 2384 vobis
1748 2330 1992 2398 peculia-

2095 1883 2215 1953 Χρὴ
2234 1877 2327 1935 οῦν
2346 1881 2524 1935 πάντα
2544 1881 2828 1951 ἄνθρωπον
2853 1881 3142 1950 ἐρωτῶντα
3167 1883 3235 1934 τὰ
3255 1884 3356 1951 τῆς
3383 1880 3636 1948 ἀληθείας,

2095 1973 2307 2044 πρῶτον
2326 1971 2584 2038 εῦξασθαι
2608 1971 2699 2024 τοῦ
2731 1971 3028 2039 ἐπιγνῶναι
3058 1971 3158 2040 τὴν
3172 1956 3342 2032 eam;
3366 1970 3634 2039 ἀλήθειαν·

2094 2061 2188 2113 καὶ
2222 2061 2395 2112 εἰπεῖν
2420 2060 2549 2128 περϊ
2577 2059 2769 2128 αὐτῆς,
2800 2058 2874 2121 ὡς
2909 2060 3111 2129 πρέπει
3157 2057 3234 2127 τῷ
3271 2060 3370 2128 τῆς
3403 2057 3639 2127 ἀληθείας

2094 2150 2319 2219 ἐραστῇ,
2371 2148 2511 2202 κατά
2552 2149 2643 2200 τὸν
2697 2147 2941 2211 εἰπόντα,
2979 2168 2998 2199 ι
3031 2149 3123 2218 Μὴ
3174 2149 3435 2219 περιέλῃς
3476 2148 3535 2199 ἐκ
3559 2145 3638 2198 τοῦ

2098 2239 2369 2309 στόματός
2402 2257 2503 2310 μου
2539 2239 2695 2307 λόγον
2726 2240 2984 2307 ἀληθείας
3020 2238 3125 2301 ἕως
3150 2239 3377 2305 σφόδρα.
3405 2258 3423 2290 ι
3469 2237 3641 2304 Ήγάρ

2096 2328 2325 2396 ἀλήθεια
2356 2328 2493 2397 πρὸς
2536 2328 2659 2390 τοὺς
2718 2327 3117 2397 ἐργαζομένους
3152 2327 3327 2395 αὐτὴν
3382 2324 3640 2393 ἐπανήξει.

435 2422 587 2488 riter,
614 2424 778 2477 sedin
805 2440 1090 2479 commune
1112 2426 1369 2479 omnibus
1393 2427 1829 2495 qualemcunque
1884 2424 2026 2479 hanc
2067 2424 2270 2478 inferre
2300 2424 2627 2478 doctrinam.
2677 2421 2963 2491 Siquidem
3032 2419 3432 2490 ingenioli'mei
3484 2418 3642 2472 imbe-

435 2514 632 2568 cillitas
662 2516 795 2568 mihi
835 2515 966 2569 satis
995 2532 1268 2586 superque
1302 2533 1558 2586 persuasa
1620 2524 1705 2570 est
1772 2527 1829 2571 et
1884 2524 2190 2587 perspecta,
2237 2530 2340 2569 nec
2388 2519 2571 2569 minus
2605 2515 2943 2583 exploratam
3000 2512 3178 2566 habeo
3219 2519 3275 2567 et
3318 2520 3657 2582 compertam.

436 2604 687 2658 eximiam
718 2605 885 2658 animi
916 2606 1082 2659 vcstri
1112 2606 1413 2659 lenitatem.
1454 2607 1608 2660 Nunc
1640 2615 1824 2661 autem
1859 2622 1983 2661 cum
2022 2621 2088 2659 eo
2108 2607 2178 2659 sit
2210 2603 2684 2673 provectusliber,
2720 2612 2781 2657 ut
2809 2603 2877 2657 de
2899 2603 3129 2657 veritate
3157 2602 3290 2657 mihi
3357 2602 3429 2656 sit
3490 2601 3644 2655 disse-

438 2699 684 2759 rendum,
712 2699 1079 2754 necessarium
1104 2699 1252 2758 duxi.
1302 2715 1427 2754 eum
1456 2699 1552 2754 tibi
1587 2700 1769 2754 dicare
1820 2700 2173 2768 peculiariter
2226 2697 2382 2766 quasi
2449 2696 2698 2751 divinum
2732 2696 3005 2766 quoddam
3067 2703 3124 2747 et
3159 2694 3372 2764 insigne
3439 2708 3637 2747 munus.

441 2789 692 2842 Prorsum
727 2791 928 2844 veritas
978 2790 1119 2844 Deus
1161 2798 1245 2843 est
1292 2808 1304 2843 :
1341 2805 1564 2844 necesse
1597 2791 1764 2860 igitur
1792 2791 1884 2851 sit,
1932 2797 1992 2842 ut
2029 2789 2193 2842 homo
2219 2788 2400 2842 onmis
2468 2787 2534 2857 (si
2582 2786 2745 2842 modo
2812 2785 3061 2840 veritatis
3109 2793 3193 2839 est
3234 2782 3642 2845 amantissimus)

441 2880 493 2930 iu
519 2880 659 2932 votis
682 2880 878 2934 habeat
911 2880 1013 2935 hoc
1061 2882 1318 2951 primum,
1353 2890 1408 2934 et
1437 2891 1557 2936 oret
1621 2882 1729 2936 sibi
1798 2880 2069 2950 indulgeri
2100 2896 2371 2950 germana:
2387 2880 2634 2935 veritatis
2650 2879 3046 2950 cognitionem,
3068 2876 3244 2946 deque
3268 2891 3331 2931 ea
3359 2884 3420 2931 ut
3457 2889 3643 2930 sermo-

443 2985 564 3021 nem
625 2971 892 3025 cdisscrat
921 2988 1144 3040 prorsus
1173 2983 1414 3027 amatore
1445 2974 1691 3029 veritatis
1742 2974 1986 3044 dignum,
2025 2975 2179 3043 juxta
2238 2973 2385 3027 illius
2446 2973 2778 3028 sententiam
2816 2971 2911 3042 qui
2941 2970 3122 3024 dixit:
3163 2986 3180 3020 ς
3223 2967 3305 3022 Ne
3331 2968 3545 3025 auferas
3586 2966 3643 3020 de

443 3078 535 3115 ore
563 3078 682 3115 meo
718 3063 946 3141 verbum
985 3064 1231 3118 veritatis
1267 3080 1657 3133 usquequaque
1680 3066 1745 3117 ⁵⁸.
1781 3084 1797 3115 ι
1836 3065 2052 3119 Veritas
2109 3065 2257 3119 enim
2291 3064 2357 3119 ad
2415 3079 2510 3119 eos
2572 3064 2803 3133 recipiet
2869 3078 2949 3126 se,
2982 3070 3038 3117 et
3071 3060 3393 3125 illustrabit,
3424 3061 3516 3131 qui
3541 3074 3646 3115 eam

444 3170 604 3222 opere
641 3154 759 3222 ipso
785 3163 1064 3207 exercent.

511 3243 979 3307 Quemadmodum
1030 3243 1194 3312 igitur
1221 3230 1315 3312 qui
1365 3244 1575 3312 profert
1629 3243 1998 3308 mendacium,
2028 3252 2071 3309 ο

446 3328 783 3383 contaminat
814 3324 877 3381 ac
920 3326 1166 3382 defmdat
1217 3343 1308 3381 cor
1368 3336 1421 3381 et.
1475 3343 1578 3395 os;
1640 3329 1814 3400 (nam
1870 3334 2013 3390 hosti

448 3425 703 3477 humana:
776 3422 971 3477 salutis
1040 3422 1176 3477 utile
1242 3429 1328 3475 est
1398 3422 1795 3491 mendacium,
1860 3435 2012 3493 pater

445 3521 590 3571 enim
647 3515 918 3570 mendacii
950 3514 1204 3569 diabolus
1230 3513 1358 3581 est),
1394 3513 1467 3567 ita
1515 3525 1569 3568 et
1599 3516 1689 3585 qui
1730 3517 2013 3571 veritatem

446 3598 709 3666 loquitur,
728 3597 965 3651 animam
996 3597 1321 3663 sanctificat,
1343 3606 1397 3652 et
1422 3615 1504 3665 os,
1531 3609 1588 3654 et
1619 3600 1829 3669 reliqua
1874 3614 2003 3654 cor-

446 3687 595 3756 poris
622 3687 863 3742 membra
897 3706 910 3741 :
941 3688 1143 3743 veritas
1183 3689 1329 3742 enim
1366 3689 1619 3744 Christus
1647 3699 1750 3743 est.
1803 3690 2007 3744 Admo-

448 3795 584 3833 nens
603 3788 783 3833 autem
808 3780 1075 3850 propheta
1092 3781 1382 3836 Zacharias
1406 3781 1666 3851 populum
1693 3780 1845 3834 illum
1867 3781 2006 3835 male

446 3876 797 3946 morigerum.
822 3876 939 3931 ait:
993 3896 1012 3928 ι
1056 3876 1365 3947 Loquimini
1389 3876 1675 3930 veritatem
1708 3876 2008 3944 unusquis-

448 3980 555 4033 que
602 3982 724 4020 cum
757 3967 1007 4035 proximo
1052 3982 1173 4030 suo,
1208 3966 1424 4039 1128
1455 3974 1511 4019 et
1534 3965 1804 4035 judicium
1854 3964 2008 4034 paci-

451 4053 612 4107 ﬁcum
637 4054 879 4123 judicate
900 4056 1000 4108 ⁵⁸.»
1023 4055 1177 4109 Alius
1207 4071 1220 4107 :
1253 4074 1270 4106 ι
1310 4054 1479 4107 Labia
1513 4054 1730 4108 veracia
1763 4045 2010 4122 dirigunt

450 4146 847 4211 testimonium,
881 4147 972 4215 qui
999 4155 1180 4200 autem
1209 4160 1537 4200 conservare
1563 4145 1753 4198 volunt
1796 4158 2008 4213 pacem,

451 4235 778 4290 laetabuntur
806 4236 873 4292 ⁸⁷.
905 4255 923 4287 ι
944 4235 1148 4290 lterum
1184 4254 1230 4288 ει
1263 4235 1559 4291 Veritatem
1595 4233 1833 4303 posside,
1860 4242 1915 4288 et
1943 4248 2014 4287 ne

452 4327 715 4397 ahjeceris
766 4317 1085 4395 sapientiam
1118 4334 1281 4395 atque
1336 4325 1731 4395 disciplinam;
1776 4323 1905 4393 quia
1951 4338 2013 4377 os

453 4434 617 4472 verax
646 4418 964 4487 implebitur
990 4416 1103 4471 risu
1131 4417 1199 4480 ⁸⁸,
1236 4434 1254 4467 ι
1294 4415 1399 4470 hoc
1424 4424 1510 4470 est
1557 4414 1776 4485 gaudio.
1802 4413 1970 4467 David
1996 4432 2010 4467 ε

461 4529 478 4559 ι
508 4510 753 4573 Domine,
778 4508 903 4577 quis
931 4507 1199 4562 habitabit
1222 4507 1276 4561 in
1326 4506 1680 4563 tabernaculo
1731 4514 1845 4569 tuo,
1909 4513 2009 4559 aut

453 4600 576 4666 quis
601 4599 908 4667 requiescet
944 4597 999 4650 in
1051 4606 1238 4652 monte
1264 4604 1453 4651 sancto
1480 4604 1573 4650 tuo
1598 4596 1684 4649 "?
1715 4614 1733 4646 ι
1794 4594 1965 4650 Infert
1996 4612 2010 4646 :

464 4709 479 4741 ι
517 4673 616 4756 Qui
649 4691 956 4760 ingreditur
980 4689 1098 4745 sine
1131 4690 1342 4743 macula
1371 4686 2021 4758 etoperaturjustitiam,

456 4780 551 4850 qui
580 4780 822 4848 loquitur
848 4780 1136 4835 veritatem
1160 4779 1212 4833 in
1242 4779 1408 4833 corde
1443 4795 1543 4833 suo
1568 4779 1636 4839 ”,
1671 4796 1689 4829 ι
1752 4777 1858 4831 hoc
1909 4787 2013 4839 est,

458 4868 643 4925 corde.
669 4868 1000 4935 Principium
1041 4882 1352 4925 sermonum
1379 4879 1594 4923 tuorum
1624 4867 1848 4926 veritas.
1881 4873 1936 4920 et
1963 4866 2016 4919 in

459 4960 641 5014 omnia
662 4959 858 5013 saecula
875 4958 1084 5027 judicia
1096 4959 1324 5030 iustitiae
1349 4966 1474 5021 ture.
1504 4948 1722 5013 Etenim
1749 4976 1761 5010 :
1798 4977 1815 5009 ι
1840 4956 2017 5026 Opera

460 5067 721 5109 manuum
786 5059 1000 5103 tuarum
1048 5050 1253 5104 veritas
1285 5060 1342 5104 et
1396 5050 1666 5121 judicium
1712 5049 1775 5102 θ’.
1816 5068 1833 5100 ι
1886 5049 1954 5103 Ει
2004 5067 2017 5101 :

468 5164 485 5195 ε
517 5143 886 5199 Misericordia
901 5142 1170 5197 etveritas
1188 5141 1495 5211 praecedant
1510 5140 1706 5199 faciem
1737 5141 1964 5195 tuam“.
1995 5160 2014 5192 ›

462 5236 690 5306 Propter
713 5235 818 5290 hoc
854 5251 867 5286 :
897 5232 1170 5295 «Intende
1202 5247 1477 5303 prospere,
1543 5231 1801 5301 procede,
1842 5240 1898 5285 et
1935 5247 2021 5285 re-

462 5342 564 5397 gna
587 5336 810 5397 propter
845 5326 1130 5381 veritatem
1162 5333 1218 5380 et
1252 5324 1734 5380 mansuetudinem
1771 5332 1827 5379 et
1859 5324 2024 5394 justi-

466 5420 699 5473 tiam‘h
728 5418 785 5472 In
814 5433 911 5473 ore
994 5418 1139 5477 enim
1165 5418 1519 5472 inimicorum
1556 5432 1803 5479 meorum
1856 5434 1873 5466 ε
1912 5431 2025 5470 non

534 5596 580 5628 ⁵⁸
627 5598 763 5648 Psal.
808 5612 985 5653 cum,
1026 5597 1112 5651 4⁵5.
1188 5598 1232 5627 ⁵⁸
1268 5596 1431 5649 Zach.
1459 5612 1571 5656 vut,
1600 5596 1680 5648 16.

466 5665 521 5716 ii.
594 5667 631 5697 “
684 5666 822 5719 l’sal.
851 5682 934 5729 cx,
963 5667 1015 5719 7.
1092 5668 1135 5697 δ’
1193 5666 1334 5719 Psal.
1372 5681 1619 5728 Lxxxvm,
1655 5663 1740 5718 15.

1758 5595 1800 5624 ⁵⁷
1829 5594 1989 5647 Prov.
2026 5605 2120 5649 χιι,
2155 5588 2243 5640 9.0.
2324 5589 2367 5620 "‘
2414 5587 2574 5641 Prov.
2616 5602 2687 5650 tv,

1817 5662 1861 5692 "
1889 5661 2030 5715 Psal.
2063 5675 2199 5723 χιιγ,
2232 5657 2285 5711 5.

2175 3247 2385 3316 Ὠσπερ
2405 3243 2496 3299 οὖν
2513 3248 2540 3299 ὁ
2556 3246 2734 3300 λαλῶν
2752 3246 2811 3300 τὸ
2831 3244 3028 3315 ψεῦδος
3057 3243 3275 3315 μολύνει
3297 3244 3400 3314 τὴν
3444 3242 3650 3313 καρδίαν

2106 3334 2201 3387 καὶ
2225 3333 2285 3387 τὸ
2315 3335 2487 3404 στόμα
2512 3332 2595 3402 (τὸ
2610 3335 2715 3402 γὰρ
2728 3334 2967 3404 ψεῦσμα,
2995 3336 3073 3404 τῷ
3099 3334 3355 3404 δυσμενετ
3385 3335 3617 3404 διαφέρει
3635 3349 3647 3362 ’

2104 3427 2133 3479 ὁ
2160 3424 2271 3496 γὰρ
2309 3423 2490 3494 πατὴρ
2520 3422 2613 3474 τοῦ
2654 3423 2900 3490 ψεύδους,
2927 3427 2954 3477 ό
2982 3425 3225 3488 διάὕολός
3260 3425 3459 3495 ἐστιν),
3498 3424 3650 3486 οὕτως

2106 3514 2199 3567 κα)⁸
2219 3516 2247 3566 ὁ
2274 3512 2451 3566 λαλῶν
2478 3513 2575 3584 τὴν
2601 3513 2859 3583 ἀλήθειαν
2912 3515 3203 3582 ἁγιάζεται
3228 3514 3326 3587 τὴν
3347 3515 3544 3586 ψυχὴν,
3569 3516 3649 3567 καὶ

2040 3656 2049 3661 .
2104 3604 2164 3656 τὸ
2194 3604 2371 3674 σῶμα,
2406 3603 2504 3656 κα)⁵
2548 3604 2725 3657 πάντα
2762 3604 2832 3656 τὰ
2877 3605 3049 3675 μέλη·
3114 3608 3148 3676 ἡ
3200 3606 3310 3677 γάρ
3367 3606 3588 3675 ἀλήθεια
3625 3604 3649 3654 ό

2106 3693 2341 3763 Χριστός
2370 3696 2537 3749 ἐστιν.
2566 3693 2853 3749 Νουθετῶν
2886 3696 2944 3748 δέ
2990 3697 3083 3749 καὶ
3124 3698 3153 3748 ὁ
3179 3698 3466 3768 προφήτης
3493 3699 3652 3766 Ζαχα-

2108 3783 2229 3853 ρίας
2258 3782 2349 3836 τὸν
2382 3785 2616 3854 ἀνήκοον
2664 3784 2814 3849 λαὸν,
2859 3786 3025 3854 φησὶν
3062 3786 3200 3858 πρὸς
3245 3787 3466 3851 αὐτοὺς,
3516 3804 3535 3835 σ
3561 3787 3657 3837 Λα·

2106 3877 2249 3931 λεῖτε
2294 3878 2552 3948 ἀλήθειαν
2602 3879 2833 3943 ἕκαστος
2882 3880 3019 3951 πρὸς
3068 3880 3159 3933 τὸν
3209 3880 3437 3950 πλησίον
3485 3877 3653 3940 αὐτοῦ,

2109 3971 2202 4021 καὶ
2233 3973 2405 4039 κρῖμα
2433 3971 2707 4040 εἰρηνικὸν
2751 3972 2997 4040 κρίνατε.
3029 3990 3048 4023 ι
3087 3973 3197 4025 Καὶ
3223 3971 3403 4035 ἄλλος,
3455 3990 3473 4023 t
3506 3968 3656 4037 Χείλη

2108 4059 2337 4122 ἀληθινὰ
2364 4060 2622 4131 κατορθοῖ
2645 4060 2970 4131 μαρτυρίαν.
3002 4062 3065 4114 Ol
3093 4061 3150 4114 δὲ
3180 4061 3494 4132 βουλόμενοι
3522 4062 3657 4129 είρηο

2110 4148 2320 4213 νεύειν,
2356 4147 2842 4218 εὐφρανθήσονται.
2884 4167 2905 4199 ›
2942 4149 3051 4201 Καὶ
3080 4147 3279 4214 πάλιν,
3336 4166 3353 4199 ι
3396 4147 3658 4217 Ἀλήθειαν

2113 4239 2333 4308 κτῆσαι,
2366 4238 2460 4293 καὶ
2511 4237 2585 4309 μὴ
2637 4237 2833 4311 ἀπώσῃ
2882 4239 3076 4305 σοφίαν
3132 4239 3227 4291 καὶ
3279 4237 3557 4291 παιδείανο
3586 4237 3656 4288 ὅτι

2115 4330 2290 4398 στόμα
2339 4327 2616 4395 ἀληθινοῦ,
2661 4327 3111 4398 ἐμπλησθήσεται
3171 4327 3426 4396 γέλωτος,
3460 4346 3479 4379 ι
3516 4341 3657 4379 τουτ-

2117 4420 2281 4485 έστιν,
2305 4422 2497 4489 χαρᾶς.
2541 4418 2600 4471 '0
2640 4419 2696 4471 δὲ
2731 4418 2912 4483 Δαυῒδ,
2955 4437 2974 4469 ι
3012 4418 3205 4487 Κύριε,
3232 4418 3316 4482 τίς
3349 4417 3660 4487 παροικήσει

2119 4513 2174 4563 ἐν
2203 4510 2281 4581 τῷ
2316 4509 2635 4580 σκηνώματι
2665 4526 2791 4574 σου;
2831 4509 2865 4579 ἢ
2909 4508 2993 4571 τίς
3028 4507 3445 4577 κατασκηνώσει
3480 4508 3537 4559 ἐν
3560 4503 3663 4574 δρει

2120 4602 2258 4671 ἁγίῳ
2298 4617 2429 4667 σου;
2464 4618 2481 4651 ι
2516 4600 2627 4653 Καὶ
2674 4600 2947 4670 ἐπιφέρει,
2980 4618 2999 4649 ε
3030 4598 3401 4669 Πορευόμενος
3429 4598 3662 4667 ἄμωμος,

2124 4692 2216 4746 καὶ
2247 4690 2611 4762 ἐργαζόμενος
2666 4689 3034 4761 δικαιοσύνην,
3094 4688 3273 4742 λαλῶν
3324 4689 3578 4760 ἀλήθειαν
3616 4686 3666 4735 ἐν

2121 4782 2318 4853 καρδίᾳ
2370 4780 2555 4845 αὑτοῦ,
2587 4800 2605 4831 ι
2639 4780 2941 4846 τουτέστιν,
2967 4779 3074 4832 ἀπὸ
3103 4778 3347 4848 καρδίας.
3379 4778 3544 4849 Ἀρχή
3571 4775 3667 4844 γὰρ

2120 4873 2229 4926 τῶν
2259 4871 2431 4938 λόγων
2467 4887 2559 4924 σου
2611 4869 2859 4938 ἀλήθεια,
2894 4869 2989 4923 καὶ
3043 4870 3124 4931 είς
3164 4867 3253 4921 τὸν
3292 4869 3465 4929 αἰῶνα
3505 4866 3669 4920 πάντα

2122 4963 2191 5016 τά
2234 4963 2475 5033 κρίματα
2512 4963 2611 5032 τῆς
2660 4959 3003 5030 δικαιοσύνης
3057 4976 3174 5015 σου.
3226 4956 3337 5013 Καὶ
3381 4957 3510 5027 γὰρ,
3549 4975 3566 5004 ο
3599 4954 3670 5006 τὰ

2121 5053 2258 5123 ἔργα
2305 5052 2415 5106 τῶν
2458 5051 2658 5121 χειρῶν
2692 5067 2786 5105 σου
2829 5049 3077 5119 ἀληθινὰ,
3113 5048 3212 5102 καὶ
3255 5048 3484 5117 κρίσεις.
3520 5065 3539 5097 ι
3570 5043 3670 5097 Καὶ

2128 5165 2145 5196 ι
2188 5144 2375 5203 Ἔλεος
2435 5142 2531 5195 καὶ
2596 5140 2821 5211 ἀλήθεια
2892 5139 3326 5211 προπορεύσεται
3371 5137 3476 5207 πρὸ
3520 5150 3673 5204 προσ-

2123 5233 2270 5286 ώπου
2295 5250 2408 5287 σου.
2446 5252 2463 5284 ι
2492 5231 2605 5283 Καὶ
2629 5230 2716 5285 διὰ
2744 5228 2901 5282 τοῦτο
2927 5248 2945 5278 ι
2962 5229 3230 5283 Ἒντεινον
3258 5227 3351 5280 καὶ
3373 5220 3669 5279 κατευοδοῦ.

2125 5324 2217 5375 καὶ
2253 5321 2524 5391 βασίλευε,
2555 5320 2741 5372 ἐνεκεν
2772 5315 3049 5384 ἀληθείας,
3088 5316 3183 5367 καὶ
3228 5315 3547 5384 πραότητος,
3589 5308 3673 5361 καὶ

2124 5411 2487 5481 δικαιοσύνης.
2524 5411 2650 5463 »Ἐν
2673 5408 2751 5480 τῷ
2782 5408 3011 5478 στόματι
3154 5405 3260 5475 γὰρ
3310 5403 3417 5458 τῶν
3479 5400 3671 5471 ἐχθρῶν

2839 5584 2885 5614 ⁸⁹
2927 5581 3065 5636 Psal.
3104 5595 3210 5645 xw,
3252 5580 3299 5634 ί.
3398 5579 3444 5609 ⁸*
3470 5572 3669 5633 lbid.2,
