3986 6148
464 333 597 399 1θ29
986 347 991 351 ’
1367 337 1693 398 HOMILIA
1734 341 2054 400 LXVII.-
2089 341 2185 399 DE
2223 332 2793 403 CORREPTIONE..
3550 336 3695 400 1630‘

455 467 554 516 μου
590 467 608 498 ι
637 447 735 499 οὐκ
782 445 924 499 ἐστιν
957 443 1207 514 ἀλήθεια,
1252 448 1333 502 δτι
1379 451 1412 518 ἡ
1451 451 1647 519 καρδία
1688 453 1866 505 αὐτῶν
1910 470 2014 521 μα.

2120 454 2207 506 εει
2241 452 2467 512 veritas,
2497 448 2625 518 quia
2666 467 2765 506 eor
2790 466 2982 507 eorum
3001 450 3199 504 vanum
3222 456 3305 503 eet
3334 466 3346 500 ε
3371 449 3680 517 sepulcrum

449 536 608 589 ταία·
672 536 766 587 καὶ
817 533 986 602 τάφος
1045 537 1390 605 ἀνεῳγμένος
1459 539 1488 588 6
1544 537 1751 609 λάρυγξ
1800 540 2014 591 αὐτῶνθ

2120 548 2313 609 patens
2337 546 2527 610 guttur
2547 554 2763 607 eorum,
2796 541 2998 611 linguis
3028 540 3144 595 suis
3164 539 3351 593 dolose
3373 547 3624 607 egerunt,
3657 560 3673 589 ι

450 629 566 687 ταῖς
596 621 867 691 γλώσσαις
910 624 1088 678 αὐτῶν
1132 624 1445 679 ἐδολιοῦσαν
1473 643 1486 655 ·
1524 626 1610 680 διὰ
1639 628 1797 680 τοῦτο
1836 631 2018 697 κρῖνον

2118 638 2343 701 propter
2373 632 2478 686 hoc
2507 650 2525 682 ι
2557 632 2743 702 judiea
2776 632 2917 696 illos,
2955 630 3100 684 Deus
3123 631 3219 682 ⁸⁵.»
3252 628 3356 682 Sed
3393 634 3450 681 et
3474 627 3676 681 veridi-

452 716 670 777 αὐτοὺς,
699 719 726 770 ὁ
754 716 909 778 Θεός.
939 734 957 766 ι
992 716 1159 783 Φησὶν
1184 716 1241 768 δὲ
1270 717 1365 768 καὶ
1395 717 1424 768 6
1455 716 1707 784 ἀληθινὸς
1731 717 1873 782 Ὶὼὸ,
1910 738 1929 768 ι
1958 721 2017 770 Ei

2119 738 2218 777 eus
2247 723 2351 777 Joh
2379 740 2393 775 :
2424 741 2442 772 ‹
2469 721 2590 775 Non
2618 722 2768 775 enim
2804 718 2944 775 elusi
2971 718 3136 771 verba
3157 717 3331 771 sancti
3357 717 3452 770 Dei
3489 715 3615 770 mei.
3655 736 3674 767 ι

450 809 505 860 δὲ
537 809 631 861 καὶ
662 808 982 878 ἐψευσάμην
1013 808 1235 877 ῥήματα
1263 808 1419 875 ἁγίου
1449 807 1583 860 Θεοῦ
1634 826 1756 878 μου.
1793 828 1812 859 ι
1860 810 1967 861 Καὶ
1992 810 2020 861 6

2119 815 2541 869 Partemiastes:
2582 831 2600 862 ι
2639 811 2831 865 Melior
2878 816 2962 864 est
2987 823 3192 877 pauper
3219 807 3273 861 in
3304 808 3532 861 veritate
3567 821 3682 859 am-

457 899 900 968 Παροιμιαστὴς,
941 914 961 947 ι
998 896 1288 966 Κρείσσων
1317 897 1530 966 πτωχὸς
1561 900 1618 950 ἐν
1652 897 1881 967 ἀληθείᾳ.
1919 914 2019 949 πο-

2119 906 2317 960 hulans
2343 904 2513 959 divite
2548 903 2809 957 mendaee
2834 903 2899 956 ⁸⁸.
2935 920 2954 953 ι
2992 901 3193 955 Facere
3217 899 3365 954 enim
3397 915 3517 967 qua:
3532 901 3689 969 justa'

456 989 748 1060 ρευόμενος
806 988 1055 1041 πλουσίου
1086 987 1341 1057 ψεύστου.
1381 1007 1400 1038 ›
1452 990 1631 1042 Ποιεῖν
1679 988 1789 1058 γὰρ
1815 987 2019 1052 δίκαια,

2120 1004 2266 1059 sunt,
2296 1004 2353 1050 et
2388 996 2534 1065 loqui
2574 995 2883 1058 veritatem,
2933 999 3157 1060 accepta
3186 999 3315 1044 sunt
3363 990 3475 1043 Deo
3508 991 3679 1060 magis

457 1074 550 1128 καὶ
571 1074 878 1141 ἀληθεύειν,
909 1076 1115 1144 ἀρεστά
1149 1075 1302 1145 παρά
1332 1076 1411 1144 τῷ
1446 1076 1567 1147 Θεῷ
1603 1078 1824 1148 μᾶλλον,
1856 1077 1890 1146 ἦ
1931 1075 2023 1128 θυ-

2119 1102 2283 1157 quam
2311 1088 2530 1156 sanguis
2555 1085 2929 1138 victimarum.
2965 1083 3180 1135 Rursus
3212 1096 3225 1132 :
3276 1098 3292 1130 ι
3324 1079 3588 1148 Aperiens
3648 1094 3679 1133 e

459 1167 587 1219 σιῶν
599 1163 757 1235 αἷμα.
777 1169 884 1223 Καὶ
896 1164 1077 1233 αὖθις,
1105 1185 1123 1219 ι
1152 1168 1429 1237 Ἀνοίγων,
1446 1169 1631 1238 φησὶν,
1662 1170 1770 1222 ἀπὸ
1802 1169 2022 1239 χειλέων

2120 1178 2287 1232 labiis
2345 1183 2514 1237 recta,
2570 1173 2698 1244 quia
2754 1174 3045 1228 veritatem
3104 1169 3461 1224 meditabitur
3494 1177 3681 1239 guttur

455 1258 613 1328 ὁρθά,
656 1259 737 1311 ὅτι
772 1257 1021 1327 ἀλήθειαν
1068 1258 1352 1329 μελετήσει
1395 1258 1424 1310 6
1462 1259 1668 1328 λάρυγξ
1701 1276 1800 1328 μου
1826 1276 1840 1290 ·
1874 1259 2023 1311 ἐϐδε-

2125 1283 2328 1331 meum,
2352 1266 2711 1321 exsecrabilia
2745 1272 2926 1318 autem
2967 1263 3022 1315 in
3053 1270 3350 1331 conspectu
3391 1275 3513 1315 meo
3538 1261 3680 1314 labia

455 1350 696 1419 λυγμένα
721 1350 778 1407 δὲ
821 1350 1052 1403 ἐνώπιόν
1087 1366 1190 1417 μου
1222 1349 1371 1419 χείλη
1396 1350 1585 1419 ψευδῆ.
1622 1368 1640 1399 ι
1665 1349 1724 1402 '0
1764 1349 1821 1402 δέ
1866 1350 2027 1402 Ἀπό-

2125 1357 2405 1412 mendacia
2436 1357 2501 1411 “.
2539 1376 2557 1408 ι
2603 1357 2737 1409 ltem
2766 1353 3061 1423 Apostolus
3096 1370 3108 1404 :
3154 1370 3172 1402 ι
3208 1352 3553 1420 Deponentes
3578 1349 3680 1419 igi-

458 1441 640 1503 στολος
660 1457 675 1473 ο
703 1459 723 1492 ι
744 1440 1101 1509 Ἀποθέμενοι
1121 1439 1213 1492 οῦν
1235 1439 1296 1493 τὸ
1315 1440 1509 1508 ψεῦδος
1535 1438 1743 1492 λαλεῖτε
1764 1438 2025 1508 ἀλήθειαν

2125 1456 2216 1501 tur
2247 1446 2590 1501 mendacium
2632 1442 2920 1513 loquimini
2964 1442 3249 1496 veritatem
3305 1439 3680 1508 unusquisque

455 1530 683 1594 ἕκαστος
711 1530 846 1599 μετά
871 1529 966 1583 τοῦ
996 1529 1223 1599 πλησίον
1262 1528 1448 1593 αὐτοῦ,
1477 1529 1559 1581 ὅτι
1589 1527 1754 1597 ἐσμὲν
1784 1527 2026 1596 ἀλλήλων

2124 1555 2247 1593 cum
2272 1538 2519 1607 proximo
2547 1551 2666 1595 suo.
2685 1535 2811 1605 quia
2826 1546 3015 1588 sumus
3047 1532 3278 1586 invicem
3305 1527 3631 1609 membra".
3657 1548 3674 1578 ι

459 1618 619 1687 μέλη.
650 1638 667 1669 ι
706 1618 834 1682 Καὶ,
873 1637 891 1667 ι
932 1618 1020 1671 Ἐν
1047 1618 1234 1687 ἀγάπῃ
1263 1617 1635 1687 ἀνυποκρίτῳ,
1666 1616 1763 1669 καὶ
1790 1619 1848 1670 ὲν
1883 1610 2027 1685 λόγῳ

2125 1629 2231 1682 Et:
2271 1647 2288 1677 ι
2325 1627 2383 1681 In
2403 1627 2671 1681 eharitate
2694 1641 2804 1679 non
2834 1624 2977 1686 (icta,
3006 1625 3061 1676 in
3087 1622 3257 1677 verbo
3276 1620 3528 1674 veritatis
3556 1618 3625 1672 ⁸⁸.
3659 1639 3690 1670 ιι

456 1708 734 1778 ἀληθείας.
769 1728 788 1760 ι
836 1709 895 1762 '0
926 1708 986 1761 δέ
1028 1707 1304 1777 Ἰωάννης,
1335 1726 1354 1759 ι
1383 1706 1639 1775 Οἴδαμεν,
1674 1707 1859 1777 φησὶν,
1891 1708 1972 1760 ὅτι
1998 1706 2027 1758 6

2125 1717 2362 1772 Joannes
2391 1731 2609 1784 quoque
2643 1731 2656 1767 :
2700 1733 2719 1764 ι
2762 1712 2979 1767 Scimus
3008 1711 3136 1780 quia
3169 1710 3343 1765 Filius
3376 1709 3471 1764 Dei
3537 1708 3684 1763 venit

458 1798 588 1861 Υίδς
616 1798 708 1851 τοῦ
741 1797 878 1851 Θεοῦ
923 1798 1070 1867 ἥκει,
1111 1798 1206 1852 καὶ
1232 1797 1430 1852 ἔδωκεν
1460 1799 1594 1868 ἡμῖν
1638 1797 1897 1864 διάνοιαν,
1938 1797 2027 1851 ἵνα

2124 1814 2182 1861 et
2213 1805 2368 1860 dedit
2418 1805 2580 1859 nobis
2636 1818 2876 1864 sensum,
2934 1810 2994 1855 ut
3041 1815 3435 1870 cognoscamus
3491 1815 3684 1853 verum

454 1889 811 1958 γινώσκωμεν
844 1890 936 1944 τὸν
982 1890 1239 1961 ἀληθινὸν
1284 1890 1439 1944 Θεόν.
1468 1891 1575 1945 Καὶ
1622 1890 1789 1960 ἐσμὲν
1837 1890 1896 1943 ἐν
1946 1888 2025 1961 τῷ

2126 1897 2317 1961 Deum,
2354 1904 2411 1949 et
2452 1895 2624 1948 simus
2653 1894 2706 1946 in
2757 1907 2888 1946 vero
2924 1891 3062 1945 Filio
3095 1892 3214 1961 ejus
3240 1890 3368 1945 Jesu
3414 1888 3634 1944 Christo
3667 1906 3679 1941 :

455 1980 818 2053 ἀληθινῷΐὶῷ
836 1980 1000 2034 αὐτοῦ
1022 1980 1201 2052 Ἰησοῦ
1221 1981 1462 2053 Χριστῷ,
1486 1981 1543 2044 ὃς
1564 1981 1710 2032 ἐστιν
1724 1983 1752 2032 6
1776 1977 2025 2051 ἀληθινὸς

2127 1985 2219 2040 hic
2245 1993 2331 2040 est
2356 2000 2522 2039 verus
2541 1985 2706 2046 Deus,
2731 1992 2787 2037 et
2814 1983 2927 2037 vita
2955 1988 3159 2035 aeterna
3190 1981 3233 2012 “9
3264 1997 3278 2033 :
3308 1979 3402 2048 qui
3424 1979 3570 2033 enim
3594 1995 3684 2033 ve-

455 2068 606 2132 Θεδς,
644 2069 739 2123 καὶ
771 2070 803 2136 ἠ
832 2069 944 2139 ζωὴ
967 2073 1000 2140 ἡ
1033 2070 1271 2133 αἰώνιος.
1312 2070 1370 2125 Ὁ
1399 2069 1511 2138 γὰρ
1537 2069 1714 2124 λαλῶν
1747 2069 2022 2139 ἀλήθειαν,

2128 2077 2343 2130 ritatem
2376 2075 2643 2145 loquitur,
2677 2074 2731 2127 in
2764 2074 2881 2128 Deo
2904 2081 3088 2127 manet
3114 2073 3183 2125 ⁷ο.
3214 2091 3232 2122 ι
3263 2072 3495 2125 Necesse
3518 2071 3684 2139 igitur

456 2162 514 2214 ἐν
551 2161 631 2231 τῷ
660 2161 778 2230 Θεῷ
813 2161 983 2230 μένει.
1018 2179 1037 2212 ι
1068 2154 1188 2231 Χρὴ
1215 2155 1312 2213 οὖν
1342 2161 1525 2213 πᾶσαν
1565 2158 1820 2229 ἀλήθειαν
1846 2160 1911 2211 ἐκ
1930 2156 2024 2212 τοῦ

2125 2167 2217 2231 sit,
2240 2181 2307 2221 ex
2342 2166 2581 2220 hominis
2620 2180 2715 2220 ore
2742 2166 2953 2218 nullum
3005 2163 3213 2218 etfundi
3257 2178 3564 2217 sermonem
3591 2162 3682 2230 qui

458 2253 725 2321 στόματος
744 2250 837 2305 τοῦ
854 2250 1141 2322 ἀνθρώπου
1166 2250 1581 2320 ἐκπορεύεσθαι,
1599 2251 1685 2304 ίνα
1705 2250 1766 2303 τὸ
1785 2250 1918 2304 πνεῦ
1929 2268 2023 2319 μα,

2123 2271 2234 2310 non
2253 2256 2484 2310 veritate
2513 2254 2827 2309 omnimoda
2855 2253 3085 2317 nitatur,
3121 2263 3181 2306 ut
3202 2251 3441 2320 Spiritus
3471 2250 3561 2305 ille
3584 2267 3681 2303 ve-

453 2342 482 2394 ὅ
530 2344 558 2395 ὁ
600 2343 730 2406 Θεὸς
782 2342 1084 2413 κατῴκισεν
1135 2346 1193 2396 ἐν
1253 2344 1319 2412 τῇ
1372 2342 1537 2411 σαρκὶ
1589 2341 1784 2415 ταύτῃ,
1828 2342 2025 2412 ἀληθὲς

2129 2348 2304 2402 ritatis
2326 2347 2421 2416 qui
2448 2346 2593 2400 idem
2613 2346 2759 2400 Deus
2784 2356 2886 2407 est,
2920 2343 3255 2412 intelligatur
3282 2342 3338 2394 in
3369 2341 3472 2394 hac
3495 2341 3687 2394 etiam-

454 2432 653 2501 εὑρεθῇ
694 2434 846 2502 παρά
878 2434 1046 2486 πᾶσιν
1086 2432 1417 2503 ἀνθρώποις,
1459 2432 1557 2485 καὶ
1587 2430 1759 2496 οὕτως
1795 2432 2023 2504 δοξασθῇ

2125 2451 2255 2490 num
2290 2452 2456 2491 carne
2485 2436 2588 2490 sibi
2610 2434 2875 2504 delegisse
2918 2431 3259 2487 domicilium
3295 2448 3308 2483 :
3339 2429 3431 2499 qui
3461 2444 3567 2498 per
3586 2429 3687 2481 hoc

455 2524 482 2574 ὁ
520 2523 724 2592 Κύριος
757 2526 787 2577 ὁ
823 2524 883 2576 ἐν
911 2523 987 2593 τῷ
1013 2522 1287 2592 ἀνθρώπῳ
1319 2521 1610 2585 κατοικῶν,
1650 2521 1731 2575 ὅτι
1765 2524 1794 2575 6
1823 2520 2026 2594 Κύριος

2125 2526 2270 2597 apud
2289 2542 2450 2581 omne
2477 2526 2760 2579 hominum
2793 2540 2966 2594 genus
2992 2523 3329 2592 comperitnr
3358 2520 3640 2575 veridieus
3670 2536 3681 2569 :

455 2612 705 2678 ἀληθινὸς
761 2613 820 2664 ἐν
873 2613 1035 2667 παντὶ
1071 2614 1298 2683 ῥήματι,
1343 2612 1439 2667 καὶ
1487 2610 1641 2663 οὐδὲν
1698 2613 1830 2681 παρ’
1875 2610 2027 2682 αὐτῷ

2124 2627 2289 2689 atque
2318 2620 2393 2673 ita
2418 2618 2638 2675 demum
2663 2616 3062 2687 glorificabitur
3087 2614 3350 2668 Dominus
3378 2610 3688 2665 inhabitans

455 2702 667 2770 ψεῦδος.
723 2704 785 2755 Οί
823 2698 917 2756 οῦν
949 2703 1293 2772 ψευδόμενοι,
1349 2700 1602 2756 ἀθετοῦσι
1672 2702 1764 2755 τὸν
1798 2701 2023 2771 Κύριον,

2126 2711 2422 2765 hominem.
2453 2710 2513 2764 In
2545 2709 2694 2764 omni
2728 2708 2900 2762 verbo
2938 2722 3105 2762 verax
3158 2713 3245 2761 est
3272 2703 3555 2760 Dominus.
3584 2715 3689 2755 nec

458 2791 553 2844 καὶ
576 2790 817 2858 γίνονται
840 2793 1211 2861 ἀποστερηταὶ
1224 2789 1319 2843 τοῦ
1336 2789 1564 2858 Κυρίου,
1596 2788 1670 2859 μὴ
1689 2789 2027 2852 ἀποδιδόντες

2128 2801 2298 2855 ullum
2330 2799 2502 2868 possit
2534 2798 2590 2851 in
2632 2798 2750 2866 ipso
2802 2794 3144 2864 deprehendi
3202 2792 3475 2847 mendacii
3516 2790 3690 2844 vesli-

457 2883 608 2954 αὐτῷ
633 2883 731 2954 τὴν
759 2882 1086 2953 παραθήκην
1112 2883 1177 2954 ἢν
1203 2880 1395 2934 ἔλαϐον
1419 2887 1441 2911 ο·
1459 2880 1649 2934 ἔλαϐον
1671 2880 1780 2952 γὰρ
1814 2880 2029 2951 πνεῦμα

2127 2892 2295 2962 gium.
2326 2889 2607 2958 Quotquot
2668 2888 2832 2956 igitur
2860 2895 3033 2941 semet
3071 2884 3330 2938 irrctiunt
3369 2880 3688 2935 mendacio-

458 2971 746 3041 ἄψευστον.
770 2971 939 3025 Τοῦτο
962 2973 1058 3026 ἐάν
1072 2973 1265 3042 ψευδὲς
1286 2971 1658 3037 ἀποδώσωσιν,
1680 2972 1911 3041 ἐμίαναν
1931 2972 2027 3041 τὴν

2129 2997 2249 3037 rum
2273 2979 2557 3041 funiculis,
2590 2977 2929 3032 frustrantur
2992 2983 3048 3030 et
3084 2974 3319 3029 eludunt
3370 2973 3686 3033 Dominum,

458 3063 552 3115 τοῦ
585 3063 718 3116 Θεοῦ
752 3063 1102 3134 παραθήκην,
1137 3065 1233 3117 καὶ
1264 3065 1511 3132 ἐγένοντο
1535 3064 1925 3134 ἀποστερηταί.
1971 3063 2028 3117 '0

2131 3072 2377 3140 ﬁuntque
2409 3069 2697 3140 praedones
2723 3066 2961 3131 Domini,
2992 3066 3135 3121 dunr
3153 3065 3206 3118 id
3240 3063 3388 3134 quod
3433 3078 3603 3133 penes
3633 3078 3691 3118 se

459 3151 568 3221 γάρ
600 3115 887 3220 φυλάττών
931 3115 1364 3226 animum},
1401 3115 1624 3207 δύναται
1666 3115 1847 3225 ιαζιτῷ
1884 3115 2026 3226 Mi

2131 3115 2377 3140 mum.“
2412 3115 2695 3140 ιι-νυ-τ-τ-
2723 3115 2961 3131 -ν--η--ν
2996 3115 3120 3121 -----
3154 3115 3206 3118 --
3245 3115 3385 3134 γ--η
3435 3115 3565 3133 τμη
3643 3115 3687 3118 γ-

2131 3161 2440 3231 depositum
2468 3167 2572 3223 est,
2608 3173 2718 3213 non
2778 3156 3018 3211 reddunt
3048 3155 3323 3211 incolume
3367 3161 3424 3207 et
3474 3168 3689 3207 sanum.

463 3246 924 3315 περιποιήσασθαι
944 3262 959 3277 ο
992 3246 1319 3314 φυλάττεται
1346 3247 1453 3317 γάρ
1482 3245 1587 3298 ὑπὸ
1622 3247 1720 3311 τῆς
1748 3245 2025 3316 ἀληθείας.

2133 3251 2397 3321 Spiritum
2420 3250 2568 3304 enim
2601 3255 2931 3317 acceperunt
2960 3246 3109 3300 nulla
3148 3252 3377 3314 contage
3423 3242 3690 3296 mendacii

463 3336 700 3401 Εἰκότως
753 3332 847 3390 οῦν
898 3338 1039 3391 κατά
1084 3338 1258 3404 τάξιν,
1308 3339 1456 3406 τίμιε
1509 3338 1684 3407 πάτερ
1738 3336 2025 3403 Εὐστάθιε,

2133 3342 2467 3397 decolorem.
2490 3340 2648 3395 Hunc
2677 3339 2723 3393 si
2753 3337 3093 3392 reddiderint
3128 3334 3362 3389 Domino
3409 3331 3692 3387 interstin—

462 3431 591 3498 ὑμῖν
621 3429 967 3499 ἀνεθήκαμεν
987 3430 1079 3483 τὸν
1107 3431 1238 3499 περὶ
1278 3430 1377 3498 τῆς
1419 3428 1677 3496 ἀληθείας
1703 3428 1878 3495 λόγον.
1915 3425 2032 3481 Ἀεὶ

2134 3439 2284 3486 etum
2316 3430 2485 3484 variis
2508 3427 2919 3483 mendaciorum
2949 3424 3116 3487 notis,
3155 3423 3341 3490 utique
3368 3422 3545 3475 videri
3568 3437 3691 3490 pos-

463 3519 570 3588 γάρ
601 3519 691 3573 τὸν
723 3511 956 3588 Χριστὸν
1001 3519 1367 3589 ἐνδεδυμένος,
1408 3520 1466 3572 ἐν
1503 3517 1652 3588 αὐτῷ
1687 3517 1786 3587 ζῇς
1820 3517 1916 3571 καὶ
1946 3535 2031 3569 κι-

2133 3529 2264 3581 sunt
2289 3518 2692 3579 contaminasse
2714 3515 3025 3585 depositum
3053 3530 3067 3566 :
3100 3527 3211 3582 quo
3240 3514 3318 3574 tlt,
3354 3522 3415 3567 ut
3456 3513 3566 3566 diei
3595 3512 3693 3565 de-

463 3611 648 3679 νῆσαι,
662 3610 756 3661 καὶ
775 3602 826 3661 εἴ
841 3608 914 3671 ὡς
937 3608 1193 3680 ἀληθινὸς
1213 3608 1309 3665 ἀνθ
1318 3624 1520 3678 ρωπος,
1547 3607 1642 3659 καὶ
1661 3607 1758 3676 τῆς
1775 3606 2029 3677 ἀληθείας

2133 3610 2301 3665 beant
2331 3608 2413 3663 rei
2446 3608 2637 3662 alienae
2667 3606 3052 3676 suppilatores.
3083 3605 3202 3660 Jam
3227 3604 3513 3658 veritatem
3537 3603 3692 3671 quis-

462 3701 698 3768 ἐραστὴς
740 3699 1131 3771 μανικώτατος.
1162 3699 1299 3770 [Νῦν
1327 3698 1437 3767 γὰρ
1475 3697 1695 3768 θαρρεῖν
1729 3716 1818 3769 μοι
1849 3715 2029 3769 παρα-

2133 3700 2260 3769 quis
2297 3697 2537 3754 custodit
2566 3712 2634 3752 ac
2667 3704 2876 3760 tuetur,
2916 3697 3057 3751 citra
3106 3695 3479 3751 diitlieultatem
3528 3694 3693 3746 ultam

463 3791 741 3845 κελεύεται
767 3791 940 3843 ταῦτα
983 3790 1114 3861 περὶ
1144 3790 1237 3843 σοῦ
1283 3788 1665 3859 ἀποφήνασθαι
1696 3792 1724 3843 6
1751 3787 1931 3841 εἰπὼν
1954 3787 2030 3859 τῷ

2132 3787 2457 3859 potestsibi
2486 3786 2718 3841 emereri
2777 3785 2995 3840 beatam
3041 3785 3228 3839 vitam.
3269 3783 3352 3837 Ab
3386 3781 3503 3850 ipsa
3547 3780 3693 3834 enim

463 3880 685 3949 Θωμᾷ,‹
707 3877 847 3946 Ἐγώ
870 3880 984 3947 είμι
1015 3881 1049 3948 ἡ
1076 3878 1213 3941 ὁδὸς,
1238 3877 1338 3933 καὶ
1377 3879 1410 3937 ἡ
1447 3876 1691 3946 ἀλήθεια,
1726 3877 1865 3946 καὶὴ
1882 3874 1994 3946 ζωή
2016 3891 2030 3906 ⁸

2130 3879 2435 3949 protegitur
2456 3875 2711 3940 veritate,
2746 3875 2997 3931 necunde
3026 3874 3187 3929 talem
3208 3872 3488 3927 adoriatur
3512 3880 3569 3926 et
3606 3885 3698 3924 ur-

463 3970 558 4023 καὶ
576 3969 750 4031 οὐδεὶς
775 3969 990 4038 ἔρχεται
1016 3970 1153 4040 πρὸς
1176 3970 1266 4022 τὸν
1280 3969 1577 4036 navigans!
1610 3968 1684 4038 μὴ
1709 3968 1776 4020 δι’
1803 3969 1956 4038 ἐμοῦ.
1976 3966 2026 4040 ι]

2131 3976 2255 4040 gest
2287 3967 2568 4037 quidpiam
2619 3966 2770 4022 mali.
2820 3966 2952 4021 Jure
3002 3965 3187 4035 igitur,
3253 3971 3310 4017 et
3368 3976 3466 4032 pro
3494 3962 3695 4016 decoro

463 4056 619 4127 Αὐτῷ
649 4057 849 4128 πρέπει
877 4057 1004 4124 δόξα
1028 4059 1124 4112 σὺν
1156 4058 1332 4130 Πατρὶ
1360 4057 1457 4111 καὶ
1482 4056 1620 4127 ἁγίῳ
1652 4057 1926 4129 [Ινεύματι
1953 4060 2033 4123 είς

2134 4059 2322 4115 tuendi
2356 4059 2625 4115 hactenus
2642 4058 2804 4127 ccepti
2830 4056 3044 4111 ordinis
3066 4069 3377 4111 sermonem
3407 4054 3556 4107 hunc
3578 4051 3692 4119 (qui

461 4149 586 4212 τοὺς
623 4150 845 4213 αίῶνας.
891 4149 1085 4220 Ἀμήν.

2135 4148 2205 4203 de
2263 4146 2501 4205 veritate
2558 4144 2663 4213 est)
2697 4145 3099 4200 suecedaneum
3149 4143 3271 4208 tibi,
3306 4156 3340 4194 o
3369 4138 3695 4196 venerabilis

462 4244 621 4306 pater
674 4238 950 4303 Eustathi,
1005 4236 1477 4293 consecravimus.
1515 4236 1731 4306 1129
1788 4236 2017 4306 Semper
2055 4234 2203 4291 enim
2226 4233 2509 4288 Christum
2570 4231 2819 4296 indutus,
2858 4232 2914 4285 in
2979 4232 3100 4301 ipso
3138 4231 3280 4285 vivis
3325 4238 3383 4284 et
3433 4227 3692 4291 moveris,

466 4335 633 4395 utque
658 4325 822 4381 homo
855 4340 1039 4390 verax,
1108 4323 1390 4394 praecipuo
1447 4331 1503 4380 et
1535 4325 1859 4380 exuberanti
1906 4339 2090 4379 amore
2125 4324 2294 4394 ipsam
2324 4321 2543 4392 deperis
2563 4321 2854 4376 veritatem
2880 4320 3161 4379 Christum
3187 4336 3202 4374 :
3232 4335 3399 4390 quem
3429 4335 3536 4374 una
3569 4334 3693 4373 eum

468 4419 624 4472 Patre
648 4426 704 4472 et
730 4416 940 4487 Spiritu
973 4423 1162 4471 saneto
1215 4430 1439 4486 compar
1476 4416 1708 4473 addecet
1753 4416 1926 4487 gloria
1973 4415 2031 4471 in
2063 4416 2261 4472 saecula
2287 4415 2631 4471 saeculorum.
2655 4411 2850 4469 Amen.

1058 4549 1274 4604 ΛΟΓΟΣ
1312 4549 1430 4603 ΞΖι.
2060 4515 2105 4568 θ

2060 4515 2105 4568 θ
2648 4546 2930 4602 nomen.
2968 4545 3174 4601 van.

947 4660 1084 4727 Περὶ
1117 4660 1224 4713 τοῦ
1261 4659 1551 4730 ἐλέγχειν.
2133 4660 2407 4717 Neminem
2448 4677 2521 4728 pri

2133 4660 2407 4717 Neminem
2448 4671 2642 4728 praeter
2688 4660 2930 4782 decozuzn
2985 4668 3031 4712 ct
3077 4659 3437 4713 discretionem
3485 4660 3698 4729 coargui

2852 4746 2879 4782 e
2913 4745 3016 4782 ere.

2852 4745 3016 4783 8061⁵8.

541 4833 614 4885 Τὸ
647 4831 789 4886 κατὰ
837 4831 968 4885 Θεὸν
1018 4830 1260 4902 ἐλέγχειν
1303 4832 1396 4886 τὸν
1443 4832 1689 4903 πλησίον,
1742 4834 2034 4905 εὐάρεστόν

2206 4839 2521 4893 Proximum
2557 4851 2853 4907 coarguere
2889 4834 3193 4891 secundum
3233 4835 3424 4898 Deum,
3455 4834 3569 4888 Deo
3595 4831 3697 4901 ipsi

464 4928 611 4977 ἐστιν
641 4923 719 4994 τῷ
750 4923 870 4994 Θεῷ
922 4924 1018 4977 καὶ
1048 4924 1219 4991 φίλον.
1252 4924 1566 4997 Τεκμήριον
1596 4927 1704 4997 γάρ
1736 4927 1881 4980 ἐστιν
1900 4927 2021 4996 φιλ-

2136 4945 2302 4999 quam
2354 4930 2426 4985 sit
2479 4930 2777 5000 gratiosum
2828 4935 2885 4985 et
2928 4926 3198 4992 amabile,
3250 4927 3375 4995 quis
3427 4923 3699 4994 explicet?

464 5015 743 5084 σδελφίας,
792 5014 888 5066 καὶ
929 5011 1248 5083 συμπαθοῦς
1281 5015 1527 5083 γνώμης,
1575 5014 1735 5083 μόνον
1787 5017 1845 5067 ἐν
1893 5015 2027 5069 εἰλι-

2145 5019 2304 5073 Aliud
2343 5020 2490 5074 enim
2524 5027 2609 5075 est
2636 5020 2774 5075 nihil
2805 5034 2967 5088 quam
3014 5018 3229 5086 insigne
3278 5015 3534 5068 fraternae
3564 5012 3701 5067 dile~

468 5107 644 5174 κρινεῖ
666 5105 864 5176 καρδίᾳ
898 5104 991 5157 κοιλ¹
1021 5103 1246 5173 καθαρῷ
1276 5104 1569 5183 συνειδότι·
1599 5107 1656 5157 ἐν
1698 5106 1848 5176 φόϐῳ
1875 5106 2033 5172 Θεοῦ,

2135 5110 2338 5164 ctionis
2365 5120 2768 5181 argumentum,
2801 5125 2863 5164 ac
2893 5090 2998 5177 piae
3021 5121 3147 5175 erga
3168 5103 3477 5173 proximum
3507 5101 3701 5154 volun-

472 5194 611 5263 μετά
637 5195 817 5264 πάσης
844 5194 1241 5263 εὐσπλαγχνίας
1274 5194 1535 5271 ἐλέγχειν,
1561 5197 1749 5264 σκοπῷ
1797 5197 1890 5250 τοῦ
1917 5198 2035 5250 ἐπι-

2136 5200 2263 5255 tatis
2294 5201 2506 5258 illustre
2531 5202 2769 5273 signum,
2788 5200 2970 5252 alieno
2995 5194 3246 5264 periculo
3287 5191 3698 5256 indolescentis,

471 5284 698 5354 στρέψαι
723 5287 813 5338 τὸν
839 5287 1242 5357 ἁμαρτάνοντα,
1288 5285 1371 5338 δεῖ
1414 5286 1570 5339 τοῦτο
1601 5291 1775 5340 ποιεῖν
1796 5304 1809 5317 ο
1841 5289 1947 5359 χρὴ
1978 5287 2034 5340 δὲ

2134 5292 2351 5347 sincero
2379 5293 2560 5348 cordis
2587 5292 2789 5346 at‘fectu
2817 5299 2873 5343 et
2907 5287 3111 5342 munda
3142 5297 3369 5356 prorsus
3415 5282 3700 5337 conscien-

467 5376 561 5428 κα)⁸
596 5375 893 5445 διακρίνειν
923 5378 1055 5431 ὃπου
1099 5376 1179 5428 δεῖ
1217 5376 1458 5445 ἐλέγχειν
1482 5394 1495 5408 ο
1529 5378 1652 5430 ἐπεὶ
1680 5378 1848 5448 ἄνδρα
1878 5380 2036 5431 δυνα-

2135 5381 2231 5435 tia.
2263 5382 2321 5435 ln
2364 5383 2559 5437 timore
2591 5390 2772 5435 autem
2806 5378 2904 5432 Dei
2942 5377 2996 5431 id
3046 5377 3156 5440 ﬁat,
3192 5390 3293 5430 nec
3329 5373 3447 5428 sine
3496 5371 3700 5425 indivi-

467 5465 559 5518 τὸν
588 5467 647 5519 οὐ
695 5467 799 5536 χρὴ
853 5467 1093 5536 ἐλέγχειν
1130 5466 1222 5518 ἐπὶ
1248 5467 1552 5534 κενοδοξίαν
1578 5486 1589 5498 ⁸
1646 5468 1782 5522 ἀλλὰ
1838 5471 2035 5538 μᾶλλον

2137 5470 2245 5525 dua
2284 5473 2404 5543 ejus
2437 5472 2638 5526 comite
2690 5468 3093 5532 misericordia,
3129 5481 3296 5521 unum
3330 5463 3570 5533 aliquem
3608 5477 3697 5514 ar-

539 5616 583 5649 “
623 5617 761 5671 Psal.
798 5634 851 5676 ν,
890 5615 971 5679 l0,
1006 5616 1087 5670 Η.
1168 5618 1210 5647 ⁸⁸⁵
1236 5618 1393 5672 Prov.
1422 5634 1530 5684 nx,
1580 5619 1621 5671 Ι.
1702 5618 1745 5651 ⁶⁴³
1788 5619 1944 5673 Prov.
1975 5636 2087 5684 vin,

563 5687 650 5740 ‘20.
727 5688 769 5717 "°
793 5687 951 5740 Prov.
988 5703 1094 5740 3m.
1122 5686 1200 5738 I3.

2122 5620 2233 5682 6,7.
2309 5621 2350 5651 ⁵⁷
2387 5619 2585 5689 Ephes.
2622 5636 2692 5683 tv,
2715 5619 2801 5673 23.
2879 5619 2922 5650 ⁸⁸
2954 5618 2995 5671 ll
3046 5617 3170 5673 Cor.
3204 5632 3275 5680 γι,
3324 5618 3375 5671 θ.
3419 5616 3461 5649 ⁸³
3497 5616 3695 5674 lJoan.

473 5701 525 5751 ν,
563 5701 650 5740 zu.
734 5701 769 5717 ὐ
793 5701 951 5740 l'rov.
988 5703 1094 5749 xu,
1122 5701 1200 5738 ιι).
