3986 6148
399 302 527 370 1631

1657 306 2015 367 ANTIOCHI
2058 307 2400 367 MONACHI

3536 307 3661 371 1632

395 433 582 490 gnere,
612 417 718 471 hoc
750 417 1007 471 nimirum
1033 419 1231 475 mentis
1263 434 1448 488 scopo,
1488 427 1547 474 ut
1575 418 1643 473 ad
1672 417 1960 473 rectitudi-

2070 415 2163 485 τὴν
2197 416 2595 486 ἐπιφορὰνιτῆς
2628 414 2927 484 μελλούσης
2955 415 3180 484 ἀτιμίας
3221 415 3537 481 ἐπιδεῖξαι.
3578 419 3661 486 Τῷ

396 509 483 564 nis
516 523 743 563 revoccs
766 509 905 562 viam
950 520 1004 563 et
1035 518 1323 564 convertas
1348 518 1715 579 peccatorem.
1748 511 1804 565 ld
1844 511 1967 580 qui-

396 600 522 654 dem
557 597 652 652 ﬁat
700 608 953 666 oportet;
989 600 1087 652 sed
1123 608 1179 652 et
1231 615 1457 655 necesse
1498 601 1570 655 sit
1612 601 1965 656 discretionis

396 692 571 747 aciem
616 689 929 753 intendere,
985 691 1075 744 ubi
1122 700 1178 745 et
1224 707 1334 760 quo
1372 693 1479 746 loci
1528 694 1602 747 sit
1651 695 1965 749 necessaria

398 783 775 853 reprehensio.
830 783 925 836 Vir
974 793 1170 853 potens
1214 786 1575 850 auctoritate,
1604 786 1718 840 sive
1756 785 1963 841 divitiis

395 876 782 931 suffarcinatus
815 877 1133 945 neutiquam
1166 878 1653 946 reprehendendus
1672 879 1824 933 venit
1850 879 1966 933 ina-

397 968 484 1021 nis
516 966 703 1038 gloriae
725 983 737 1020 :
759 968 942 1035 potius
971 967 1117 1020 enim
1153 967 1283 1021 huic
1310 967 1637 1037 impendens
1660 969 1964 1038 periculum

399 1061 599 1123 futurae
632 1059 946 1129 ignominia:
990 1061 1251 1116 convenit
1291 1061 1534 1115 inductis
1566 1062 1830 1130 exemplis
1864 1062 1961 1116 de-

397 1161 747 1206 monstrare:
781 1152 887 1206 hoc
933 1152 1080 1205 enim
1133 1161 1290 1221 pacto
1344 1154 1479 1208 tales
1524 1169 1635 1207 non
1687 1153 1963 1209 illihenter

394 1243 693 1299 admittent
721 1244 1228 1313 reprehensionem.
1260 1244 1546 1299 Consimili
1580 1247 1793 1301 ratione
1825 1246 1964 1299 nihil

400 1334 674 1403 profuerit
701 1350 829 1389 eum
879 1335 1185 1404 increpare,
1217 1337 1309 1405 qui
1350 1352 1380 1389 a
1412 1336 1652 1405 peccatis
1699 1336 1966 1405 interqui-~

396 1425 530 1488 evit,
563 1439 839 1493 quemque
872 1424 1075 1493 prioris
1112 1423 1341 1493 paenitet
1372 1425 1515 1478 vitae.
1567 1423 1722 1489 Quod
1750 1423 1795 1477 si
1827 1423 1966 1477 dicis

400 1513 804 1582 reprehendere
858 1522 910 1567 te
968 1528 1070 1582 per
1120 1513 1443 1567 charitatem
1497 1529 1626 1583 erga
1684 1514 1853 1567 Deum
1910 1519 1967 1567 et

398 1603 743 1670 proximum;
767 1603 1005 1671 primum
1063 1602 1149 1657 fac
1176 1604 1254 1657 illi
1283 1604 1608 1658 iuclarescat
1636 1604 1963 1659 delictorum

397 1693 655 1760 gravitas,
689 1708 789 1747 nec
811 1694 921 1763 jam
953 1709 1189 1748 mmrore
1217 1702 1313 1747 aut
1358 1695 1583 1749 tristitia
1626 1694 1966 1750 contabescit

398 1783 786 1852 reprehensus.
833 1782 1109 1852 Scriptum
1150 1784 1353 1853 quippe
1384 1793 1468 1839 est
1508 1785 1560 1838 in
1605 1786 1961 1840 Proverbiis:

406 1896 422 1924 ι
473 1876 665 1929 Melior
693 1884 776 1929 est
813 1876 1168 1943 reprehensio
1202 1876 1488 1933 manifesta
1521 1893 1683 1946 quam
1728 1879 1962 1934 abscon-

399 1969 512 2021 dita
547 1967 823 2031 amicitia;
870 1966 1119 2022 ﬁdeliora
1167 1970 1315 2023 enim
1360 1980 1488 2024 sunt
1531 1972 1758 2026 vulnera
1802 1973 1964 2027 amici

397 2071 562 2126 quam
588 2055 900 2110 voluntaria
931 2058 1119 2111 oscula
1162 2058 1370 2112 inimici
1402 2060 1482 2123 7';
1534 2078 1550 2110 ι
1593 2060 1788 2114 melior
1818 2061 1966 2115 enim

397 2148 493 2217 qui
544 2148 902 2217 reprehendit
949 2149 1071 2203 viro
1147 2150 1353 2219 injusto
1406 2158 1462 2205 et
1512 2152 1746 2206 cervicis
1793 2152 1963 2207 durae.

398 2241 529 2309 Ejus
561 2240 707 2293 enim
738 2241 833 2309 qui
883 2224 1108 2308 repente
1140 2240 1522 2298 inllammescit
1578 2245 1681 2309 ira,
1739 2259 1851 2298 non
1881 2257 1965 2298 est

399 2328 627 2383 sanitas.
663 2329 876 2383 Rursus
907 2346 920 2381 :
961 2347 979 2380 ι
1020 2328 1122 2395 Qui
1153 2330 1396 2386 ostendit
1424 2332 1634 2387 homini
1670 2333 1788 2387 vias
1818 2349 1964 2396 suas,

399 2417 524 2486 plus
568 2415 796 2470 habebit
836 2416 1023 2486 gratia:
1069 2431 1141 2471 eo
1182 2417 1276 2486 qui
1320 2417 1386 2471 ad
1434 2420 1662 2487 gratiam
1723 2420 1966 2489 linguam

397 2519 552 2558 suam
587 2504 870 2575 componit
913 2507 976 2559 ".
1032 2524 1050 2556 ι
1085 2505 1295 2560 lterum
1324 2525 1341 2559 :
1374 2525 1392 2558 ι
1428 2507 1548 2561 Noli
1583 2523 1814 2578 arguere
1847 2524 1968 2562 ma-

399 2596 501 2661 los,
534 2598 827 2666 nequando
853 2596 1073 2651 oderint
1095 2606 1166 2662 te,
1199 2613 1367 2668 argue
1401 2598 1729 2669 sapientem,
1753 2608 1809 2654 et
1836 2601 1964 2655 dili-

397 2695 486 2758 get
521 2696 574 2742 te
598 2705 613 2753 ;
649 2687 717 2742 da
743 2688 976 2757 sapienti
1004 2689 1369 2756 occasionem,
1394 2698 1450 2745 et
1492 2686 1806 2761 sapientior
1826 2692 1964 2757 erit;

399 2778 623 2833 notilica
663 2780 834 2850 justo,
869 2787 925 2859 et
970 2780 1133 2859 addet
1184 2789 1241 2833 ut
1280 2782 1514 2851 accipiat
1559 2784 1624 2833 ⁷³.
1661 2802 1678 2833 υ
1715 2783 1917 2837 lterum
1952 2801 1964 2835 :

404 2888 421 2920 ι
493 2870 597 2936 Qui
648 2871 838 2925 annuit
886 2853 1216 2926 oculo‘cum
1265 2874 1423 2938 dolo,
1479 2884 1776 2944 congregat
1832 2876 1968 2930 viris

400 2960 652 3015 tristitias
681 2960 753 3027 Ἦ
788 2963 879 3030 qui
912 2971 1094 3015 autem
1134 2979 1257 3016 cum
1296 2964 1547 3020 libertate
1587 2968 1963 3035 reprehendit,

2068 505 2176 576 γὰρ
2222 509 2409 576 τρόπῳ
2455 505 2629 574 τούτῳ
2707 506 2757 557 οἱ
2802 504 3032 558 τοιοῦτοι
3084 505 3254 575 ἡδέως
3314 506 3659 579 ἐλέγχονται.

2078 596 2355 657 Ὡσαύτως
2404 597 2495 649 τὸν
2540 597 2912 665 παυσάμενον,
2961 597 3055 649 καὶ
3107 599 3524 666 μετανοοῦντι,
3563 601 3657 653 οὐκ

2066 687 2223 740 ἐστιν.
2265 689 2427 741 καλὸν
2478 687 2741 755 ἐλέγχειν.
2796 688 2858 739 El
2904 686 2961 739 δὲ
3007 687 3207 755 λέγεις,
3240 688 3340 741 διὰ
3394 688 3541 742 Θεδν
3573 693 3660 744 καὶ

2064 778 2162 847 τὴν
2196 779 2274 840 είς
2321 779 2410 830 τὸν
2447 778 2677 846 πλησίον
2703 778 2925 846 ἀγάπην
2965 780 3227 849 ἐλέγχειν,
3282 783 3659 853 φανεροποίη-

2066 886 2157 922 σον
2189 869 2337 938 αὐτῷ
2370 869 2584 940 πρῶτον
2613 870 2679 922 τὰ
2709 870 2778 922 σὰ
2823 870 3295 942 πλημμελήματα,
3335 873 3440 925 καὶ
3470 874 3535 925 οὐ
3573 874 3660 926 λυ-

2065 961 2246 1013 πεῖται
2278 961 2650 1030 ἐλεγχόμενος.
2682 961 2995 1031 Γέγραπται
3041 964 3100 1015 ἐν
3132 966 3254 1026 ταῖς
3294 964 3655 1034 Παροιμίαις,

2064 1052 2147 1103 ὅτι
2201 1071 2217 1102 ι
2262 1053 2532 1121 Κρεῖσσον
2575 1052 2786 1123 ἔλεγχοι
2829 1054 3372 1123 ἁποκαλυπτόμενοι,
3419 1073 3660 1123 κρυπτο-

2068 1141 2233 1211 μένης
2268 1142 2472 1211 φιλίας.
2520 1143 2958 1213 Ἀξιοπιστότερα
3001 1145 3109 1215 γὰρ
3138 1147 3449 1216 τραύματα
3482 1148 3655 1216 φίλου,

2064 1232 2096 1301 ἢ
2136 1231 2358 1285 ἑκούσια
2394 1233 2675 1303 φιλήματα
2728 1235 2944 1305 ἐχθροῦ,
2984 1254 3003 1287 ι
3049 1237 3145 1289 καὶ
3197 1240 3472 1307 κρεῖσσον
3524 1239 3657 1311 ἀνὴρ

2064 1322 2323 1392 ἐλέγχων,
2353 1323 2546 1394 ἀνδρὸς
2583 1325 2769 1378 ἀδίκου
2807 1326 3309 1397 σκληροτραχὴλου.
3355 1330 3655 1401 Ἐξαπίνης

2065 1414 2173 1484 γὰρ
2204 1414 2539 1484 φλεγομένου
2569 1417 2669 1469 οὐκ
2703 1415 2853 1469 ἔστιν
2899 1418 3058 1481 ἴασις.
3117 1420 3226 1472 Kal
3279 1421 3480 1484 πάλιν,
3528 1441 3547 1473 ι
3607 1423 3657 1475 '0

2065 1506 2302 1575 ἐλέγχων
2327 1505 2616 1578 ἀνθρώπου
2645 1506 2798 1571 ὀδοὺς
2831 1507 3017 1570 αὐτοῦ,
3055 1508 3281 1579 χάριτας
3304 1511 3425 1576 ἕξει
3458 1512 3655 1582 μᾶλλον

2066 1593 2159 1649 τοῦ
2198 1597 2330 1666 πρὸς
2363 1598 2524 1668 χάριν
2572 1597 3158 1668 γλωσσοχαριτοῦντος.
3220 1620 3241 1651 ι
3298 1603 3421 1655 Kal
3468 1603 3653 1666 πάλιν,

2076 1707 2093 1738 ι
2134 1686 2225 1757 Μὴ
2259 1687 2446 1757 ἔλεγχε
2478 1689 2702 1754 κακοὺς,
2733 1689 2819 1742 ἵνα
2851 1689 2924 1759 μὴ
2960 1690 3264 1760 μισήσωσίν
3315 1710 3381 1745 σε
3405 1709 3418 1721 ·
3468 1693 3651 1765 ἔλεγχε

2073 1778 2254 1847 σοφὸν,
2286 1779 2378 1831 καὶ
2403 1778 2679 1846 ἀγαπήσει
2712 1795 2771 1831 σε
2792 1795 2805 1809 ·
2831 1780 3053 1848 ἄσοφον,
3092 1782 3185 1833 καὶ
3216 1783 3534 1853 προσθήσει
3565 1784 3651 1836 τοῦ

2072 1869 2297 1939 μισῆσαι
2347 1887 2426 1923 σε.
2476 1869 2630 1922 Δίδου
2678 1869 2828 1941 σοφῷ
2878 1871 3150 1941 ἀφορμὴν,
3187 1874 3285 1925 καὶ
3340 1874 3648 1944 σοφώτερος

2068 1957 2241 2010 ἔσται.
2267 1956 2503 2028 Γνώριζε
2531 1957 2745 2026 δικαίῳ,
2778 1957 2872 2010 καὶ
2894 1958 3196 2027 προσθήσει
3219 1957 3315 2011 τοῦ
3339 1958 3644 2028 δέχεσθαι.ι

2071 2049 2178 2101 Kal
2232 2048 2413 2113 πάλιν,
2466 2066 2484 2099 ι
2562 2048 2620 2100 '0
2673 2045 2904 2101 ἐννεύων
2939 2046 3219 2118 ὀφθαλμὸν
3279 2047 3431 2118 μετὰ
3479 2049 3645 2109 δόλου,

2071 2140 2292 2209 συνάγει
2343 2140 2568 2209 ἀνδράσι
2593 2138 2805 2199 λύπας·
2834 2141 2861 2191 6
2884 2137 2941 2190 δὲ
2980 2139 3219 2208 ἐλέγχων
3253 2139 3401 2209 μετὰ
3426 2141 3650 2210 παρρη-

2073 2234 2226 2299 σίας,
2282 2233 2632 2302 είρηνοποιεϊ.
2686 2230 2943 2298 Ἕλεγξον
2998 2231 3155 2300 φίλον
3223 2233 3297 2302 μή
3359 2249 3500 2286 ποτε
3555 2232 3647 2284 οὐκ

2069 2325 2353 2394 ἐποίησενο
2410 2323 2504 2376 καὶ
2556 2324 2603 2374 εί
2646 2321 2923 2391 ἐποίησεν,
2976 2322 3062 2376 ἵνα
3110 2321 3185 2392 μὴ
3235 2323 3529 2393 προσθήσῃ
3586 2322 3646 2374 τὰ

2070 2414 2226 2469 αὑτά.
2264 2432 2282 2465 ›
2311 2415 2421 2467 Καὶ
2449 2416 2477 2466 6
2503 2414 2665 2483 νόμος
2700 2412 2885 2483 φησὶν,
2934 2430 2953 2462 ι
2998 2411 3270 2480 Ἐλέγξεις
3295 2414 3389 2466 τὶν
3427 2412 3646 2483 πλησίον

2071 2524 2187 2572 σου,
2221 2507 2293 2577 μή
2325 2524 2455 2558 ποτε
2487 2506 2586 2558 οὐκ
2610 2505 2886 2575 ἐποίησεν.
2913 2506 2974 2558 Et
3019 2505 3075 2557 δέ
3119 2506 3214 2558 xal
3245 2506 3530 2575 ἐποίησεν,
3565 2506 3645 2557 ἵνα

2072 2600 2145 2670 μὴ
2196 2599 2497 2669 προσθήσῃ.
2542 2617 2561 2649 ι
2597 2599 2707 2650 Kal
2760 2594 2936 2662 αὖθις,
2984 2617 3003 2650 ‹
3037 2599 3247 2668 Ὠσπερ
3294 2599 3461 2651 καλόν
3508 2601 3644 2651 ἐστιν

2068 2688 2330 2758 ἐλέγχειν,
2361 2685 2394 2757 ἢ
2426 2686 3023 2757 θυμοῦσθαικρυπτῶς.
3058 2706 3075 2737 ι
3096 2687 3208 2741 Kal
3236 2687 3460 2755 ἐπάγει,
3495 2706 3514 2737 ι
3563 2685 3642 2738 Ἐν

2072 2780 2355 2850 συμποσίῳ
2410 2779 2557 2833 οἴνου
2616 2779 2689 2849 μὴ
2716 2778 2943 2851 ἐλέγξῃς
2972 2778 3063 2831 τὸν
3108 2778 3376 2847 πλησίον·
3439 2779 3531 2831 καὶ
3573 2778 3640 2848 μὴ

2069 2873 2432 2943 ἑξουδενώσῃς
2457 2870 2618 2926 αὐτὸν
2651 2872 2709 2924 ὲν
2740 2871 3046 2943 εὐφροσύνῃ
3067 2871 3254 2924 αὐτοῦ.
3283 2892 3299 2923 ι
3328 2872 3440 2923 Kal
3468 2870 3636 2933 πάλιν,

2075 2986 2092 3017 ι
2116 2967 2241 3018 Ἐὰν
2272 2965 2515 3032 ἐλέγχεις
2534 2962 2701 3033 ἄνδρα
2724 2962 3008 3031 φρόνιμον,
3024 2963 3205 3031 νοήσει
3221 2961 3498 3031 αἴσθησιν
3518 2978 3641 3030 καρ-

399 3049 563 3103 habet
594 3064 783 3118 pacem
815 3068 828 3103 :
865 3067 1031 3120 argue
1064 3052 1326 3117 amicum,
1374 3068 1443 3106 ne
1492 3054 1632 3110 forte
1669 3072 1776 3110 non
1810 3058 1955 3111 fece-

2070 3058 2154 3111 δία
2171 3059 2278 3129 γὰρ
2294 3054 2601 3125 αἰσθητικὴ,
2628 3053 2845 3124 λυπηρὰ
2871 3052 3016 3124 ψυχὴ
3042 3054 3208 3108 acroi)
3225 3071 3236 3082 ·
3253 3055 3305 3106 οἱ
3334 3055 3389 3106 δὲ
3416 3054 3641 3123 ἐλέγχον-

399 3141 492 3204 rit,
533 3147 591 3194 et
631 3140 676 3194 si
725 3140 873 3200 fecit,
924 3152 1084 3195 utne
1127 3142 1293 3197 addat
1333 3145 1396 3198 ⁷⁵.
1436 3165 1453 3195 ι
1489 3146 1694 3202 Eadem
1741 3167 1967 3219 prorsus

399 3228 485 3281 lex
514 3228 591 3281 ait
623 3245 651 3281 ιν
681 3246 698 3278 ι
747 3229 958 3298 Argues
1000 3231 1309 3298 proximum
1361 3243 1535 3300 tuum,
1578 3253 1649 3291 ne
1685 3238 1826 3294 forte
1859 3258 1966 3296 non

398 3319 630 3373 fecerit:
664 3320 811 3389 quod
838 3320 885 3375 si
910 3319 1060 3384 fecit,
1092 3337 1162 3376 ne
1187 3323 1411 3393 adjiciat
1447 3328 1514 3379 ⁷³.
1554 3326 1731 3393 Quam
1764 3330 1965 3387 bonum

398 3418 483 3464 cst
510 3425 738 3479 arguere
779 3413 965 3480 potius
994 3428 1157 3481 quam
1190 3413 1351 3469 irasci
1379 3419 1594 3474 occulte
1623 3420 1696 3474 '"l
1740 3441 1757 3472 ι
1798 3423 1966 3478 Indu-

401 3501 514 3555 oit:
548 3520 566 3553 ι
602 3501 661 3556 lu
694 3503 948 3557 convivio
976 3505 1090 3558 vini
1122 3521 1193 3569 ne
1222 3522 1418 3577 arguas
1459 3512 1790 3578 proximum,
1818 3525 1970 3572 etne

401 3591 676 3659 spreveris
728 3608 854 3646 eum
890 3594 946 3647 in
995 3595 1184 3649 lmtitia
1234 3598 1353 3667 eius
1391 3600 1461 3651 ⁷⁸.
1497 3620 1515 3651 ι
1566 3600 1697 3655 Item
1747 3621 1760 3656 :
1827 3624 1845 3655 ι
1914 3605 1969 3660 Si

401 3683 652 3752 argueris
696 3682 1043 3752 prudentem,
1076 3689 1696 3749 considerabitsensum
1738 3698 1823 3750 ἠε
1877 3714 1972 3753 cor

402 3774 746 3842 sensitivum,
775 3777 956 3832 anima
991 3779 1139 3834 illius
1166 3782 1342 3838 tristis
1370 3795 1486 3850 est;
1529 3786 1621 3855 qui
1667 3796 1850 3842 autem
1888 3807 1975 3846 re-

400 3863 784 3931 prehendunt,
836 3869 1079 3939 sibiipsis
1127 3871 1406 3940 videntur,
1456 3892 1617 3945 quam
1670 3880 1799 3944 sint,
1853 3896 1974 3935 esse

402 3953 659 4009 meliores
686 3956 750 4009 ⁸ο.
790 3975 817 4009 ι
844 3958 1048 4014 Paulus
1095 3961 1223 4015 item
1270 3964 1560 4020 Timotheo
1602 3969 1677 4021 ait
1711 3987 1721 4021 :
1763 3988 1779 4020 ι
1838 3972 1971 4025 Pec-

400 4053 590 4099 cantes
639 4060 822 4101 coram
848 4051 1105 4105 omnibus
1125 4068 1312 4122 argue,
1347 4064 1405 4109 ut
1428 4066 1484 4111 et
1505 4060 1687 4112 creteri
1719 4060 1973 4117 timorem

400 4135 641 4191 habeant
670 4139 735 4192 δι.
788 4159 806 4191 ι
860 4142 1079 4212 1130'
1126 4145 1340 4200 Rursus
1371 4165 1393 4198 ε·
1421 4165 1439 4197 ι
1475 4148 1676 4218 Argue,
1726 4150 1971 4221 increpa,

399 4226 745 4284 obsecra".r
778 4232 883 4287 Sed
910 4243 966 4288 et
993 4236 1038 4289 is
1055 4237 1148 4305 qui
1170 4254 1271 4293 nos
1297 4239 1362 4293 ad
1391 4240 1622 4296 salutem
1644 4260 1974 4314 magnopere

402 4319 590 4375 studet
646 4325 954 4392 provehere
1010 4326 1277 4384 Dominus
1329 4346 1393 4384 ac
1460 4330 1711 4387 Salvator
1763 4346 1973 4400 noster,

2069 3162 2181 3208 τες,
2198 3143 2438 3214 βελτίους
2458 3141 2817 3217 φανεροῦνται
2839 3143 2924 3194 ἐπ’
2949 3143 3160 3205 αὐτούς.
3191 3163 3209 3195 ι
3247 3144 3363 3197 Kal
3381 3145 3410 3195 6
3443 3142 3638 3201 Παῦλος

2070 3235 2318 3307 Τιμοθέῳ
2338 3236 2495 3304 φησὶ,
2538 3253 2556 3285 ι
2588 3233 2728 3297 Τοὺς
2751 3234 3157 3305 ἁμαρτάνοντας
3185 3235 3416 3287 ἐνώπιον
3436 3234 3637 3287 πάντων

2068 3328 2277 3407 ἔλεγχε,
2317 3328 2401 3380 ἵνα
2432 3327 2526 3379 καὶ
2549 3328 2598 3379 οἱ
2638 3327 2813 3379 λοιποὶ
2842 3325 3004 3394 φόῖον
3034 3325 3245 3396 ἔχωσιν.
3281 3347 3300 3377 ι
3331 3327 3443 3380 Kal
3470 3322 3632 3387 αὖθις,

2076 3439 2095 3471 ι
2134 3416 2768 3489 Ἐλεγξον,ἐπιτί“μησον,
2798 3417 3177 3487 παρακάλεσον
3198 3435 3211 3448 ·
3256 3438 3275 3469 ι
3314 3420 3407 3470 καὶ
3436 3421 3464 3471 6
3482 3417 3634 3470 θέλων

2069 3513 2217 3583 ἡμᾶς
2264 3512 2501 3580 σωθῆναι
2529 3509 2755 3583 Κύριος,
2787 3510 2880 3562 καὶ
2931 3509 3122 3579 Σωτὴρ
3172 3510 3353 3579 ἡμῶν,
3400 3523 3632 3579 παρακε-

2069 3608 2287 3659 λεύεται
2330 3607 2464 3675 ἡμῖν
2492 3603 2688 3672 λέγων,
2748 3620 2766 3653 ι
2838 3601 2968 3655 Ἐὰν
3013 3602 3330 3673 ἁμαρτήσει
3386 3603 3466 3664 εἰς
3512 3599 3566 3651 σὲ
3607 3600 3631 3651 6

2071 3693 2301 3762 ἀδελφός
2334 3709 2451 3757 σου,
2494 3691 2696 3758 ὓπαγε,
2733 3689 2950 3759 ἔλεγξον
2983 3691 3144 3744 αὐτὸν
3177 3688 3385 3760 μεταξὺ
3427 3689 3517 3744 σοῦ
3546 3688 3630 3741 καὶ

2073 3783 2236 3838 αὑτοῦ
2304 3785 2489 3853 μόνον.
2564 3782 2689 3835 Ἐάν
2741 3799 2834 3834 σου
2907 3781 3152 3854 ἀκούσῃ,
3203 3783 3504 3853 ἐκέρδησας
3550 3781 3631 3834 τὸν

2073 3875 2301 3942 ἀδελφόν
2352 3890 2481 3926 σου·
2525 3872 2620 3926 ἐὰν
2662 3872 2717 3925 δὲ
2770 3873 2845 3944 μὴ
2877 3873 3109 3943 ἀκούσῃ,
3161 3874 3449 3943 παράλαϐε
3505 3871 3624 3942 μετᾶ

2075 3965 2301 4021 σεαυτοῦ
2358 3964 2438 4017 ἔτι
2486 3964 2646 4035 ἓναῆ
2706 3964 2829 4028 δὺο,
2882 3964 2971 4018 ἵνα
3016 3965 3108 4016 ἐπὶ
3162 3964 3430 4034 στόματος
3476 3961 3627 4029 δύοῆ

2073 4058 2240 4131 τριῶν
2291 4055 2603 4128 μαρτύρων
2645 4042 2985 4125 σταθήσηται
3044 4056 3151 4109 πᾶν
3205 4055 3393 4125 ῥῆμα*
3441 4056 3531 4107 ἐὶν
3580 4051 3628 4103 δὲ

2075 4147 2401 4220 παρακούσῃ
2452 4146 2655 4211 αὐτῶν,
2687 4145 2809 4198 είπέ
2852 4148 2918 4215 τῇ
2959 4144 3289 4216 Ἐκκλησίᾳ’
3326 4146 3421 4199 ἐὰν
3467 4140 3629 4196 δὲκαὶ

2073 4244 2138 4311 τῇ
2170 4238 2467 4309 Ἐκκλησία
2482 4236 2829 4308 παρακούσῃ,
2854 4236 2993 4287 ἔστω
3025 4251 3106 4287 σοι
3136 4237 3323 4305 ὥσπερ
3378 4237 3406 4288 6
3439 4230 3627 4290 ἐθνικὸς

2077 4334 2171 4388 καὶ
2221 4336 2248 4386 6
2296 4329 2555 4401 τελώνης.
2615 4350 2632 4379 ι
2687 4326 2842 4396 Αὖτῷ
2894 4328 2927 4396 ὴ
2974 4325 3097 4390 δόξα
3147 4328 3226 4388 εἰς
3257 4328 3383 4389 τοὺς
3425 4323 3623 4383 αἰῶνας.

400 4409 549 4465 hunc
583 4412 637 4468 in
672 4414 895 4469 modum
943 4432 1045 4472 nos
1084 4418 1412 4474 adhortatur
1445 4440 1456 4474 :
1500 4439 1518 4471 ‹
1562 4420 1617 4477 Si
1664 4428 1978 4492 peccaverit
2011 4424 2052 4477 υ
2093 4426 2287 4495 Ἀμήν.

402 4501 456 4554 in
502 4511 553 4555 te
602 4502 770 4559 frater
811 4513 959 4570 tuas,
993 4508 1151 4572 vade,
1188 4513 1404 4580 corripe
1442 4526 1571 4566 eum
1623 4513 1768 4570 inter
1818 4524 1871 4571 te
1916 4530 1973 4573 et
2010 4517 2190 4588 ipsum
2225 4516 2442 4570 solum:
2497 4512 2541 4565 si
2590 4519 2641 4566 te
2685 4509 2963 4575 audierit,
3007 4509 3253 4563 lucratus
3316 4524 3378 4565 es
3422 4508 3626 4563 fratrem

406 4607 593 4663 tuum;
647 4601 692 4653 si
740 4609 923 4656 autem
996 4613 1048 4657 te
1100 4620 1212 4659 non
1263 4607 1523 4672 audierit,
1577 4609 1777 4665 adhibe
1861 4621 2043 4669 tecum
2081 4627 2251 4666 unum
2276 4620 2369 4665 aut
2394 4608 2554 4670 duos,
2580 4607 2716 4660 utin
2745 4621 2841 4660 ore
2863 4604 3093 4659 duorum
3118 4606 3400 4658 auttrium
3429 4603 3626 4659 testium

401 4698 509 4745 stet
538 4706 700 4746 omne
732 4694 960 4748 verbum
995 4713 1006 4748 :
1040 4698 1184 4764 quod
1221 4699 1265 4754 si
1310 4717 1415 4756 nec
1445 4702 1547 4757 hos
1585 4703 1844 4768 audierit,
1878 4705 1969 4760 dic
2005 4706 2297 4771 Ecclesiae;
2331 4704 2374 4758 si
2425 4713 2608 4756 autem
2655 4716 2758 4754 nec
2806 4699 3108 4754 Ecclesiam
3152 4698 3409 4759 audierit,
3444 4698 3511 4754 sit
3541 4694 3625 4749 tibi

405 4792 663 4854 tanquam
691 4787 945 4842 ethnicus
975 4797 1031 4843 et
1060 4792 1387 4859 publicanus
1413 4795 1484 4849 ⁸³.
1529 4814 1547 4847 ι
1589 4796 1772 4851 Gloria
1812 4798 1928 4853 Deo
1954 4806 2142 4854 nostro
2203 4798 2259 4851 in
2298 4787 2516 4857 Saecula.
2553 4795 2745 4849 Amen.

899 4895 1182 4954 HOMILIA
1234 4901 1466 4957 LXVIII.

671 5008 735 5064 Ut
760 5011 873 5080 ipse
903 5014 1231 5083 coarguaris,
1271 5014 1419 5068 debes
1454 5025 1710 5087 expetere.

474 5121 648 5177 Ilomo
684 5122 978 5193 (siquidem
1008 5123 1076 5179 de
1112 5140 1169 5179 se
1210 5140 1373 5195 quam
1417 5126 1820 5183 modestissime
1849 5144 1977 5184 sen-

405 5215 499 5279 tit,
558 5229 727 5284 seque
775 5231 874 5285 pro
929 5216 1142 5287 abjecto
1186 5217 1351 5273 habet
1390 5225 1445 5273 et
1488 5218 1605 5288 vili)
1639 5220 1807 5275 multa
1849 5237 1976 5275 cum

403 5306 572 5361 animi
607 5308 885 5377 voluptate
931 5317 985 5362 et
1015 5308 1396 5365 benevolentia
1436 5327 1530 5366 cas
1571 5320 1822 5382 exceptat
1853 5328 1976 5381 qua:

406 5400 460 5452 in
493 5414 549 5453 se
580 5399 830 5454 recidunt
853 5403 1253 5471 correptiones,
1275 5413 1369 5458 aut
1394 5404 1697 5474 quamlibet
1725 5421 1972 5487 asperam

476 5553 519 5582 ⁷⁸
561 5553 722 5607 Prov.
747 5572 910 5620 xxv",
938 5558 989 5620 5,
1016 5555 1066 5608 6.
1143 5558 1188 5588 ⁷³
1208 5559 1365 5612 Prov.
1392 5574 1575 5620 xxvm,
1601 5560 1690 5613 25.

414 5623 496 5675 H.
571 5623 613 5653 ⁷⁷
656 5624 823 5678 Eecli.
858 5642 948 5686 xx,
984 5628 1031 5677 1.
1108 5627 1154 5657 ⁷⁸
1192 5628 1358 5681 Eccli.
1397 5642 1538 5691 XXXI,
1591 5630 1676 5682 εΗ.

411 5691 553 5744 'l'im.
595 5707 665 5758 Iv,
698 5694 749 5745 2.
827 5694 872 5725 ³³
911 5695 1096 5748 Matth.
1132 5712 1275 5761 xvm,
1313 5697 1498 5751 15-17.

2671 4904 2885 4956 ΛΟΓΟΣ
2922 4902 3049 4954 Eil'.

2524 5015 2662 5082 Περὶ
2692 5014 2798 5067 τοῦ
2839 5013 3213 5083 ἐλέγχεσθαι.

2154 5132 2475 5200 ’Ἄνθρωπος
2544 5129 2639 5181 ἐάν
2704 5130 2820 5181 ἐστι
2910 5130 3327 5199 ταπεινόφρων,
3386 5129 3477 5191 καὶ
3524 5126 3618 5196 ἔχει

2080 5224 2268 5277 έαυτὸν
2293 5223 2515 5292 εὐτελῆ,
2545 5221 2693 5292 μετά
2755 5220 3020 5290 θυμηδίας
3065 5223 3159 5275 καὶ
3207 5221 3489 5291 εὐμενείας
3519 5218 3621 5275 τοὺς

2078 5313 2504 5383 ἐπιφερομένους
2555 5309 2706 5381 αὐτῷ
2742 5311 3014 5381 ἐλέγχους,
3078 5312 3174 5364 καὶ
3233 5313 3296 5365 τὺ
3346 5310 3615 5378 ἐπιτίμιον.

2079 5404 2467 5473 παραδέχεται.
2528 5403 2811 5472 Μακάριος
2876 5395 2970 5455 οὖν
3030 5404 3177 5456 ἐστιν
3229 5405 3259 5455 6
3324 5400 3541 5472 μοναχδς
3595 5395 3619 5444 ὁ

1768 5559 1812 5590 ⁷³
1852 5560 2011 5614 Prov.
2055 5573 2129 5621 Ix,
2160 5557 2211 5612 8.
2242 5559 2293 5610 9.
2371 5559 2414 5589 ⁷⁵
2453 5557 2613 5611 Prov.
2646 5572 2698 5615 κ,
2731 5556 2815 5609 10.
2892 5557 2937 5588 ⁷⁵
2974 5555 3141 5609 Eccli.
3168 5571 3240 5615 ix,
3272 5553 3368 5608 (3..
3429 5555 3470 5585 π
3498 5548 3613 5621 Ibid,

1757 5630 1799 5659 ’θ’
1840 5630 2003 5683 Prov.
2043 5643 2150 5690 XIX,
2182 5627 2272 5681 “25.
2347 5629 2392 5659 ⁸ο
2434 5628 2593 5681 Prov.
2620 5626 2708 5690 9.7,

2900 5627 2941 5655 ⁸¹
2986 5624 3173 5678 ITitn.
3232 5613 3281 5690 v,
3325 5624 3413 5678 ‘20.
3506 5622 3543 5648 '"
3580 5613 3615 5671 Ii
