3986 6148
368 240 529 306 .1533
1337 240 1667 301 HOMILIA
1707 242 1892 301 LXIX
1946 265 2015 274 ’-
2047 240 2144 299 DE
2182 225 2700 299 VERECUNDIA.
3504 252 3642 320 1634

395 356 610 410 πάντων
643 352 922 422 περίψημα
947 344 1137 403 ἑαυτὸν
1177 348 1339 421 ἔχων.
1385 352 1825 424 Ἐλαχιστότερον
1855 353 1962 423 γὰρ

2072 352 2532 424 objurgationem.
2561 351 2757 410 Beatus
2779 355 2945 427 igitur
2968 362 3266 415 monachus
3286 364 3377 433 qui
3397 366 3637 434 seipsum

394 445 584 498 ἑαυτὸν
607 444 971 513 λογιζόμενος,
998 438 1236 510 γέγηθεν
1273 442 1473 513 μᾶλλον
1505 445 1602 497 ὲπῒ
1624 447 1689 515 τῇ
1721 444 1963 516 εὐτελείᾳ

2072 441 2210 495 aliud
2246 457 2368 497 esse
2400 450 2591 496 censet
2635 444 2793 506 nihil,
2835 461 2997 514 quam
3028 448 3272 503 omnium
3307 453 3635 521 peripsema.

397 540 489 592 καὶ
519 536 942 606 καταφρονήσει,
964 535 1108 605 ιἢπερ
1129 536 1223 587 ἐπὶ
1242 538 1375 606 τιμῇ
1410 537 1505 588 καὶ
1534 535 1772 606 εὐκλείᾳ.
1803 536 1964 588 Ὅθεν

2072 532 2379 587 Incredibili
2418 533 2569 587 enim
2611 535 2794 589 laetitia
2827 536 3184 606 perfunditur
3217 540 3435 606 tacitus,
3474 559 3640 613 super

397 626 488 676 καὶ
520 623 621 676 ὑπὸ
658 622 760 674 τοῦ
809 622 942 674 Θεοῦ
989 623 1293 690 ἁγιάζεται,
1326 622 1509 687 καθὼς
1562 627 1831 694 μαρτυρεῖ
1873 624 1964 676 Ἠ-

396 714 577 776 σαῖαςο
604 731 634 763 ι(
680 712 968 780 ’Λγιάσατε
987 715 1118 784 γάρ,
1150 715 1334 784 φησὶν,
1371 714 1463 768 τὸν
1514 713 1838 782 φαυλίζοντα
1869 712 1965 783 τὴν

395 805 571 875 ψυχὴν
600 803 786 857 αὐτοῦ.
824 804 883 855 ὐ
913 804 968 857 δὲ
999 804 1174 873 μισῶν
1196 805 1470 876 ἐλέγχους,
1497 806 1707 874 ἄφρων,
1750 824 1767 855 ι
1806 803 1966 856 Ἀλλὰ

396 898 490 951 καὶ
521 896 762 965 ἔγκειται
790 895 974 949 πάθει.
1014 896 1073 948 Ὀ
1098 897 1152 948 δὲ
1179 896 1428 964 ἀγαπῶν,
1451 896 1608 966 δῆλον
1631 897 1712 950 ὅτι
1750 895 1967 964 ἀπαθής

396 986 563 1039 ἐστιν.
624 985 802 1038 Καλὸν
870 981 964 1038 οὖν
1017 985 1377 1055 ἀποδέχεσθαι
1433 985 1558 1044 τοὺς
1616 984 1967 1047 σκώπτοντας

397 1076 563 1144 ἡμᾶς,
600 1074 742 1143 ὑπὲρ
785 1076 913 1138 τοὺς
955 1075 1331 1139 ἐπαινοῦντας,
1366 1076 1559 1139 οἵτινες
1605 1075 1754 1128 οὐδὲν
1786 1074 1969 1143 διαιρὲ-

398 1182 583 1234 ρουσιν
615 1167 1028 1236 καταρωμένου,
1072 1168 1214 1219 κατὰ
1259 1168 1360 1234 τὴν
1392 1166 1635 1235 Γραφήν.
1659 1165 1769 1218 Kal
1800 1165 1969 1217 πάλιν

396 1258 423 1308 ὁ
456 1256 621 1319 αὐτὸς
657 1255 908 1321 Ἡσαΐας,
938 1275 968 1307 -ι
1022 1255 1313 1309 Ἀκούσατε
1342 1257 1496 1326 ῥῆμα
1525 1255 1749 1324 Κυρίου,
1777 1256 1825 1307 οί
1846 1254 1971 1322 τρέε·

401 1362 588 1415 μοντες
606 1346 889 1413 τὸνλόγον
911 1346 1100 1410 αὐτοῦ,
1127 1344 1340 1408 εἴπατε,
1372 1345 1621 1415 Ἀδελφοὶ
1653 1345 1831 1415 ἡμῶν,
1857 1347 1970 1407 τοῖς

403 1435 649 1503 μισοῦσιν
693 1437 836 1505 ὑμᾶς
899 1437 994 1487 καὶ
1039 1435 1503 1505 βδελυσσομένοις.
1543 1453 1562 1485 ι
1604 1434 1771 1503 Φηοὶν
1806 1434 1898 1485 καὶ
1943 1435 1971 1486 ὁ

400 1526 828 1596 Παροιμιαστὴς,
888 1545 906 1576 ι
948 1525 1232 1595 Συντρίόει
1264 1525 1462 1595 ἀπειλὴ
1508 1525 1736 1595 καρδίαν
1785 1524 1971 1595 φρονί-

404 1633 537 1684 μου·
571 1617 763 1686 ἄφρων
795 1617 849 1669 δὲ
888 1616 1271 1684 μαστιγωθεὶς,
1302 1616 1766 1670 οὐκαίσθάνεται.
1808 1636 1826 1665 ι
1864 1614 1971 1667 Kal

401 1707 582 1773 πάλιν,
624 1709 755 1771 «Ὃς
768 1708 1068 1761 ἀπωθεῖται
1090 1707 1360 1773 παιδείαν,
1389 1710 1535 1778 μισεῖ
1571 1709 1782 1761 ἑαυτόν.
1831 1707 1887 1760 Ὀ
1915 1707 1970 1759 δὲ

399 1797 579 1870 τηρῶν
608 1799 883 1868 ἐλέγχους,
915 1802 1109 1853 κτᾶται
1136 1800 1415 1870 φρόνησιν.
1446 1817 1471 1848 ο»
1502 1800 1611 1852 Καὶ
1637 1798 1819 1861 πάλιν,
1851 1816 1867 1846 ι
1913 1798 1970 1850 '0
2006 1802 2014 1819 ‘

399 1892 689 1962 δεχόμενος
717 1892 981 1957 παιδείαν,
1018 1893 1075 1944 ἐν
1104 1891 1327 1958 ἀγαθοῖς
1356 1892 1537 1944 ἔσται.¹
1584 1892 1641 1943 '0
1667 1891 1723 1944 δὲ
1763 1890 1969 1957 φυλάσ-

401 1999 507 2035 σων
554 1981 833 2051 ἐλέγχους,
886 1982 1292 2053 σοφισθήσεται.
1333 2001 1353 2033 ι
1393 1983 1523 2047 Καὶ,
1564 2002 1580 2032 ι
1644 1983 1703 2034 ’0
1756 1982 1970 2034 ἀκούων

403 2072 657 2142 ἐλέγχους
688 2074 855 2141 ζωῆς,
887 2074 945 2126 ἐν
987 2074 1137 2144 μέσῳ
1162 2075 1339 2143 σοφῶν
1364 2073 1770 2142 αὐλισθήσεται.
1810 2091 1828 2124 ι
1865 2072 1971 2124 Καὶ

401 2165 582 2231 πάλιν,
642 2183 661 2216 ι
724 2165 781 2219 '0
831 2164 1012 2235 τηρῶν
1067 2168 1341 2235 ἐλέγχους,
1391 2166 1583 2235 ἀγαπᾷ
1626 2163 1723 2233 τὴν
1777 2161 1969 2216 ἑαυτοῦ

397 2256 596 2326 ψυχήν.
639 2257 700 2309 Ol
728 2256 785 2307 δὲ
812 2257 1114 2324 μισοῦντες,
1152 2255 1480 2308 τελευτῶσιν
1512 2254 1770 2323 αἰσχρῶς.
1812 2274 1832 2304 ι
1864 2253 1971 2304 Kal

2066 624 2218 692 priva
2247 623 2555 694 dejectione
2577 634 2631 678 et
2660 632 2974 695 contemptu
3006 628 3155 698 (dum
3180 630 3422 699 seipsum
3459 631 3636 701 depu-

2067 722 2143 768 tat
2176 730 2283 770 nec
2322 715 2504 770 fucate
2553 718 2763 772 eatteris
2790 726 2945 772 tanto
2978 735 3098 774 esse
3145 721 3435 790 minorem)
3468 726 3638 793 magis

2066 821 2228 875 quam
2266 823 2365 876 pro
2398 809 2648 863 exhibito
2693 810 2902 865 honore
2936 821 3026 866 aut
3070 813 3278 881 preprii
3317 816 3637 870 celebritate

2066 897 2328 951 nominis.
2365 898 2519 961 Unde
2566 910 2621 953 et
2677 902 2798 955 talis
2833 917 2862 955 a
2906 902 3018 956 Deo
3056 903 3386 972 praedicatur
3420 905 3635 964 beatus.

2060 987 2215 1058 juxta
2266 988 2417 1043 Isaiae
2469 990 2840 1045 testimonium
2887 992 3121 1049 dicentis
3163 1012 3176 1046 :
3231 1014 3249 1045 ι
3290 994 3638 1051 Sanetiticate

2067 1091 2194 1132 cum
2225 1078 2318 1146 qui
2345 1086 2603 1132 extenuat
2636 1080 2874 1133 animam
2909 1098 3060 1135 suam
3080 1083 3269 1152 8‘;qui
3300 1094 3484 1138 autem
3518 1086 3636 1139 odit

2068 1167 2465 1245 correptiones,
2502 1170 2825 1239 imprudens
2854 1180 2938 1226 est
2976 1174 3042 1226 ⁸⁵.
3088 1194 3107 1224 ι
3150 1174 3254 1229 Sed
3283 1184 3338 1230 et
3369 1176 3497 1231 huic
3534 1177 3637 1231 im-

2069 1257 2273 1325 pendet
2314 1274 2424 1312 non
2452 1259 2684 1328 simplex
2709 1256 3050 1329 perturbatio
3078 1282 3091 1317 τ
3125 1267 3218 1334 qui
3248 1278 3429 1322 autem
3456 1268 3638 1338 diligit

2070 1362 2183 1407 eas,
2221 1348 2392 1415 liquet
2429 1349 2577 1402 hunc
2622 1352 2767 1404 nulla
2797 1353 2906 1421 jam
2938 1355 3163 1421 percelli
3213 1358 3380 1410 animi
3422 1367 3641 1428 pertur—

2070 1437 2312 1502 batione,
2344 1440 2436 1493 sed
2464 1440 2660 1494 sedato
2688 1452 2771 1495 est
2796 1443 3000 1496 animo.
3032 1444 3202 1510 Quam
3230 1447 3394 1514 igitur
3419 1450 3641 1518 profuc—

2072 1529 2147 1581 rit
2193 1529 2426 1599 benigne
2478 1546 2573 1585 eos
2623 1533 2877 1601 excipere
2926 1535 3019 1603 qui
3069 1552 3168 1591 nos
3220 1539 3331 1592 suis
3379 1551 3641 1596 exercent

2073 1621 2261 1673 sannis
2289 1629 2347 1674 et
2372 1623 2776 1678 scommatibus
2808 1626 3110 1693 quamlibet
3132 1629 3508 1694 amarulentis,
3530 1646 3640 1699 pra.-

2073 1711 2184 1766 illis
2218 1702 2310 1781 qui
2347 1728 2449 1767 nos
2478 1704 2750 1769 adornant
2780 1717 2898 1770 suis
2928 1719 3320 1774 commentitiis
3352 1721 3673 1777 laudibus?.
3720 1724 3731 1729 ’

2069 1803 2163 1872 qui
2190 1804 2345 1873 juxta
2374 1804 2712 1873 Scripturam
2739 1807 2877 1860 nihil
2910 1807 2978 1862 ab
3007 1823 3073 1861 eo
3103 1807 3367 1864 diﬁ‘ernnt
3398 1810 3492 1879 qui
3525 1826 3610 1864 ma
3639 1844 3644 1848 -
3688 1813 3711 1831 ’

2069 1892 2278 1947 ledicit.
2327 1894 2475 1948 Idem
2506 1910 2696 1949 rursus
2739 1896 2943 1951 Isaias:
2978 1915 2997 1947 ‹
3042 1896 3240 1951 Audite
3271 1899 3500 1953 verbum
3532 1899 3634 1953 Do-

2069 1984 2224 2049 mini,
2270 1984 2365 2053 qui
2406 1985 2784 2040 intremiscitis
2825 1987 2890 2039 ad
2943 2001 3252 2041 sermonem
3301 1988 3441 2058 ejus,
3477 1988 3641 2043 dicite

2069 2073 2156 2128 his
2180 2074 2274 2145 qui
2302 2091 2400 2130 vos
2420 2076 2656 2131 oderunt
2677 2087 2733 2133 et
2750 2087 3129 2143 exsecrantur,
3159 2079 3376 2133 Fratres
3397 2080 3500 2134 mei
3521 2080 3589 2135 “.
3616 2098 3634 2129 ι

2071 2161 2176 2216 Sed
2216 2170 2272 2216 et
2319 2162 2707 2218 Paroemiastes
2742 2182 2760 2217 :
2804 2183 2822 2215 ‹
2876 2164 3127 2220 Conterit
3168 2167 3520 2222 comminatio
3549 2183 3645 2222 cor

2070 2252 2380 2323 prudentis,
2407 2254 2733 2323 imprudens
2762 2263 2943 2309 autem
2984 2257 3152 2310 etiam
3196 2256 3503 2327 ﬂagellatus
3528 2272 3638 2311 non

400 2345 576 2411 αὖθις,
602 2366 632 2398 -‹
668 2347 866 2400 Πενίαν
898 2347 990 2399 καὶ
1018 2346 1237 2416 ἀτιμίαν
1271 2348 1585 2415 ἀφαιρεῖται
1633 2345 1868 2398 παιδεία.
1909 2344 1970 2397 '0

2072 2338 2243 2393 sentit
2263 2341 2337 2393 θ’.
2372 2360 2388 2391 ι
2424 2341 2628 2395 Iterum
2656 2359 2669 2394 :
2702 2360 2721 2393 ‹
2750 2341 2852 2408 Qui
2888 2344 3105 2413 repellit
3131 2345 3502 2414 disciplinam.
3525 2343 3645 2401 odit

398 2437 453 2491 δὲ
494 2436 782 2505 φυλάσσων
828 2436 1101 2506 ἐλέγχους,
1133 2437 1542 2508 δοξασθήσεται.
1586 2454 1605 2487 ι
1634 2435 1747 2488 Καὶ
1780 2433 1961 2496 πάλιν,

405 2546 423 2578 ι
474 2528 687 2596 Πληγαὶ
736 2528 831 2579 καὶ
887 2527 1097 2597 ἔλεγχοι
1147 2527 1350 2581 διδόασι
1441 2526 1675 2594 σοφίανο
1732 2528 1861 2585 παῖς
1908 2524 1964 2576 δὲ

400 2618 771 2687 πλανώμενος,
810 2619 1057 2687 αἰσχυνεῖ
1106 2620 1283 2685 γονεῖς
1328 2616 1516 2672 αὐτοῦ.
1576 2637 1594 2667 ι
1634 2617 1744 2669 Καὶ
1788 2616 1968 2680 πάλιν,

404 2726 422 2760 ι
467 2707 527 2760 ’0
560 2708 788 2776 ἀγαπῶν
816 2709 1089 2773 παιδείαν,
1120 2710 1307 2778 ἀγαπᾷ
1344 2708 1593 2778 αἴσθησιν
1615 2725 1630 2739 ο
1659 2708 1687 2759 ὁ
1716 2707 1770 2761 δὲ
1799 2708 1972 2777 μισῶν

398 2800 677 2869 ἐλέγχους,
728 2799 938 2871 ἄφρων.
989 2818 1006 2850 ι
1055 2800 1115 2853 '0
1166 2800 1223 2853 δὲ
1268 2801 1453 2864 Δαυῒδ,
1498 2819 1515 2851 ε
1552 2800 1745 2870 Κύριε,
1773 2799 1848 2870 μὴ
1896 2798 1974 2868 τῷ

400 2890 555 2960 θυμῷ
583 2908 680 2943 σου
711 2891 949 2959 ὲλέγξεις
987 2908 1077 2961 με,
1108 2891 1268 2962 μηδὲ
1336 2894 1402 2962 τῇ
1446 2893 1578 2963 ὀργῇ
1616 2908 1707 2944 σου
1750 2891 1973 2945 παιδεὺο

2071 2430 2348 2498 seipsum;
2383 2430 2476 2499 qui
2509 2440 2688 2485 autem
2718 2443 2897 2488 servat
2934 2435 3363 2504 correptionem,
3399 2435 3647 2505 possidet

2072 2520 2418 2591 prudentiam
2452 2523 2516 2573 ⁸⁸.
2556 2541 2574 2572 ι
2603 2523 2819 2578 Rursus
2840 2543 2857 2578 :
2889 2543 2906 2575 ι
2942 2525 3045 2590 Qui
3077 2525 3242 2580 habet
3274 2527 3644 2606 prudentiam,

2073 2613 2129 2666 in
2169 2612 2329 2666 bonis
2361 2612 2468 2666 erit
2501 2614 2567 2675 ⁸³,
2602 2622 2659 2667 et
2701 2614 2792 2682 qui
2843 2615 3082 2669 custodit
3128 2616 3528 2685 correptiones,
3564 2632 3649 2672 sa-

2073 2702 2231 2772 piens
2257 2700 2526 2757 eﬂicielur
2554 2704 2642 2754 ⁸⁵⁵.
2674 2722 2691 2753 ι
2721 2704 2820 2757 Et:
2846 2724 2864 2754 ι
2891 2703 2995 2770 Qui
3015 2715 3197 2760 servat
3221 2706 3645 2776 increpationes,

2073 2805 2229 2845 suam
2275 2791 2445 2861 ipsius
2491 2791 2669 2862 diligit
2711 2793 2980 2861 animam;
3012 2795 3106 2864 qui
3153 2803 3337 2850 autem
3385 2797 3645 2858 oderunt.

2074 2883 2438 2953 ignominiose
2470 2884 2784 2939 moriuntur
2809 2887 2877 2937 9°.
2917 2905 2934 2937 ι
2976 2885 3043 2939 Et
3076 2903 3089 2939 :
3124 2905 3142 2937 ι
3179 2887 3561 2956 Paupertatem
3592 2895 3650 2939 et

400 3000 497 3054 σῃς
533 3001 599 3053 με
621 3000 634 3013 ·
671 3003 690 3035 ι
727 2984 824 3053 οὐχ
853 2985 935 3036 ὅτι
967 2984 1059 3036 τὸν
1089 2983 1308 3053 ἔλεγχον
1337 2987 1653 3055 παρῃτεῖτο,
1694 2982 1829 3036 ἀλλά
1875 2982 1970 3053 τὴν

2076 2971 2428 3041 ignominiam
2465 2973 2644 3028 aufert
2679 2974 3001 3044 disciplina;
3041 2977 3133 3046 qui
3170 2984 3352 3031 autem
3403 2979 3647 3032 custodit

403 3076 522 3145 μετ’
571 3074 741 3147 ὀργῆς
780 3075 1046 3129 παιδείαν.
1098 3074 1382 3145 Ἑπιφέρει
1428 3075 1556 3144 γὰρ,
1609 3093 1628 3125 ‹
1684 3072 1971 3127 Παιδεύσει

402 3178 468 3232 με
519 3162 723 3225 δίκαιος
770 3164 828 3216 ὲν
875 3162 1016 3216 ὲλέει
1071 3165 1165 3216 καὶ
1202 3163 1407 3232 ἐλέγξει
1445 3179 1534 3232 με.
1589 3182 1608 3214 ι
1660 3164 1849 3230 Μέγας
1881 3159 1974 3217 οὗν

400 3255 568 3316 ἐστιν,
606 3255 905 3324 ἀγαπητοὶ,
954 3254 1052 3306 καὶ
1100 3253 1415 3323 θαυμαστὸς
1461 3255 1488 3305 ὁ
1528 3252 1904 3324 ἐλεγχόμενος,
1938 3253 1970 3324 ἦ

399 3342 794 3413 ἀτιμαζόμενος
837 3343 940 3395 ὑπό
998 3360 1175 3406 τινος,
1210 3344 1302 3396 καὶ
1353 3343 1669 3413 βαστάζων,
1723 3342 1973 3414 καθάπερ

399 3435 493 3485 καὶ
550 3435 583 3503 ἡ
628 3433 800 3502 σεμνὴ
864 3434 958 3485 καὶ
1006 3434 1214 3504 μεγάλη
1264 3432 1446 3502 ἐκείνη
1498 3435 1797 3500 Χαναναία,
1850 3433 1974 3505 ἦτὶς

399 3521 680 3574 ἀκούσασα
723 3523 873 3591 παρὰ
915 3522 1009 3574 τοῦ
1043 3522 1272 3591 Κυρίου,
1302 3522 1382 3574 ὅτι
1415 3540 1434 3573 ‹
1484 3523 1598 3575 Οὐκ
1635 3523 1782 3575 ἔστιν
1812 3523 1974 3576 καλὸν

402 3609 588 3664 λαϐεῖν
612 3611 702 3663 τὸν
730 3611 893 3680 ἄρτον
916 3610 1025 3663 τῶν
1056 3610 1280 3674 τέκνων,
1325 3610 1419 3662 καὶ
1448 3610 1630 3679 βαλεῖν
1670 3613 1783 3674 τοῖς
1812 3629 1974 3665 κυνα-

400 3701 572 3765 ρίοις·
614 3719 632 3750 ι
669 3700 770 3753 οὒκ
809 3700 1213 3769 ἠγανάκτησεν,
1263 3699 1398 3753 ἀλλὰ
1427 3700 1734 3753 τούναντίον
1774 3700 1974 3772 ἑαυτὴν

398 3789 746 3855 εὐτελίζουσα
793 3786 966 3856 εἶπεν,
996 3808 1015 3841 ι
1065 3790 1195 3855 Ναὶ,
1238 3789 1408 3854 Κύριε
1436 3807 1449 3821 ·
1474 3790 1719 3860 καὶγὰρ
1761 3790 1833 3843 τὰ
1879 3806 1976 3844 κυ-

398 3884 560 3952 νάρια
595 3882 763 3935 ὲσθίει
809 3880 915 3934 ἀπὸ
965 3881 1073 3936 τῶν
1120 3880 1318 3950 ψιχίων
1367 3879 1474 3933 τῶν
1515 3882 1816 3935 πιπτόντων
1867 3881 1975 3935 ἀπὸ

396 3976 495 4045 τῆς
556 3973 835 4044 τραπέζης
892 3972 1000 4026 τῶν
1046 3973 1250 4042 κυρίων
1294 3971 1508 4024 αὐτῶν·
1561 3989 1580 4022 ι
1639 3970 1758 4025 ὅθεν
1804 3973 1974 4043 ὑπερ-

397 4062 707 4132 εθαύμασεν
752 4063 781 4114 ὁ
831 4062 1036 4132 Κύριος
1060 4060 1155 4131 τὴν
1186 4060 1514 4113 ταπείνωσιν
1546 4059 1640 4113 καὶ
1674 4059 1852 4113 πίστιν
1879 4064 1971 4115 αὑ.

395 4153 515 4222 τῆς,
554 4152 742 4217 είπὼν,
771 4148 871 4205 «Ὦ
897 4152 1075 4220 γύναι,
1093 4150 1303 4222 μεγάλη
1323 4168 1415 4203 σου
1434 4153 1466 4220 ἡ
1488 4153 1975 4224 πίστις,γενηθήτω

400 4258 481 4296 σοι
503 4242 577 4306 ὡς
601 4243 793 4306 θέλεις.
830 4262 848 4294 ι
880 4243 1039 4313 Αὐτῷ
1070 4243 1102 4311 ἡ
1126 4240 1250 4306 δόξα
1273 4243 1353 4304 είς
1381 4241 1507 4304 τοὺς
1535 4242 1756 4305 αἰῶνας.
1776 4243 1966 4312 Ἀμήν.

2075 3063 2467 3127 eorrectiones,
2499 3064 2897 3133 glorificabitur
2922 3069 2987 3119 θ’.
3027 3085 3044 3118 ι
3086 3067 3369 3121 Rursum:
3408 3088 3426 3120 ε
3472 3069 3647 3138 Plaga:

2073 3157 2129 3203 et
2160 3150 2574 3221 objurgationes
2613 3153 2866 3209 tribuunt
2893 3156 3251 3225 sapientiam;
3293 3172 3433 3226 puer
3463 3167 3647 3213 autem

2074 3239 2338 3295 deerrans
2389 3241 2676 3298 confundit
2722 3254 2979 3313 parentes
3030 3262 3158 3301 suos
3204 3249 3270 3299 ’³.
3322 3267 3340 3298 ι
3388 3247 3591 3302 Iterum
3629 3265 3645 3300 :

2078 3347 2098 3381 ι
2130 3328 2236 3396 Qui
2266 3330 2447 3401 diligit
2479 3332 3036 3405 disciplinam,diligit
3058 3342 3318 3390 sensum:
3342 3337 3435 3405 qui
3466 3347 3647 3394 autem

2074 3419 2191 3474 odit
2223 3419 2653 3489 inerepationes,
2680 3423 3002 3492 imprudens
3036 3425 3104 3478 ”.
3140 3444 3159 3475 ι
3187 3426 3360 3480 David
3391 3442 3647 3497 quoque:

2080 3530 2099 3560 ι
2139 3509 2392 3571 Domine,
2439 3526 2508 3565 ne
2540 3511 2597 3564 in
2645 3512 2831 3567 furore
2862 3522 2956 3568 tuo
2991 3529 3189 3585 arguas
3230 3532 3338 3582 me,
3375 3533 3555 3588 neque
3590 3520 3643 3573 in

2073 3599 2154 3653 ira
2190 3607 2279 3653 tua
2316 3600 2583 3669 corripias
2612 3616 2699 3656 me
2728 3602 2794 3655 “.
2832 3621 2849 3653 ι
2881 3604 2997 3658 Νοη
3023 3606 3247 3675 quidem
3275 3608 3423 3678 quod
3460 3610 3506 3664 is
3552 3610 3648 3665 de-

2075 3699 2398 3760 precaretur
2450 3700 2543 3745 aut
2594 3692 2881 3764 defugeret
2924 3696 3258 3753 vitabundus
3310 3700 3646 3755 Dominicam

2073 3782 2498 3852 correptionem,
2518 3784 2611 3838 sed
2641 3800 2761 3839 eam
2790 3801 2913 3854 qua:
2945 3801 3068 3841 cum
3095 3788 3174 3843 ira
3211 3790 3358 3860 gravi
3393 3791 3644 3857 infertur,

2074 3873 2423 3943 disciplinam
2457 3889 2488 3928 a
2530 3890 2587 3929 se
2622 3876 2939 3945 precatione
2972 3878 3076 3933 hac
3109 3896 3240 3934 usus
3278 3881 3647 3936 amoliebatur

2074 3977 2139 4017 ac
2168 3963 2494 4032 depcllebat.
2533 3966 2738 4035 1131
2769 3967 2936 4023 Infert
2963 3970 3111 4023 enim
3147 3987 3161 4022 :
3196 3989 3214 4022 ι
3249 3971 3523 4042 Corripiet
3556 3988 3644 4026 me

2068 4054 2253 4125 justus
2285 4056 2342 4109 in
2374 4059 2756 4113 misericordia
2785 4069 2841 4114 et
2876 4061 3184 4133 increpabit
3213 4080 3297 4119 me
3323 4066 3388 4118 ⁸⁸.
3426 4086 3443 4117 ι
3480 4064 3644 4128 Sane,

2074 4159 2237 4214 quam
2269 4161 2394 4200 eum
2416 4162 2517 4215 par
2544 4158 2627 4202 est
2650 4166 2906 4220 magnum
2935 4154 3223 4209 censeriet
3246 4154 3644 4213 admirabilem.

2076 4239 2173 4310 qui
2223 4254 2348 4293 cum
2382 4239 2694 4309 increpatur
2721 4243 2904 4298 acrius
2934 4252 2988 4297 et
3033 4247 3330 4316 ignominia
3376 4261 3485 4301 non
3538 4248 3646 4301 levi

397 4335 726 4406 aspergitur,
784 4334 993 4404 perfert
1026 4341 1207 4386 tamen
1236 4350 1249 4384 :
1274 4331 1738 4401 quemadmodu
1808 4332 2039 4388 honesta
2078 4331 2171 4387 illa
2204 4328 2544 4392 Chananitis,
2577 4332 2867 4402 magnique
2902 4336 3107 4398 meriti,
3147 4352 3268 4405 quae
3299 4337 3521 4405 quidem
3572 4339 3648 4391 si-

396 4428 507 4480 mul
540 4436 703 4496 atque
749 4441 780 4480 a
821 4424 1052 4479 Domino
1082 4421 1372 4477 audisset:
1446 4440 1463 4472 ι
1502 4421 1621 4475 Non
1675 4431 1761 4476 est
1804 4421 2007 4477 bonum
2047 4435 2264 4475 sumere
2302 4433 2499 4487 panem
2539 4420 2772 4475 filiorum
2844 4432 2899 4477 et
2947 4425 3167 4481 mittere
3219 4426 3431 4497 catellis
3481 4428 3526 4459 “
3565 4445 3578 4476 :
3622 4450 3639 4481 ο

396 4531 505 4571 non
535 4517 649 4573 haec
687 4516 848 4570 modo
877 4514 1157 4584 indignata
1200 4527 1312 4566 non
1356 4519 1460 4577 est,
1492 4512 1587 4566 sed
1632 4528 1699 4567 ex
1738 4512 1956 4567 diverso
1990 4513 2226 4581 seipsam
2281 4518 2587 4566 extenuans
2630 4515 2953 4583 respondit:
3030 4536 3049 4567 ι
3088 4517 3220 4582 Imo,
3256 4518 3508 4580 Domine,
3554 4529 3641 4573 ct-

395 4611 540 4665 enim
598 4609 778 4665 catelli
833 4608 1007 4662 edunt
1039 4606 1106 4660 de
1160 4603 1423 4660 buccellis
1474 4619 1597 4673 quae
1645 4604 1848 4658 cadunt
1899 4604 1965 4659 de
2003 4617 2192 4658 mensa
2255 4602 2600 4657 dominorum
2647 4620 2871 4660 suorum
2919 4609 2982 4661 ⁸⁷.
3042 4628 3058 4658 ι
3104 4609 3218 4663 lIoc
3277 4625 3543 4680 responso
3590 4611 3642 4664 in

394 4700 812 4755 admirationem
865 4704 1025 4749 tanta:
1072 4693 1231 4747 istius
1275 4701 1333 4746 et
1370 4691 1701 4747 hinnilitatis
1746 4702 1802 4747 et
1837 4692 1961 4746 fidei
2004 4708 2061 4747 se
2124 4690 2405 4760 sui-rigens
2467 4692 2750 4758 Dominus,
2801 4694 2981 4749 dixit:
3023 4717 3039 4749 ι
3089 4698 3133 4751 Ο
3184 4700 3403 4765 mulier,
3446 4704 3642 4771 magna

394 4801 479 4850 est
506 4792 639 4847 fides
670 4799 784 4852 tua,
818 4788 908 4841 fiat
954 4786 1050 4840 tibi
1085 4787 1228 4838 sicut
1257 4785 1343 4837 vis
1365 4784 1431 4835 ⁸³.
1481 4804 1497 4834 ι
1547 4784 1652 4853 Ipsi
1688 4786 1858 4856 gloria
1904 4785 1958 4838 in
1998 4783 2212 4838 smeuia.
2243 4782 2439 4837 Amen.

992 4900 1207 4955 ΛΟΓΟΣ
1245 4898 1363 4953 ΞΘ’.

817 4993 953 5061 Περὶ
989 4990 1093 5044 τοῦ
1122 4991 1535 5073 diploma-dat.
1900 5064 1905 5067 _

465 5089 618 5159 Καλή
642 5090 808 5149 ἐστιν,
830 5084 1121 5152 ἀγαπητοὶ,
1151 5083 1183 5150 ή
1211 5082 1350 5134 κατά
1372 5081 1501 5133 Θεὸν
1523 5080 1748 5150 αἰσχύνη
1776 5079 1962 5149 (ἤγουν

395 5177 602 5245 αἰδὼς),
629 5178 661 5245 ἡ
694 5173 1093 5242 ἀκαπήλευτος,
1123 5175 1154 5242 ἠ
1183 5171 1491 5242 ἀκίϐδηλος,
1516 5171 1548 5240 ἡ
1576 5169 1958 5238 ἀνεπίληπτος,

395 5270 429 5339 ἡ
458 5267 535 5338 τῷ
566 5265 683 5335 Θεῷ
719 5265 1064 5330 διαλλακτὴς.
1091 5261 1304 5331 Ταύτην
1344 5258 1435 5315 οὖν
1466 5259 1846 5327 κατάσχωμεν,
1877 5260 1962 5312 ἵνα

463 5416 512 5481 δέ
549 5445 662 5500 Imo
692 5442 861 5498 Eccli.
902 5457 959 5502 ιι,
983 5439 1071 5494 20.
1146 5439 1191 5471 ⁸⁵
1231 5437 1400 5491 Eccli.
1431 5454 1538 5495 xix.
1565 5438 1615 5492 5.
1694 5437 1739 5467 ⁸⁸
1779 5436 1881 5489 Isa.
1918 5452 2055 5499 val,

402 5517 488 5571 15.
562 5516 630 5546 ⁸³⁸
668 5515 829 5567 Prov.
861 5526 946 5568 xv,
975 5512 1026 5562 5.
1104 5509 1148 5540 9°
1191 5507 1327 5561 ibid.
1362 5507 1448 5561 10.
1523 5509 1566 5539 ⁰¹
1611 5507 1775 5559 Eccli.
1815 5523 1867 5567 Χ,
1895 5508 1964 5560 55

422 5590 443 5618 ⁸
488 5583 627 5630 Psal-
661 5599 778 5630 cu-
815 5582 868 5630 5.
942 5582 986 5611 "
1027 5578 1214 5630 Matth.
1264 5594 1349 5630 xv.
1381 5577 1469 5630 QG.
1544 5577 1586 5607 ³⁷
1632 5576 1765 5629 ihid.
1796 5578 1885 5630 97.
1962 5582 1970 5606 ε

2072 5509 2104 5538 ’²
2126 5509 2286 5560 Prov.

2072 5577 2177 5630 bid.
2219 5576 2307 5629 28.

422 5590 443 5618 ⁸
485 5583 627 5640 Psal.
661 5599 779 5644 CXL,
815 5582 868 5635 5.
942 5582 986 5611 "
1027 5578 1214 5632 Matth.
1264 5594 1349 5639 xv,
1381 5577 1469 5630 QG.
1544 5577 1586 5607 ³⁷
1632 5576 1765 5629 ibid.
1796 5578 1885 5632 27.

2596 4898 2877 4955 IIOMILIA
2924 4902 3111 4958 LXIX.

2474 4990 2550 5044 De
2585 4993 2784 5062 pudore
2817 5004 2867 5048 et
2896 4998 3229 5049 verecundia.

2142 5081 2502 5146 Verecundia,
2556 5082 2885 5151 charissimi,
2940 5087 3055 5141 sive
3090 5086 3268 5154 pudor
3306 5087 3396 5154 qui
3443 5101 3637 5140 secun-

2069 5170 2198 5224 dum
2254 5171 2423 5226 Deum
2475 5186 2579 5239 est,
2632 5186 2839 5244 quanto
2895 5176 3149 5244 praenitet
3207 5175 3435 5229 decore!
3490 5177 3636 5251 Nihil

2069 5263 2215 5315 enim
2258 5263 2496 5318 admittit
2548 5264 2881 5321 insincerum
2926 5272 3021 5319 aut
3069 5267 3435 5335 permistum;
3484 5268 3637 5324 nulla

2254 5438 2298 5469 ⁸τ
2337 5439 2495 5493 Prov.
2529 5456 2618 5503 xv,
2658 5439 2741 5491 12.
2817 5439 2863 5469 ⁸⁸
2902 5439 3037 5493 ibid.
3068 5440 3156 5495 52.

2060 5509 2104 5538 ⁹²
2126 5509 2286 5560 Prov.
2320 5524 2466 5573 xxix,
2488 5509 2576 5562 iE’.

3251 5441 3297 5473 3”
3339 5442 3497 5496 Prov.
3550 5457 3631 5498 ιιι.

2651 5510 2696 5539 ⁵³
2737 5508 2895 5562 Prov.
2935 5524 3027 5574 ΧΠ,
3068 5512 3116 5564 1.
3192 5510 3241 5543 ”
3277 5511 3419 5566 Psal.
3459 5528 3531 5576 τι,
3574 5514 3626 5569 2.
