3986 6148
433 236 569 301 1ὒ35

1688 237 2054 297 ANTIOCHI
2087 236 2431 298 ΜΟΝΛοΗί

3528 240 3643 308 Ῑεῖϐ

421 353 652 424 pallenti
696 352 948 423 rubigine
988 354 1210 407 vitiatur
1254 353 1627 424 hypocriscos,
1670 353 1807 406 nihil
1840 353 1894 406 in
1938 367 1998 406 se

2105 350 2601 423 παρῤησιασθῶμεν
2625 352 2684 404 ἐν
2710 354 2775 421 τῇ
2805 353 3079 423 παρουσία
3107 352 3202 405 τοῦ
3236 352 3453 423 Κυρίου
3472 368 3486 382 ⁸
3512 355 3647 423 ἤγγι-

432 457 686 512 prorsum
735 441 903 495 habet
946 441 1091 510 quod
1144 441 1575 510 reprehensione
1624 441 1849 511 dignum
1900 440 1993 494 sit.

431 532 543 586 Nec
587 533 786 594 solum,
823 532 918 585 sed
953 540 1009 584 et
1052 531 1195 584 inter
1241 532 1411 585 Deum
1457 547 1667 601 nosque
1713 540 1998 601 sequester

431 630 533 675 est.
565 620 835 675 Pudorem
862 620 1014 673 hunc
1046 621 1214 689 igitur
1236 630 1644 676 antevertamus
1670 621 1909 691 assequi,
1937 629 1999 675 ut

433 712 486 764 in
523 711 803 766 Dominico
835 710 1074 764 adventu
1122 712 1329 782 majore
1366 727 1492 766 cum
1528 711 1726 766 fiducia
1753 727 1995 781 przesen-

435 814 611 857 temur
636 819 653 854 :
682 801 899 855 vicinus
945 802 1094 855 enim
1140 803 1288 857 illius
1318 802 1587 857 adventus
1627 811 1732 865 est,
1775 810 1833 857 et
1867 817 1997 857 ecce

426 907 532 962 pro
583 892 795 946 foribus
837 892 1060 946 assistit.
1101 892 1231 957 Quae
1277 893 1423 946 enim
1469 892 1773 947 secundum
1825 893 1996 946 Deum

436 982 767 1036 verecundia
791 989 895 1046 est,
921 997 990 1035 ne
1010 991 1219 1036 annutu
1244 982 1465 1051 quidem
1490 991 1584 1036 aut
1602 984 1757 1037 vultu
1784 992 1998 1037 arrecto

431 1074 577 1131 ausit
606 1074 905 1143 quidquam
951 1084 1159 1142 petere,
1202 1083 1299 1127 aut
1336 1073 1553 1143 quidvis
1580 1083 1845 1143 praesente
1884 1076 1998 1129 Deo

434 1164 665 1217 liberius
715 1164 1075 1233 depromere,
1126 1179 1240 1233 pra:
1292 1165 1563 1218 malorum
1624 1165 1995 1231 multitudine,

433 1268 667 1321 quorum
703 1254 805 1321 ipsi
833 1253 990 1307 nobis
1016 1252 1220 1306 conscii
1250 1267 1462 1307 sumus.
1495 1252 1551 1307 Si
1584 1254 1803 1322 quando
1834 1254 2001 1325 igitur

428 1343 705 1397 dedecore
757 1343 1013 1412 quopiam
1065 1351 1159 1396 aut
1210 1344 1416 1411 probro
1458 1358 1827 1414 aspergemur,
1873 1360 1999 1398 mox

428 1433 738 1503 cogitemus
779 1447 899 1486 eam
943 1433 1361 1501 impressionem
1389 1433 1551 1487 nobis
1594 1432 1854 1488 inﬂictam
1899 1449 2000 1503 pro

432 1526 655 1579 cumulo
680 1524 871 1595 gloria:
901 1540 1065 1593 quam
1100 1525 1259 1578 nobis
1291 1540 1321 1578 a
1355 1526 1466 1578 Deo
1503 1525 1690 1578 datum
1712 1526 1778 1580 iri
1807 1541 1998 1595 spera-
2036 1554 2043 1559 -

436 1631 577 1679 inus,
622 1630 860 1685 cumque
907 1618 1124 1670 actione
1152 1616 1448 1686 gratiarum
1501 1615 1641 1668 nihil
1669 1632 1812 1685 aegre
1850 1617 2000 1671 illam

437 1708 756 1759 toleremus.
822 1706 1016 1775 Magno
1076 1707 1223 1760 enim
1281 1705 1567 1759 commodo
1621 1714 1811 1759 nostro
1865 1706 2001 1762 sinit

398 1784 579 1851 'Dcus
612 1812 733 1851 eam
786 1797 944 1850 nobis
1000 1796 1192 1866 inﬂigi,
1252 1806 1416 1865 atque
1471 1798 1543 1850 ita
1592 1796 1816 1850 interim
1868 1796 1998 1850 dum

438 1888 737 1958 ignominia
797 1887 1185 1956 percellimur,
1253 1888 1429 1941 securi
1483 1886 1691 1941 erimus
1764 1888 2002 1943 tristitia:

437 1980 637 2044 omnis,
667 1978 819 2032 nulla
854 1993 956 2031 nos
983 1979 1201 2032 conciet
1227 1979 1427 2031 mentis
1460 1978 1833 2047 intemperies.
1858 1977 2021 2032 Sane‘

439 2086 546 2124 non
576 2086 769 2139 parum
798 2070 974 2124 vereri
1001 2070 1264 2123 debemus
1300 2069 1589 2123 Dominum
1618 2067 1710 2137 qui
1742 2075 1890 2122 tanta
1916 2067 2000 2121 le-

438 2159 608 2214 nitate
653 2159 920 2213 malorum
952 2159 1197 2213 omnium
1230 2173 1350 2227 quae
1393 2161 1679 2227 gessimus,
1717 2157 1999 2211 oblivisci-

441 2259 551 2315 tur,
582 2251 628 2303 si
653 2249 876 2319 quando
906 2250 1060 2313 alias,
1100 2264 1247 2302 nunc
1270 2249 1503 2302 maxime
1542 2248 1827 2316 temporis,
1847 2248 2003 2318 juxta

441 2340 493 2393 id
539 2340 684 2409 quod
716 2340 922 2394 dictum
956 2349 1059 2394 est.
1091 2340 1280 2408 Neque
1310 2340 1456 2393 enim
1505 2354 1652 2393 nunc
1683 2339 1771 2393 vel
1801 2339 2003 2409 obgan-

440 2430 560 2483 nire
584 2430 713 2483 licet
742 2437 837 2481 aut
866 2429 1078 2498 aperire
1103 2444 1183 2483 os.
1218 2428 1521 2497 Siquidem,
1548 2429 1796 2506 Domine,
1831 2428 2003 2483 servis

443 2521 552 2574 tuis
579 2529 633 2574 et
664 2520 734 2574 iis
766 2521 860 2589 qui
898 2532 949 2574 te
981 2514 1191 2583 colunt:
1225 2519 1477 2573 confusio
1519 2518 1703 2573 inusta
1734 2527 1820 2574 est
1845 2530 1903 2574 et
1931 2519 2001 2573 il-

441 2612 611 2665 latum
645 2610 1023 2680 opprobrium.
1055 2610 1177 2663 Tibi
1204 2610 1352 2663 enim
1395 2608 1507 2663 Deo
1540 2617 1730 2662 nostro
1763 2607 2000 2678 justitia,

441 2701 597 2755 nobis
628 2710 810 2755 autem
841 2700 1092 2755 confusio
1119 2700 1303 2754 vultus
1337 2699 1531 2760 nostri.
1570 2707 1631 2751 ut
1664 2698 1777 2753 haec
1811 2699 2003 2768 probat

442 2791 559 2845 dies
591 2792 769 2856 nobis,
810 2791 1154 2860 principibus
1186 2790 1391 2857 nostris
1417 2796 1475 2844 et
1514 2789 1737 2858 regibus
1776 2789 1999 2852 nostris,

441 2882 571 2951 quia
620 2884 986 2949 peccavimus,
1037 2882 1224 2950 inique
1268 2882 1480 2950 egimus
1509 2889 1567 2934 et
1607 2896 1638 2933 a
1676 2881 2003 2935 rectitudine

442 2971 764 3025 dclleximus
790 2972 890 3025 via:
916 2982 1039 3035 tuae,
1068 2988 1168 3026 nec
1202 2972 1472 3025 mandatis
1501 2972 1609 3025 tuis
1636 2971 1999 3026 obedivimus.

442 3064 574 3129 Quae
601 3064 747 3117 enim
796 3063 1118 3132 prophetico
1147 3063 1362 3117 amatus
1402 3062 1596 3132 spiritu
1646 3063 1831 3117 futura
1861 3079 2002 3133 prac-

443 3155 619 3225 cinuit
647 3153 933 3216 Jeremias,
963 3168 1108 3207 nunc
1150 3154 1413 3222 temporis
1436 3154 1733 3224 contigere.
1779 3155 1831 3209 Is
1855 3155 2003 3209 enim

444 3245 523 3299 ait
547 3263 559 3298 :
604 3263 621 3295 ι
663 3244 890 3299 Confusi
921 3259 1130 3308 sumus,
1159 3244 1288 3312 quia
1315 3243 1624 3297 audivimus
1646 3243 2004 3312 opprobrium

444 3343 714 3390 nostrum.
748 3334 977 3403 Operuit
1016 3334 1311 3403 ignominia
1358 3334 1551 3389 faciem
1580 3344 1847 3401 nostram,
1877 3336 2005 3403 quia

447 3427 677 3497 ingressi
711 3435 837 3481 sunt
883 3426 1204 3495 alienigenae
1242 3426 1550 3481 sanctuaria
1583 3434 1771 3480 nostra
1813 3426 1867 3480 in
1902 3426 2003 3481 do-

447 3533 594 3572 mum
627 3518 864 3571 Domini.
900 3535 917 3567 ι
954 3516 1061 3572 Sed
1093 3526 1149 3570 et
1182 3517 1389 3571 David:
1426 3536 1445 3568 ι
1482 3517 1563 3571 Tu
1598 3518 2005 3588 scisimprope-

447 3608 591 3661 rium
634 3623 838 3673 meum,
868 3616 924 3662 et
955 3607 1327 3665 confusionem
1360 3624 1535 3663 meam
1564 3611 1631 3673 ⁸⁸,
1658 3618 1718 3664 et
1744 3625 2004 3664 reveren-

450 3697 578 3750 tiam
608 3710 785 3751 meam
817 3698 855 3760 ¹,
909 3696 1117 3765 1132
1156 3700 1283 3766 quia
1323 3706 1434 3751 tota
1469 3698 1557 3752 die
1595 3698 1844 3753 confusio
1889 3714 2007 3752 mea

447 3793 640 3839 contra
669 3801 755 3839 me
783 3787 932 3853 est”.
970 3804 990 3837 ι
1024 3786 1133 3839 Et:
1172 3804 1192 3836 ι
1228 3785 1488 3841 Confusio
1526 3787 1686 3841 faciei
1713 3803 1848 3842 mea:
1908 3804 2005 3842 co-

446 3875 666 3943 operuit
685 3889 772 3928 me
790 3875 829 3927 ³.
860 3893 878 3925 ι
902 3874 1180 3944 Ejusmodi
1210 3874 1376 3944 igitur
1397 3876 1572 3944 pudor
1603 3876 1718 3931 sive
1742 3891 2007 3931 verecun-

450 3965 538 4019 dia
578 3966 737 4034 plane
775 3964 916 4019 bona
956 3972 1061 4028 est,
1095 3979 1220 4019 cum
1262 3965 1563 4020 secundum
1599 3967 1768 4020 Deum
1819 3966 1909 4027 sit,
1947 3976 2010 4021 ut

450 4072 572 4124 qua:
601 4055 877 4111 hominem
905 4054 1131 4109 adducit
1158 4054 1229 4109 ad
1265 4056 1663 4125 paenitentiam,
1689 4072 1754 4111 ac
1779 4058 2008 4125 proinde

450 4162 562 4199 non
595 4143 928 4199 mediocrem
966 4143 1129 4198 affert
1159 4144 1355 4199 animae
1389 4144 1664 4199 fiduciam.
1697 4146 1796 4199 Est
1829 4156 2011 4199 autem

449 4245 507 4291 et
528 4236 700 4290 altera
733 4234 1073 4290 confusionis
1098 4234 1214 4289 sive
1239 4235 1589 4289 verecundia:
1619 4236 1834 4305 species
1856 4236 2011 4305 plane

451 4327 611 4381 noxia
640 4341 703 4381 ac
726 4326 1140 4390 detrimentosa,
1170 4325 1471 4380 secundum
1503 4324 1867 4395 Scripturam,
1890 4342 2013 4395 qua:

2097 459 2193 497 κεν
2235 443 2345 513 γὰρ
2394 444 2488 497 xui
2528 443 2623 496 ἐπὶ
2663 442 2852 513 θύραις
2899 444 3069 496 ἐστίν.
3122 444 3314 498 Ἔστιν
3347 444 3407 497 δὲ
3455 445 3488 514 ἡ
3528 448 3649 498 κατά

2096 532 2229 585 Θεδν
2258 533 2510 602 αἰσχύνη,
2545 530 2638 584 τοῦ
2672 532 2747 602 μὴ
2777 530 2981 601 τολμᾷν
3010 532 3146 595 ὅλως
3177 531 3465 585 ἀνανεύειν
3501 533 3650 600 αὐτῷ,

2098 621 2193 673 καὶ
2222 620 2698 690 παρρησιάζεσθαι
2722 620 2952 673 ἐνώπιον
2978 620 3071 673 τοῦ
3096 619 3252 683 Θεοῦ,
3275 619 3370 672 διὰ
3395 621 3464 672 τὰ
3496 620 3650 691 πλήθη

2096 711 2206 763 τῶν
2258 710 2447 764 κακῶν
2494 704 2571 764 ὧν
2606 711 2821 775 ἑαυτοῖς
2868 710 3341 781 συγγινώσκομεν.
3396 713 3505 766 Καὶ
3545 713 3650 766 ὅταν

2099 796 2191 854 οὗν
2223 800 2447 870 ἀτιμίαν
2490 799 2614 853 τινά
2646 801 2798 873 παρά
2846 801 3149 873 ἀνθρώπων
3191 803 3480 873 πάθωμεν,
3508 804 3651 869 εὐθὺς

2096 889 2197 958 τῆς
2224 891 2373 960 παρά
2395 888 2536 942 Θεοῦ
2570 890 2727 959 δόξης
2752 891 2850 962 τὴν
2878 891 3146 962 ἐπιφορὰν
3179 894 3548 962 ἐννοήσωμεν,
3573 896 3651 947 xui

2097 980 2434 1049 εὐχαρίστως
2465 980 2529 1033 δι’
2568 982 2845 1051 ὑπομονῆς
2876 981 3179 1053 δεξώμεθα.
3224 983 3404 1053 Ὑπὲρ
3443 985 3547 1054 γάρ
3572 983 3651 1038 τεῦ

2098 1070 2467 1139 συμφέροντος
2500 1072 2633 1150 ἡμῖν
2663 1072 2859 1139 ἐπάγει
2886 1075 2913 1125 ὁ
2939 1072 3072 1136 Θεός
3090 1089 3105 1103 ·
3141 1074 3232 1126 καὶ
3259 1075 3357 1126 ἐπὶ
3384 1077 3452 1144 τῇ
3481 1076 3652 1144 ἀτιμίᾳ

2095 1158 2293 1215 ἄλυποι
2325 1161 2417 1213 καὶ
2456 1162 2719 1231 ἀτάραχοι
2766 1161 3024 1231 ἐσόμεθα.
3074 1163 3217 1216 Πολὺ
3257 1159 3354 1216 οὖν
3388 1164 3651 1233 ὀφείλομεν

2100 1250 2364 1304 αἰδεῖσθαι
2393 1252 2484 1304 τὸν
2514 1252 2890 1321 ἀμνησίκακον
2937 1253 3162 1324 Κύριον.
3200 1254 3315 1308 Καὶ
3348 1254 3577 1324 μάλιστα
3601 1257 3652 1306 ἐν

2097 1341 2177 1410 τῷ
2204 1343 2458 1396 ἐνεστῶτι
2491 1343 2688 1413 καιρῷ,
2716 1342 2854 1397 κατά
2880 1344 2941 1396 τὸ
2970 1342 3295 1413 είρημίνονο
3326 1344 3441 1397 Kui
3466 1343 3555 1397 νῦν
3569 1345 3653 1396 οὐκ

2100 1432 2246 1485 ἐστιν
2285 1435 2417 1502 ἡμῖν
2461 1433 2670 1498 ἀνοῖξαι
2697 1432 2757 1487 τὸ
2808 1433 3001 1502 στόμα,
3061 1434 3293 1503 αἰσχύνη
3337 1434 3436 1487 καὶ
3476 1434 3654 1496 ὄνειδος

2100 1522 2438 1593 ἐγενήθημεν
2468 1526 2581 1587 τοῖς
2631 1524 2839 1586 δούλοις
2885 1540 3002 1588 σου,
3050 1525 3143 1577 xui
3189 1527 3303 1587 τοῖς
3358 1524 3653 1594 σεϐομένοις

2104 1629 2183 1666 σε.
2217 1612 2306 1682 Τῷ
2345 1614 2454 1683 γὰρ
2475 1614 2664 1683 Κυρίῳ
2689 1613 2767 1684 τῷ
2791 1612 2909 1683 Θεῷ
2938 1612 3093 1683 ἡμῶν
3117 1616 3150 1682 ἡ
3176 1614 3515 1682 δικαιοσύνη,
3542 1616 3654 1682 ἡμῖν

2100 1703 2157 1757 δὲ
2201 1704 2235 1776 ἡ
2276 1706 2505 1775 αἰσχύνη
2550 1706 2660 1758 τῶν
2704 1704 3013 1778 προσώπων
3048 1705 3226 1775 ἡμῶν,
3268 1705 3349 1770 ὡς
3403 1707 3437 1775 ἡ
3490 1705 3656 1774 ἡμέρα

2101 1794 2237 1866 αὕτη
2264 1796 2394 1866 ημῖν
2421 1797 2517 1850 xui
2550 1799 2664 1860 τοίς
2710 1798 2970 1869 ἄρχουσιν
3000 1798 3175 1868 ἡμῶν,
3224 1797 3324 1849 καὶ
3352 1800 3467 1860 τοῖς
3517 1796 3655 1865 βασι-

2101 1882 2348 1936 λεύουσιν
2397 1884 2591 1954 ὴμῶν·
2641 1887 2722 1939 ὅτι
2774 1887 3113 1956 ἡμάρτομεν,
3166 1886 3262 1937 καὶ
3293 1885 3654 1954 ὴνομήσαμεν,

2100 1976 2195 2029 xui
2221 1975 2602 2048 ἐξημάρτομεν
2631 1981 2689 2031 ἐν
2734 1981 2890 2041 πᾶσι,
2923 1980 3016 2033 xui
3038 1978 3145 2031 τῶν
3177 1979 3413 2051 ἐντολῶν
3452 1994 3544 2031 σου
3568 1979 3657 2031 οὐκ

2102 2067 2434 2137 ἠκούσαμεν,
2468 2067 2651 2133 καθὼς
2688 2069 2784 2122 xui
2824 2072 2855 2124 ὁ
2896 2070 3166 2141 Ἱερεμίας
3202 2069 3560 2141 προφητεύων
3597 2072 3657 2122 τὶ

2100 2156 2196 2209 νῦν
2243 2157 2375 2227 ἡμῖν
2420 2157 2724 2227 συμϐάντα,
2773 2160 2898 2211 τάδε
2974 2160 3159 2229 φησὶν,
3225 2178 3247 2211 ι
3298 2160 3655 2230 ᾞσχύνθημει

2098 2247 2183 2300 ὅτι
2226 2247 2539 2319 ἠκούσαμεν
2578 2249 2879 2319 ὀνειδισμὸν
2927 2249 3105 2320 ἡμῶν,
3157 2252 3253 2304 xui
3301 2249 3657 2317 κατεκάλυψεν

2102 2338 2291 2407 ἀτιμία
2322 2338 2385 2391 τὸ
2418 2340 2706 2408 πρόσωπον
2738 2341 2918 2410 ἡμῶν,
2954 2342 3037 2395 ὅτι
3078 2340 3331 2410 εἰσῆλθον
3365 2340 3656 2408 άλλογενεῑς

2102 2428 2181 2491 είς
2212 2430 2283 2481 τά
2314 2429 2446 2496 ἆγια
2483 2428 2663 2498 ἡμῶν,
2697 2431 2779 2493 εἰς
2819 2425 2969 2483 οἷκον
2998 2430 3224 2499 Κυρίου.
3266 2448 3285 2480 ι
3319 2430 3461 2498 Φησὶ
3493 2428 3547 2481 δέ
3575 2429 3658 2480 καὶ

2101 2520 2131 2572 ὁ
2168 2518 2349 2583 Δαυῒδ,
2401 2536 2423 2570 ι
2461 2520 2535 2572 Σὺ
2590 2521 2699 2591 γὰρ
2731 2520 3021 2589 γινώσκεις
3060 2519 3151 2573 τὸν
3192 2519 3497 2589 ὀνειδισμόν
3544 2535 3654 2587 μου,
3706 2566 3711 2570 .

2104 2610 2198 2661 xui
2228 2610 2330 2679 τὴν
2361 2610 2622 2679 αἰσχύνην
2676 2629 2801 2681 μου,
2838 2613 2933 2666 xui
2977 2611 3076 2682 τὴν
3118 2612 3387 2682 ἐντροπήν
3423 2626 3555 2679 μου·
3583 2609 3656 2661 ὅτι

2102 2699 2229 2769 ὃλην
2256 2700 2354 2769 τὴν
2382 2700 2595 2771 ἡμέραν
2631 2701 2665 2770 ή
2708 2702 2943 2773 ἐντροπή
2993 2718 3096 2772 μου
3138 2702 3259 2754 κατ’
3300 2700 3539 2754 ἐναντίον
3565 2715 3653 2767 μου

2104 2790 2273 2843 ἐστίν.
2309 2809 2328 2841 δ
2367 2790 2496 2852 Καὶ,
2538 2811 2556 2842 ι
2598 2791 2665 2844 Ἠ
2686 2791 2916 2862 αἰσχύνη
2958 2791 3051 2845 τοῦ
3084 2790 3383 2862 προσώπου
3420 2807 3516 2860 μου
3544 2789 3651 2841 ἐκά-

2103 2880 2267 2949 λυψεν
2316 2897 2405 2949 με.
2448 2898 2467 2931 ι
2516 2880 2666 2951 Αὕτη
2702 2882 2883 2935 τοίνυν
2916 2884 3065 2936 ἐστὶν
3115 2885 3147 2952 ἡ
3199 2881 3341 2953 καλὴ
3394 2881 3488 2936 xui
3530 2880 3655 2933 κατὰ

2104 2970 2235 3023 Θεὸν
2280 2971 2531 3040 αἰσχύνη,
2568 2972 2689 3041 ἥτις
2737 2973 2817 3036 είς
2872 2973 3159 3041 μετάνοιαν
3218 2973 3318 3027 xui
3367 2971 3654 3044 παρρησίαν

2109 3062 2229 3129 ἄγει
2258 3062 2347 3114 τὸν
2378 3061 2681 3129 ἄνθρωπον.
2716 3064 2904 3118 Ἔστιν
2944 3063 3003 3117 δὲ
3046 3064 3139 3116 καὶ
3185 3063 3419 3135 αἰσχύνη
3450 3062 3653 3117 ἐπιϐλα-

2107 3150 2227 3220 ϐὴς,
2261 3149 2405 3203 κατά
2427 3151 2525 3220 τὴν
2564 3150 2825 3220 λέγουσαν
2850 3153 3072 3223 Γραφήν
3092 3166 3108 3182 °
3155 3170 3176 3204 ι
3224 3154 3416 3207 Ἔστιν
3446 3151 3653 3222 αἰσχύνη

2106 3238 2383 3306 ἐπάγουσα
2444 3240 2760 3310 ἁμαρτίαν*
2843 3241 2937 3294 xui
3008 3241 3154 3294 ἐστιν
3210 3240 3479 3312 αἰσχύνη,
3543 3240 3653 3304 δόξα

2106 3329 2201 3381 xui
2262 3329 2439 3400 χάρις.
2514 3348 2535 3381 ι
2587 3329 2778 3383 Πολλοί
2860 3330 2966 3400 γὰρ
3040 3331 3423 3401 αἰσχυνόμενοι
3487 3346 3648 3393 τινας,

2107 3421 2527 3490 περιπίπτουσιν
2565 3423 2677 3484 τοῖς
2715 3421 2950 3485 δικτύοις
2977 3420 3072 3475 τοῦ
3099 3421 3370 3476 διαὸόλου.
3415 3423 3521 3476 Καὶ
3548 3423 3652 3472 ἐπι-

2108 3511 2284 3580 φέρει,
2321 3530 2340 3562 ι
2383 3511 2440 3562 '0
2494 3510 2895 3565 ἀποκαλύπτων
2939 3512 3191 3566 ἀσέϐειαν
3235 3512 3426 3577 αὐτοῦ,
3461 3513 3555 3564 ούκ
3579 3512 3653 3562 εἰ·

2106 3602 2460 3672 οδωθήσεται.
2490 3604 2547 3657 ’0
2567 3605 2622 3656 δὲ
2652 3603 3008 3675 ἐξηγούμενος
3048 3605 3142 3657 καὶ
3168 3604 3428 3675 ἐλέγχων,
3456 3605 3652 3673 ἀγαπη.
3690 3633 3695 3638 .

2109 3693 2353 3765 θήσεται.
2387 3714 2405 3746 ι
2438 3695 2555 3749 Καὶ.⁴
2594 3690 2773 3759 αὖθις,
2821 3715 2840 3748 ι
2883 3696 3100 3759 Δίκαιος
3130 3697 3324 3749 ἐαυτοῦ
3373 3698 3648 3765 κατήγορθς

2109 3788 2166 3838 ἐν
2196 3786 2558 3857 πρωτολογία.
2592 3806 2611 3839 ι
2648 3788 2759 3843 Καὶ
2793 3789 2874 3855 τὸ,
2907 3806 2926 3841 ι
2964 3790 3128 3843 Ὅσον
3162 3789 3230 3843 ἂν
3258 3790 3450 3860 χρόνον
3480 3790 3651 3841 ἄκακοι

2108 3873 2336 3943 εχωνται
2365 3878 2460 3946 τῆς
2477 3877 2842 3949 δικαιοσύνης,
2865 3881 2965 3932 ούκ
2981 3879 3451 3950 αἰσχυνθήσονται.
3465 3876 3615 3932 ³-ιῖ
3628 3877 3653 3928 δ

2108 3962 2216 4035 γὰρ
2258 3964 2459 4032 γνῶναι
2505 3968 2689 4037 νόμον,
2738 3968 2976 4032 διανοίας
3024 3973 3171 4024 ἐστὶν
3209 3971 3441 4040 ἀγαθῆς.
3496 3989 3515 4021 ι
3556 3968 3654 4020 Καὶ

2109 4056 2330 4123 ἐπάγει,
2368 4075 2387 4108 ι
2408 4057 2694 4126 Μακάριος
2725 4059 2784 4122 ὃς
2807 4062 3176 4132 καταπτήσσει
3210 4062 3390 4115 πάντα
3415 4062 3483 4115 δι’
3514 4060 3652 4113 εὐλά-

2111 4145 2280 4200 ϐειαν.
2320 4165 2338 4198 ι
2376 4150 2484 4201 Kui
2514 4148 2595 4213 τὸ,
2628 4167 2649 4200 ι
2689 4149 2973 4221 Ἑτοίμαζε
3006 4154 3085 4217 εἰς
3109 4152 3210 4224 τὴν
3239 4153 3417 4217 ἔξοδον
3445 4152 3512 4206 τὰ
3534 4150 3651 4221 ἔργα

2114 4252 2228 4290 σου.
2269 4255 2289 4287 ι
2323 4239 2454 4303 Καὶ,
2496 4256 2515 4288 ι
2563 4240 2654 4311 Μὴ
2692 4242 2984 4313 αἰσχυνθῇς
3007 4244 3338 4315 ὁμολογῆσαι
3381 4245 3467 4313 ἐφ’
3495 4245 3652 4311 ἁμαρ·

2113 4329 2254 4389 τίαις
2291 4345 2405 4381 σου.
2454 4348 2473 4380 ι
2516 4331 2853 4401 Διακρίσεως
2897 4332 3027 4399 γοῦν
3072 4335 3247 4388 δεῖται
3291 4337 3322 4388 ὁ
3368 4334 3648 4405 ἄνθρωπος.

450 4417 621 4472 dicit:
674 4435 693 4467 ι
730 4416 827 4471 Est
874 4415 1125 4470 confusio
1156 4415 1439 4471 adducens
1483 4424 1796 4484 peccatum,
1829 4429 1883 4471 et
1928 4426 2004 4472 est

2115 4420 2199 4471 ἴνα
2235 4418 2343 4489 γνῷ
2371 4418 2474 4473 ποῦ
2518 4420 2616 4490 μὲν
2648 4398 2857 4490 δφείλει
2878 4398 3232 4493 αἰσχυνθῆναι
3262 4428 3357 4479 ἐπὶ
3400 4398 3651 4496 σωτηρίας

449 4506 701 4562 confusio
743 4506 915 4577 gloria
960 4514 1015 4560 et
1046 4508 1221 4576 gratia
1250 4504 1290 4560 ‘.
1334 4525 1352 4556 ι
1397 4505 1652 4575 Plerique
1694 4506 1840 4560 enim
1879 4506 2008 4561 dum

450 4598 589 4653 alios
640 4596 892 4668 improbo
942 4596 1143 4651 timore
1187 4605 1469 4661 verentur,
1516 4596 1571 4649 in
1614 4596 1824 4650 diaboli
1874 4597 2010 4650 retia

453 4706 565 4744 non
588 4690 755 4745 semel
784 4687 1021 4743 revoluti
1052 4696 1199 4742 sunt.
1229 4687 1402 4742 Infert
1430 4706 1442 4741 :
1478 4707 1495 4738 ι
1530 4687 1635 4754 Qui
1666 4703 1773 4742 non
1805 4689 2012 4742 revelat

455 4782 788 4851 impietatem
821 4794 997 4841 suam,
1041 4794 1151 4833 non
1199 4779 1769 4849 prosperabitur;qui
1828 4787 2010 4834 autem

455 4869 679 4940 exponit
726 4875 782 4922 et
819 4864 1204 4934 reprehendit,
1256 4865 1514 4936 diligetur
1554 4865 1597 4917 ⁸.
1660 4882 1679 4914 ι
1744 4863 1952 4917 Rursus
1991 4879 2005 4914 :

462 4980 481 5011 ι
518 4960 708 5015 Justus
750 4961 1035 5010 accusator
1068 4962 1153 5009 est
1199 4954 1461 5025 suiipsius
1503 4954 1561 5007 in
1590 4951 1862 5022 principio
1890 4966 2008 5005 ser-

457 5050 634 5105 monis
683 5050 727 5102 ⁶.
788 5067 806 5099 ι
860 5046 928 5102 Ει
981 5063 994 5098 :
1051 5063 1070 5096 ι
1127 5046 1341 5113 Quanto
1396 5055 1641 5114 tempore
1691 5043 2013 5098 innocentes

455 5142 699 5211 proxime
728 5147 1035 5209 sequuntur
1059 5136 1349 5208 justitiam,
1380 5120 1491 5189 non
1532 5134 1940 5188 confundentur
1969 5135 2012 5187 ⁷.

340 5268 349 5281 .
454 5233 623 5287 Nosse
655 5233 802 5287 enim
838 5232 1033 5301 legem,
1065 5227 1266 5281 mentis
1305 5234 1390 5280 est
1430 5225 1587 5278 homo
1616 5226 1661 5278 ⁸.
1699 5245 1718 5275 ι
1761 5225 2014 5279 lnducit:

464 5343 481 5373 ι
519 5323 718 5378 Beatus
746 5322 840 5392 qui
869 5323 925 5375 in
957 5319 1214 5373 omnibus
1246 5318 1401 5372 timet
1431 5324 1657 5386 pr0pter
1688 5316 2021 5386 circumspe-

455 5415 716 5471 ctionem.
753 5434 771 5465 ι
814 5414 921 5468 Et:
964 5430 981 5462 ι
1019 5411 1267 5478 Prmpara
1298 5410 1364 5463 ad
1398 5409 1605 5466 exitum
1635 5424 1800 5478 opera
1840 5418 1951 5462 tua.
1994 5428 2011 5458 ι

2110 4512 2209 4579 τῆς
2235 4509 2428 4561 ἑαυτοῦ
2473 4510 2673 4579 ψυχῆς,
2706 4510 2810 4564 ποῦ
2844 4511 2899 4565 δὲ
2938 4515 3033 4568 xui
3069 4514 3469 4569 ἀποϐάλλεσθαι
3501 4515 3650 4580 αὐτὴν

2113 4600 2185 4663 ὡς
2214 4601 2549 4669 ἐφάμαρτον.
2586 4602 2772 4655 Ἔστιν
2800 4604 2909 4674 γὰρ
2937 4605 3198 4673 αἰσχύνης
3226 4606 3383 4676 χάριν
3405 4603 3649 4673 ἐπαγγελε

2114 4687 2335 4757 λόμενος
2363 4690 2440 4760 τῷ
2468 4692 2658 4745 ἐαυτοῦ
2688 4693 2845 4763 φίλῳ,
2875 4696 2969 4748 καὶ
2993 4696 3261 4765 ἐκτήσατο
3293 4697 3453 4750 αὑτὸν
3482 4694 3652 4765 ἐχθρὸν

2115 4776 2339 4848 δωρεάν.
2396 4778 2585 4848 Ἡμεῖς
2621 4779 2735 4847 οὖν,
2764 4782 3060 4851 ἀγαπητοὶ,
3093 4783 3191 4854 τὴν
3232 4785 3373 4838 κατά
3416 4784 3543 4838 Θεὸν
3578 4783 3651 4835 ui-

2116 4869 2317 4938 σχύνην
2367 4870 2746 4941 κατάσχωμεν,
2800 4871 3126 4941 μιμούμενοι
3170 4875 3262 4926 τὸν
3305 4875 3537 4943 τελώνην
3577 4874 3650 4923 τὸν

2115 4956 2428 5027 αἰδούμενον
2480 4960 2776 5029 ἀναϐλέψαι
2826 4964 2905 5024 εἰς
2951 4964 3040 5016 τὸν
3091 4964 3348 5032 οὐρανὸν,
3395 4964 3525 5018 ἀλλά
3569 4961 3651 5014 τύ·-

2116 5064 2317 5101 πτοντα
2343 5049 2406 5101 τὸ
2420 5048 2610 5103 ἑαυτοῦ
2631 5050 2847 5120 στῆθος,
2874 5056 2969 5106 xui
2987 5053 3263 5120 λέγοντα,ι
3288 5054 3346 5107 'O
3375 5054 3522 5117 Θεὸς,
3556 5053 3652 5103 ἰλά-

2116 5140 2273 5210 σθητί
2307 5158 2395 5210 μοι
2411 5141 2488 5210 τῷ
2514 5143 2856 5214 ἁμαρτωλῷ·
2890 5163 2909 5196 ι
2940 5145 3025 5199 ἵνα
3060 5147 3154 5198 καὶ
3176 5148 3273 5215 τῆς
3302 5146 3540 5214 ἀφέσεως
3560 5141 3652 5194 τῶν

2116 5230 2400 5300 ἁμαρτιῶν
2446 5233 2643 5301 ὁμοίως
2682 5233 2934 5304 τύχωμεν
2983 5238 3040 5288 ἐν
3093 5236 3311 5306 Χριστῷ
3368 5234 3540 5305 Ἰησοῦ
3586 5228 3651 5299 τῷ

2119 5321 2306 5391 Κυρίῳ
2353 5321 2528 5391 ἡμῶν.
2569 5316 2640 5392 ᾯ
2674 5325 2707 5393 ἡ
2746 5324 2872 5388 δόξα
2911 5327 3003 5378 xui
3046 5327 3107 5379 τὸ
3158 5328 3377 5397 κράτος,
3426 5327 3500 5388 εἰς
3542 5320 3650 5379 τοὺς

2118 5409 2338 5472 αἰῶνας.
2381 5411 2572 5480 Ἀμήν.

524 5530 569 5560 ”
605 5529 807 5583 εἰει-ειη.
836 5543 904 5583 ιι.
934 5528 1018 5581 51.
1097 5530 1111 5559 ⁸
1153 5526 1292 5581 Psal.
1333 5542 1521 5589 vam,
1547 5527 1637 5580 20.
1713 5528 1733 5555 ¹
1774 5525 1914 5577 Psal.
1953 5540 2112 5588 xum,
2150 5526 2232 5579 l6.
2308 5526 2327 5557 ³
2369 5526 2506 5581 ibid.
2578 5527 2599 5558 ⁸
2634 5528 2801 5582 Eccli.
2835 5546 2915 5594 iv,
2948 5530 3035 5583 25.
3112 5533 3130 5562 '
3172 5515 3331 5583 Prov.
3364 5543 3540 5589 τιν-ιιι,
3574 5522 3646 5577 IL

460 5597 481 5627 ⁸
518 5598 675 5651 Prov.
712 5614 857 5663 xvm,
889 5598 970 5650 i7.

1050 5598 1067 5627 '
1108 5598 1263 5651 Prov.
1292 5613 1395 5661 χχι,
1428 5596 1516 5650 2|.
1591 5598 1611 5627 ⁸
1650 5596 1816 5650 Eccli.
1845 5610 2005 5656 xxxii,
2040 5596 2124 5648 l‘).
