3986 6148
408 208 538 318 Ῑὺ37
1350 255 1555 316 ΤΗΟΜΙ
1566 256 1686 316 LIA
1711 256 1896 315 ;LXX.
1925 281 1967 290 -

2068 255 2114 312 E
2148 242 2668 315 HUMILITATE.
3504 256 3640 318 1638

396 367 508 421 Et:
547 386 565 418 ι
620 365 696 421 Ne
744 359 1092 419 confundaris
1150 362 1406 419 conliteri
1456 372 1680 434 peccata
1727 373 1820 419 tua
1853 366 1896 417 '.
1939 384 1970 415 η»
2004 363 2123 418 Non
2173 357 2440 417 mediocri
2474 372 2613 427 opus
2642 358 2850 414 homini
2892 368 2979 416 est
3032 361 3234 414 lumine
3266 360 3638 423 discretionis.

400 469 462 515 ut
504 459 655 513 norit
702 453 795 511 ubi
826 456 1022 511 debeat
1072 456 1484 526 suppudescere
1514 465 1569 510 et
1633 455 2000 510 circumfundi
2037 455 2393 518 verecundia,
2438 464 2559 521 quae
2605 451 2671 505 ad
2712 452 2910 505 animae
2955 466 3067 505 sua:
3136 461 3454 527 promoveat
3489 451 3636 504 salu-

395 563 532 615 tem,
568 551 658 605 ubi
686 556 877 603 contra
910 546 1108 601 debeat
1133 561 1255 601 eam
1294 562 1325 601 a
1356 562 1413 602 se
1445 547 1711 601 recellere
1775 561 1839 599 ac
1870 546 2198 615 propellere,
2230 545 2377 615 quod
2446 542 2510 596 ad
2541 552 2825 612 peccatum
2894 541 3078 596 ducat.
3121 541 3306 594 Liceat
3377 541 3518 594 enim
3550 541 3625 593 in—

394 640 595 693 venire
618 637 712 706 qui
745 636 1040 706 pollicetur
1061 636 1285 706 quidem
1340 636 1610 706 suiipsius
1637 635 1817 690 amico
1846 635 2141 690 verecundi
2205 634 2433 705 pudoris
2478 633 2738 703 gratiam,
2792 632 3178 700 ‘deniquceum
3202 631 3381 700 ipsum
3404 631 3640 684 sortitus

388 727 641 798 gratuito
693 727 1000 782 inimicum.
1047 727 1158 782 Nos
1234 726 1424 798 igitur,
1484 726 1863 789 dilectissimi,
1913 742 2032 781 eam
2068 727 2417 781 verecundiae
2471 726 2714 795 speciem
2766 738 2867 795 pro
2911 723 3052 776 virili
3098 722 3260 776 nobis
3306 723 3638 777 asciscamus

388 834 522 889 quae
556 819 861 874 secundum
907 819 1079 874 Deum
1114 827 1220 884 est,
1250 818 1448 872 imitati
1494 816 1777 887 publicani
1816 816 1967 871 illius
2004 816 2333 885 exemplum,
2365 816 2457 885 qui
2488 817 2576 870 vel
2640 818 2695 870 in
2757 816 2955 871 coelum
2984 814 3263 883 suspicere
3296 822 3352 866 et
3388 814 3638 867 attollere

385 910 593 964 oculos
664 908 982 975 verebatur,
1062 908 1286 963 interim
1334 923 1496 963 suum
1536 907 1784 962 tundens
1826 915 2039 975 pectus,
2079 906 2275 976 hisque
2318 922 2482 961 orans
2520 907 2701 960 veritis
2731 923 2743 958 :
2777 925 2794 956 ι
2826 906 2994 965 Deus,
3028 902 3300 972 prepitius
3343 910 3460 955 esto
3504 899 3636 954 mihi

378 997 699 1065 ,peccatori,
734 1015 753 1047 ι
790 1006 850 1051 ιιι
879 998 1028 1051 illius
1058 997 1310 1067 exemplo
1345 996 1650 1051 absolutam
1690 1004 2038 1065 peccatorum
2077 996 2458 1051 remissionem
2510 1011 2823 1049 mereamur
2862 994 3099 1063 assequi,
3154 994 3208 1047 in
3243 992 3468 1048 Christo
3504 989 3635 1051 Iesu

386 1090 635 1144 Domino
663 1098 856 1144 nostro
882 1108 895 1144 :
926 1090 1017 1144 cui
1042 1089 1217 1159 gloria
1259 1097 1314 1144 et
1341 1089 1634 1159 imperium
1680 1089 1737 1143 in
1774 1089 1972 1144 saecula
2008 1089 2355 1145 saeculorum.
2398 1090 2593 1143 Amen.

1021 1183 1238 1237 ΛΟΓΟΣ
1275 1185 1350 1237 0'.

805 1275 945 1343 Περὶ
984 1273 1563 1344 ταπεινοφροσύνης.

482 1363 551 1416 Ἤ
581 1363 1049 1434 ταπεινοφροσύνῃ
1082 1363 1352 1431 ὑψιπετεῖ,
1382 1363 1471 1416 καὶ
1504 1364 1802 1433 ἀεροπὸρον
1830 1362 1968 1414 ἀπο·-

388 1451 550 1504 τελεί
578 1452 668 1504 τὸν
702 1450 1005 1521 ἄνθρωπον.
1045 1451 1204 1503 Ὅσον
1235 1451 1341 1521 γάρ
1367 1467 1449 1513 τις
1482 1451 1676 1502 ἑαυτὸν
1705 1452 1966 1513 ταπεινοῖ,

393 1542 817 1607 πολλαπλασίως
859 1539 984 1610 ὑψοῖ
1012 1542 1174 1594 αὑτὸν
1212 1545 1239 1594 ό
1268 1540 1399 1603 Θεός
1419 1557 1435 1571 ·
1471 1539 1653 1604 καθὼς
1686 1542 1781 1594 καὶ
1811 1542 1839 1593 ὁ
1877 1539 1968 1591 τοῦ

392 1634 540 1686 Θεοῦ
589 1632 873 1700 συνὸμιλος
929 1632 1175 1701 Μιυῦσῆς.
1209 1629 1685 1700 ταπεινοφρονῶν,
1724 1634 1823 1681 οὑκ
1865 1630 1971 1681 ἀπ·-

392 1722 660 1775 εὸάλλετο
674 1722 771 1790 τὴν
796 1720 1125 1790 συμϐουλίαν
1142 1718 1235 1773 τοῦ
1262 1719 1508 1789 γαμϐροῦ
1530 1719 1697 1772 αὑτοῦ
1733 1717 1933 1788 ἰὡθωρ
1953 1759 1967 1782 ,

390 1807 578 1861 καίτοι
624 1806 762 1877 μετὰ
815 1804 1087 1868 τοσαύτας
1130 1804 1450 1874 θεοφανίας,
1509 1803 1625 1856 ἀλλ’
1676 1805 1776 1856 ὅσα
1819 1800 1970 1855 εἶπεν

390 1897 574 1967 αὐτῷ,
603 1896 856 1965 εποίησεν
880 1913 891 1925 ·
925 1894 1006 1947 διὸ
1052 1897 1141 1948 καὶ
1174 1897 1202 1947 ό
1249 1894 1380 1958 Θεὸς
1409 1894 1571 1946 αὑτὸν
1614 1891 1970 1965 ὑπερύψωσεν

394 1988 555 2057 παρὰ
588 1987 795 2049 πάντας
827 1988 951 2050 τοὺς
984 1985 1079 2038 ἐπὶ
1122 1986 1248 2054 γῆς.
1299 1984 1528 2055 Ὁμοίως
1571 1985 1626 2037 δὲ
1671 1986 1766 2038 καὶ
1810 1987 1839 2037 ὁ
1872 1985 1971 2036 Γε-

387 2077 536 2130 δεὼν
582 2077 900 2145 ἀπελογεῖτο
954 2077 1161 2149 μετρίῳ
1236 2082 1542 2150 φρονήματι
1601 2081 1679 2152 τῷ
1733 2080 1971 2152 Ἐφραῒμ

389 2167 596 2234 λέγων,
634 2184 652 2216 ι
686 2166 752 2218 Τί
791 2167 1022 2238 ἐποίησα
1060 2168 1155 2220 νῦν
1185 2167 1367 2232 καθὼς
1398 2169 1553 2239 ὑμεῖς
1578 2171 1903 2239 ὲποιήσατε;
1935 2169 1968 2238 ἢ

388 2258 519 2327 οὐχὶ
573 2259 837 2328 κρείττων
900 2258 1185 2326 ἐπιφυλλὶς
1255 2258 1527 2330 Ἐφραῒμ,
1600 2261 1633 2331 ἢ
1701 2262 1970 2330 τρυγητὸς

404 2346 692 2419 Ἀὅιέζερ;
745 2351 802 2400 ἐν
853 2349 999 2420 χειρὶ
1044 2347 1197 2420 ὑμῶν
1242 2351 1556 2421 παρέδωκεν
1605 2351 1810 2420 Κύριος
1846 2352 1970 2414 τοὺς

382 2440 667 2510 ἁρχοντας
720 2440 974 2509 Μαδιάμο
1009 2443 1102 2494 καὶ
1134 2441 1184 2494 τί
1220 2442 1490 2513 ἠδυνήθην
1519 2444 1738 2515 ποιῆσαι
1786 2441 1971 2503 καθὼς

1998 1186 2048 1242 Δ

2612 1179 2899 1236 ΗΟΜΠᾸΑ
2935 1178 3100 1234 LXX.

2316 1269 2394 1323 De
2424 1272 2688 1326 modestia
2732 1271 2901 1324 animi
2939 1270 3044 1322 sive
3075 1266 3388 1322 humilitate.

2133 1360 2399 1416 Modestia
2439 1363 2609 1416 animi
2639 1378 2758 1417 sese
2798 1362 2947 1415 ultro
2989 1360 3342 1425 dimittentis,
3389 1360 3504 1415 sive
3528 1360 3636 1414 hu-

2064 1444 2292 1511 militas,
2332 1447 2611 1502 hominem
2646 1448 2931 1501 altivolum
2985 1445 3151 1501 eﬂicit
3198 1456 3253 1501 et
3297 1449 3631 1519 aeriragum.

2038 1534 2282 1600 "Quanto
2314 1536 2461 1590 enim
2501 1538 2626 1606 quis
2664 1553 2721 1590 se
2746 1537 2894 1590 infra
2938 1536 3145 1606 dejicit,
3193 1545 3341 1590 tanto
3370 1537 3515 1592 hunc
3545 1556 3637 1592 st:-

2068 1625 2290 1681 blimius
2335 1627 2593 1682 subvehit
2638 1628 2783 1682 Deus
2816 1635 2871 1681 et
2909 1627 3128 1682 allevat.
3162 1627 3262 1682 'Sic
3306 1626 3504 1689 Moses,
3543 1630 3637 1698 qui

2065 1716 2180 1771 Deo
2216 1725 2330 1771 tam
2377 1717 2722 1772 familiariter
2749 1718 3236 1787 congrediebatur.
3280 1718 3379 1773 Hic
3428 1728 3635 1784 tantus,

2067 1804 2137 1860 de
2177 1822 2236 1861 se
2281 1822 2406 1861 cum
2447 1807 2855 1862 modestissime
2889 1807 3144 1873 sentiret,
3181 1808 3473 1863 consilium
3499 1824 3639 1864 neu—

2071 1894 2278 1966 tiquam
2315 1906 2604 1952 aversatus
2646 1909 2732 1952 est
2781 1899 2865 1952 sui
2919 1901 3095 1953 soceri
3146 1900 3357 1960 Jethro,
3420 1901 3635 1953 tametsi

2070 1994 2220 2041 tanta
2244 1989 2405 2058 prius
2426 1989 2643 2055 fuisset,
2670 2005 2863 2058 nempe
2882 1990 3283 2060 augustissima
3304 1989 3401 2045 Dei
3427 1990 3637 2044 visione

2068 2077 2392 2147 perfruitus.
2423 2079 2624 2133 Verum
2652 2080 2990 2148 quaecunque
3021 2078 3109 2132 ille
3142 2085 3508 2147 suggesserat,
3545 2077 3639 2135 hic

2067 2168 2286 2236 ellecit‘;
2326 2183 2503 2237 eoque
2558 2168 2735 2238 ipsum
2763 2169 2911 2223 Deus
2952 2178 3154 2238 prteter
3183 2178 3413 2223 caeteros
3447 2183 3638 2222 omnes

2068 2255 2164 2326 qui
2217 2255 2271 2309 in
2326 2263 2471 2309 terra
2522 2254 2904 2320 morabantur,
2955 2255 3137 2308 evexit
3183 2255 3239 2309 in
3294 2255 3529 2311 sublime
3569 2255 3635 2308 ιο.

2069 2343 2225 2399 liaud
2265 2360 2427 2400 secus
2472 2343 2697 2400 Gedeon
2748 2344 3116 2415 respondebat
3153 2346 3317 2399 tribui
3349 2346 3633 2415 Ephraim,

2070 2436 2354 2492 moderata
2384 2453 2517 2493 usus
2555 2446 2609 2492 et
2653 2454 2722 2492 eo
2758 2440 3153 2507 opportuniore
3184 2439 3477 2508 prudentia
3506 2439 3634 2492 dum

394 2532 595 2599 ύμεῖς;
645 2550 663 2582 ι
709 2529 906 2583 Καίτοι
974 2547 1034 2598 γε
1077 2532 1223 2603 αὑτῷ
1262 2533 1359 2603 τὴν
1404 2533 1561 2603 νίκην
1592 2534 1904 2605 ἐδωρήσατο
1941 2537 1967 2587 ὁ

2068 2529 2244 2583 dicit:
2281 2544 2303 2581 ί
2354 2529 2495 2596 Quid
2541 2531 2649 2585 feci
2693 2546 2838 2585 nunc
2875 2539 2931 2584 ut
2970 2546 3067 2583 vos
3105 2531 3348 2584 fecistis?
3379 2531 3636 2599 Nunquid

392 2621 531 2684 Θεὸς
575 2624 632 2673 ὲν
675 2626 788 2684 τοῖς
835 2623 1167 2693 τριακοσίοις
1202 2624 1448 2693 ἀνδράσι.
1508 2624 1648 2677 Ἀλλ’
1686 2628 1715 2677 ὁ
1764 2624 1969 2688 δίκαιος

382 2710 484 2760 τδιὰ
525 2708 624 2778 τῆς
651 2711 1150 2783 ταπεινοφροσύνης
1185 2712 1533 2765 κατέσπασεν
1560 2712 1651 2765 τὸν
1684 2712 1854 2782 θυμὸν
1882 2713 1973 2764 αὑ-

394 2800 529 2853 τῶν⁴
564 2800 671 2853 Καὶ
712 2801 817 2870 πρὸ
860 2801 1049 2854 τούτου
1077 2800 1211 2873 πρὸς
1239 2805 1328 2855 τὸν
1370 2802 1598 2872 ἄγγελον
1619 2802 1827 2871 ἔλεγεν,
1874 2804 1970 2866 Τίς

390 2890 515 2960 είμι
544 2890 676 2958 ἐγὼ,
723 2890 755 2961 ἢ
801 2893 828 2944 ὁ
852 2886 996 2955 οἶκος
1024 2892 1117 2945 τοῦ
1167 2894 1369 2964 πατρός
1411 2911 1543 2963 μους
1581 2895 1614 2964 ἡ
1660 2893 1833 2964 χιλιάς
1868 2911 1968 2964 μου

395 2977 760 3048 ταπεινοτέρα
800 2981 858 3030 ἐν
886 2979 1172 3050 Μανασσῇ.
1225 2979 1386 3048 Λέγει
1426 2980 1483 3032 δὲ
1521 2980 1614 3032 καί
1651 2997 1736 3041 τις
1773 2979 1965 3048 σοφός·

394 3086 420 3119 4
467 3069 633 3120 Ὅσον
665 3068 837 3137 μέγας
883 3066 953 3133 ei,
998 3069 1249 3123 τοσοῦτον
1283 3068 1539 3123 ταπεινοῦ
1584 3070 1829 3134 σεαυτὸν,
1877 3071 1970 3122 κοιλ⁹

398 3160 583 3211 ἔναντι
629 3160 832 3229 Κυρίου
862 3160 1113 3230 εὑρήσεις
1139 3160 1319 3231 χάριν,
1359 3179 1377 3212 ι
1422 3159 1504 3213 ὅτι
1532 3160 1706 3213 πάντα
1739 3158 1805 3211 τὰ
1836 3158 1971 3228 ἔργα

396 3248 496 3303 τοῦ
524 3247 801 3313 ταπεινοῦ,
834 3252 1043 3321 φανερὰ
1086 3253 1234 3321 παρὰ
1269 3253 1494 3322 Κυρίου.
1531 3252 1641 3305 Καὶ
1686 3251 1863 3322 στόμα
1882 3266 1971 3303 τα-

401 3339 590 3396 πεινοῦ
636 3342 836 3413 μελετᾷ
888 3343 1100 3412 σοφίαν.
1155 3342 1381 3407 Σύνεσις
1425 3344 1481 3397 δὲ
1529 3343 1742 3413 ἀγαθὴ,
1784 3342 1969 3395 δίδωσι

400 3436 581 3503 χάριν.
629 3434 688 3486 '0
715 3434 772 3485 δὲ
804 3435 1100 3504 Ψαλμῳδός
1129 3451 1291 3504 φησιν
1316 3451 1329 3464 ’
1356 3454 1374 3486 ι
1427 3435 1568 3503 Ἐγὼ
1600 3435 1654 3486 δέ
1682 3436 1795 3504 είμι
1827 3434 1970 3489 σκώ-

401 3525 523 3594 λῃξ,
567 3526 662 3577 καὶ
708 3526 809 3578 οὐκ
858 3525 1176 3595 ἅνθρωπος,
1235 3524 1434 3588 ὖνειδος
1478 3524 1818 3594 ἀνθρώπων,
1876 3527 1970 3579 καὶ

401 3612 745 3681 ὲξουδέειωρια
773 3613 923 3667 λαοῦ.
981 3633 999 3665 ι
1047 3615 1156 3667 Καὶ
1188 3613 1372 3676 πάλιν,
1407 3630 1427 3664 ι
1478 3614 1621 3666 Ὠσεὶ
1652 3614 1818 3686 τέρας
1848 3617 1970 3684 ἐγε-

399 3704 573 3775 νήθην
597 3709 704 3767 τοῖς
743 3705 974 3768 πολλοῖς,
1017 3705 1112 3759 καὶ
1144 3705 1208 3758 σὺ
1243 3704 1433 3775 βοηθός
1471 3722 1571 3777 μου
1621 3707 1900 3777 κραταιός.
1944 3725 1963 3759 ι

410 3799 474 3851 '0
506 3798 881 3869 ταπεινόιρρων
908 3798 1001 3852 καὶ
1045 3798 1204 3868 ἔργον
1248 3798 1387 3869 ἒχων
1426 3799 1816 3869 πνευματικὸν,
1842 3799 1971 3853 ἀνα-

396 3886 686 3957 γινώσκων
722 3890 819 3951 τὰς
846 3888 994 3951 θείας
1020 3889 1265 3960 Γραφὰς,
1290 3888 1467 3942 πάντα
1508 3891 1585 3953 είς
1616 3889 1810 3943 ἑαυτὸν
1834 3892 1963 3956 νοεῖ,

398 3978 624 4041 καὶούκ
657 3980 735 4042 είς
775 3979 868 4033 τὸν
897 3979 1099 4050 ἕτερον.
1163 3981 1289 4034 Ἐὰν
1319 3974 1411 4032 οὖν
1455 3978 1696 4049 θέλωμεν
1732 3980 1811 4050 τῷ
1855 3981 1965 4034 ὄντι

398 4070 767 4141 εὐαρεστῆσαι
796 4070 934 4141 Θεῷ,
967 4073 1061 4125 καὶ
1106 4071 1205 4139 τὴν
1249 4073 1676 4142 μακαριωτάτην
1710 4072 1968 4143 φιλιωθῆ-

397 4180 493 4217 ναι
540 4163 742 4231 φιλίαν,
785 4163 988 4233 γυμνὸν
1018 4162 1109 4215 τὸν
1147 4161 1270 4215 νοῦν
1309 4162 1465 4232 ἡμῶν
1507 4164 1963 4234 παραστήσωμεν,

401 4250 573 4321 μηδὲν
613 4244 1005 4323 ἐπισυρόμενον
1044 4251 1136 4304 τοῦ
1181 4252 1441 4320 παρόντος
1479 4251 1691 4315 αἰῶνος,
1731 4255 1805 4322 μή
1847 4270 1965 4305 τινα

395 4341 772 4411 τεχνάσματα,
794 4341 827 4411 ἢ
854 4341 1183 4412 σοφίσματα,
1214 4341 1248 4411 ἢ
1275 4340 1637 4409 δικαιολογίαν
1659 4359 1672 4373 ⁸
1700 4345 1966 4417 ἀποστρέ-

398 4445 559 4497 φεται
592 4429 698 4498 γὰρ
726 4428 786 4480 τὸ
809 4430 962 4481 Θείον
998 4429 1122 4491 τοὺς
1170 4428 1308 4500 μετὰ
1353 4430 1675 4499 οίηματικοῦ
1704 4431 1799 4483 τοῦ
1839 4432 1964 4501 τρό-

398 4534 504 4570 που
538 4517 725 4570 τούτου
758 4518 1228 4589 προσερχομένους
1260 4519 1423 4588 αὐτῷ.
1486 4520 1609 4573 Ἐὰν
1655 4519 1763 4590 γάρ
1794 4520 1967 4574 θεοσε-

398 4608 502 4679 ϐὴς
533 4611 623 4662 καὶ
645 4611 1018 4681 ταπεινόφρων
1037 4612 1270 4683 ὑπάρχει
1298 4628 1406 4676 τις,
1437 4616 1530 4666 καὶ
1563 4612 1637 4684 μὴ
1673 4614 1965 4684 ὑπεραιρό-

400 4717 562 4771 μενος
611 4702 907 4773 σωματικῷ
962 4702 1144 4773 ὂγκῳ,
1201 4705 1412 4773 μήποτε
1472 4704 1961 4775 προπετευόμενος,

398 4788 534 4841 ἀλλὰ
566 4790 936 4859 κατεαγμένος
969 4794 1036 4862 τῇ
1080 4792 1295 4865 καρδία,
1328 4792 1420 4845 καὶ
1451 4792 1796 4864 λογιζόμενος
1833 4795 1963 4847 ἑαυ-

396 4882 490 4935 τὸν
520 4881 736 4951 ἀχρεῖον
764 4881 946 4934 δοῦλον
977 4879 1135 4945 εἶναι,
1170 4882 1291 4934 τότε
1327 4882 1609 4937 ὲπιϐλὲπει
1647 4886 1738 4936 καὶ
1769 4886 1966 4936 ἐνοικεῖ

397 4978 431 5045 ἡ
468 4976 626 5049 χάρις
653 4975 747 5029 τοῦ
783 4975 940 5029 Θεοῦ.
985 4975 1267 5046 ’Δληθινῆς
1313 4975 1420 5046 γὰρ
1464 4976 1963 5046 ταπεινοφροσύνης

398 5067 704 5137 γνώρισμα,
733 5069 794 5121 οὑ
827 5068 886 5121 τὸ
917 5066 1094 5138 ἑαυτῷ
1141 5065 1424 5136 καταχέειν
1478 5066 1682 5137 ῦὸρεις,
1729 5066 1863 5119 ἀλλὰ
1902 5067 1964 5120 τὸ

2069 2634 2180 2673 non
2220 2620 2416 2674 melior
2446 2628 2532 2675 est
2575 2620 2884 2674 racemulus
2928 2620 3191 2688 Epltraim
3232 2636 3393 2688 quam
3441 2620 3637 2673 vinde-

2070 2706 2178 2761 mia
2213 2707 2484 2764 Abiezcr?
2512 2709 2570 2763 In
2602 2709 2861 2763 manibus
2885 2707 3083 2762 vestris
3114 2708 3339 2762 tradidit
3370 2709 3639 2762 Dominus

2068 2800 2349 2869 principes
2392 2800 2626 2854 Madian.
2674 2799 2883 2869 Ecquid
2921 2800 3031 2853 tale
3058 2798 3240 2854 facere
3269 2798 3445 2868 potui,
3476 2799 3637 2867 quale

2068 2904 2170 2945 vos
2206 2890 2290 2944 “?
2315 2910 2333 2942 ι
2357 2890 2521 2959 Atqui
2547 2890 2679 2943 huic
2702 2890 2845 2942 Deus
2868 2903 2988 2942 eam
3013 2886 3323 2942 contulerat
3347 2889 3633 2941 victoriam

2074 2980 2285 3050 1133
2306 2981 2360 3033 in
2381 2980 2640 3034 trecentis
2657 2979 2810 3033 viris.
2841 2978 3110 3033 Caeterum
3134 2980 3316 3049 justus
3344 2979 3435 3033 hic
3456 2979 3640 3033 mode-

2070 3072 2174 3127 stia
2202 3087 2268 3125 ac
2305 3072 2534 3126 lenitate
2565 3070 2813 3140 responsi
2863 3068 3150 3123 excitatam
3188 3070 3323 3123 iram
3372 3070 3639 3140 repressit

2070 3178 2136 3217 ac
2164 3162 2393 3227 sedavit,
2423 3163 2555 3232 quin
2590 3162 2746 3232 prius
2788 3162 3072 3230 aliquanto
3103 3162 3296 3229 angelo
3333 3162 3635 3232 respondit,

2068 3254 2203 3319 Quis
2247 3269 2367 3308 sirm
2395 3269 2517 3324 ego,
2575 3262 2671 3309 aut
2722 3270 2841 3323 qua:
2891 3261 2977 3307 est
3029 3255 3225 3307 domus
3265 3253 3435 3321 patris
3489 3254 3639 3308 mei?

2068 3344 2406 3399 Millenarius
2438 3360 2593 3399 meus
2624 3345 2889 3415 abjectior
2932 3352 3013 3398 est
3057 3352 3113 3397 et
3142 3344 3402 3396 humilior
3438 3345 3493 3397 in
3524 3345 3637 3398 Ma-

2069 3450 2228 3491 nasse
2262 3436 2324 3490 ".
2372 3434 2621 3505 Sapiens
2651 3434 2871 3505 quidem
2920 3433 3096 3487 dicit:
3136 3450 3153 3483 ι
3211 3432 3426 3499 Quanto
3465 3438 3638 3506 major

2069 3542 2148 3592 es,
2192 3535 2345 3580 tanto
2380 3525 2611 3579 humilia
2672 3524 2929 3594 teipsum,
2964 3533 3020 3578 et
3046 3539 3248 3578 .coram
3283 3526 3516 3579 Domino
3548 3526 3637 3580 in-

2069 3616 2262 3670 venies
2293 3616 2634 3685 gratiam".»
2669 3614 2803 3668 Nam
2818 3629 2982 3683 opera
3007 3615 3188 3669 omnia
3208 3616 3548 3671 humiliantis
3578 3634 3637 3672 se

2071 3704 2359 3757 manifesta
2404 3715 2532 3758 sunt
2569 3713 2627 3758 et
2653 3703 2951 3770 conspicua
2988 3704 3164 3758 oculis
3209 3705 3425 3758 Domini
3460 3706 3523 3759 ”.
3563 3705 3637 3760 Os

2070 3794 2220 3849 enim
2266 3793 2473 3848 humile
2506 3793 2805 3849 meditatur
2840 3794 3161 3863 sapientiam
3201 3796 3279 3860 ἐς
3325 3796 3636 3850 intellectus

2071 3893 2253 3939 autem
2281 3884 2460 3938 bonus
2488 3885 2583 3939 dat
2614 3884 2843 3954 gratiam
2882 3886 2946 3939 ¹⁸.
2991 3885 3082 3939 Ait
3118 3885 3247 3939 item
3297 3887 3507 3941 Psaltes
3552 3904 3655 3941 rev

2065 3976 2227 4046 gius:
2268 3993 2286 4024 ι
2328 3973 2442 4044 Ego
2470 3983 2657 4029 autem
2701 3990 2822 4028 sum
2848 3975 3051 4029 vermis
3082 3982 3138 4028 et
3167 3990 3274 4029 non
3312 3976 3498 4039 homo,
3533 3992 3635 4045 op-

2065 4064 2351 4136 probrium
2375 4066 2658 4120 hominum
2687 4071 2743 4118 et
2768 4064 3003 4136 abjectio
3034 4065 3210 4135 plebis
3244 4066 3304 4120 ‘7.
3335 4086 3351 4118 ι
3390 4057 3633 4123 Rursus:

2073 4175 2090 4208 ι
2113 4156 2394 4225 Tanquam
2413 4156 2723 4225 prodigium
2751 4155 2928 4211 factus
2956 4172 3076 4211 sum
3104 4156 3382 4219 multis,et
3407 4166 3461 4211 tu
3481 4158 3637 4228 adju-

2068 4255 2155 4302 tor
2194 4261 2349 4301 meus
2381 4248 2538 4301 tortis
2569 4247 2632 4300 ³⁸.
2683 4266 2700 4296 ι
2749 4247 2851 4313 Qui
2879 4247 2947 4303 de
2980 4262 3036 4302 se
3069 4248 3345 4302 moderate
3385 4251 3551 4303 sentit
3578 4257 3636 4304 et

2065 4354 2205 4409 opus
2240 4347 2437 4394 tractat
2471 4339 2779 4410 spirituale,
2816 4338 3037 4394 interim
3084 4338 3299 4393 divinas
3340 4338 3471 4392 dum
3503 4340 3637 4410 legit

2067 4428 2404 4499 Scripturas,
2436 4445 2778 4499 quaecunque
2816 4436 3136 4492 occurrunt,
3177 4429 3433 4499 universa
3463 4429 3517 4481 in
3546 4445 3634 4483 se-

2067 4521 2245 4591 ipsum
2296 4529 2457 4576 tacita
2504 4520 2835 4591 cogitatione
2877 4518 3130 4581 reﬂectit,
3175 4527 3368 4573 etnon
3404 4520 3458 4573 in
3500 4520 3632 4575 alte-

2068 4628 2211 4667 rum.
2253 4611 2311 4667 Si
2342 4613 2596 4681 cupimus
2635 4611 2750 4665 Deo
2783 4618 2972 4664 nostro
3010 4626 3340 4680 magnopere
3368 4628 3487 4667 esse
3517 4629 3623 4683 gra-

2068 4703 2193 4758 tiosi
2227 4712 2284 4758 et
2316 4702 2612 4767 amabiles,
2649 4701 3054 4769 amicitiamque
3098 4701 3217 4769 ejus
3264 4702 3634 4756 felicissimam

2065 4795 2374 4852 exosculari
2429 4794 2751 4850 suavissime
2803 4804 2859 4849 et
2903 4794 3208 4863 amplecti:
3260 4803 3498 4847 mentem
3554 4792 3634 4847 illi

2066 4901 2309 4946 nostram
2341 4889 2700 4944 exhibeamus
2742 4888 2944 4943 nudam
2989 4895 3044 4942 et
3091 4887 3160 4942 ab
3208 4887 3358 4941 omni
3404 4900 3635 4941 concre-

2068 4984 2215 5037 tione
2244 4981 2490 5037 materia:
2530 4982 2867 5044 defaecatam,
2913 4997 3035 5050 quae
3069 4980 3204 5033 nihil
3244 4979 3425 5033 saeculi
3476 4978 3635 5030 istius

2065 5074 2323 5130 alicunde
2353 5073 2421 5127 ad
2477 5088 2536 5129 se
2566 5073 2818 5135 asciscat,
2848 5072 3028 5125 nullas
3057 5071 3288 5123 advocet
3322 5067 3635 5121 molitiones

398 5160 547 5227 παρὰ
579 5158 752 5213 ἄλλων
787 5158 1136 5230 ὑϐριζόμενον
1168 5159 1428 5226 γενναίως
1465 5159 1686 5230 φέρειν’
1736 5160 1828 5212 καὶ
1872 5162 1964 5213 οὑ-

2068 5166 2344 5229 fraudum,
2369 5165 2504 5219 nihil
2524 5164 2970 5219 commentitium
2994 5172 3087 5215 aut
3115 5159 3498 5227 sophisticum.
3523 5172 3632 5210 non

398 5246 507 5309 6st;
550 5247 929 5318 ταπεινόφρων
971 5247 1387 5315 δικαιολογεῖταί
1427 5266 1578 5301 ποτε.
1625 5248 1834 5317 ’Ὠσπερ
1871 5245 1963 5302 οῦν

399 5340 610 5409 καρπὸς
643 5339 807 5402 πολὺς
838 5341 1080 5409 κάμπτει
1112 5340 1326 5402 κλῶνας
1357 5341 1595 5410 δένδρου,
1627 5341 1796 5402 οὕτως
1835 5343 1965 5411 ἀρε-

2067 5257 2196 5311 item
2227 5255 2665 5311 causiﬁcationes
2688 5255 2803 5307 sive
2835 5251 3256 5320 disceptationes
3278 5247 3440 5319 juris.
3464 5247 3637 5300 Aver-

2064 5357 2215 5402 satur
2243 5347 2390 5402 enim
2428 5361 2632 5399 numen
2667 5342 2798 5396 illud
2839 5342 3055 5415 cos.qui
3102 5356 3160 5396 se
3208 5340 3407 5393 adeunt
3439 5353 3632 5407 supcr-

397 5430 495 5498 τῆς
537 5430 742 5499 πλῆθος
795 5434 1041 5484 ταπεινοῖ
1087 5433 1341 5504 φρόνημα
1372 5431 1582 5502 ἀνδρός.
1634 5433 1743 5485 Καὶ
1778 5432 1966 5504 ὥσπερ

2068 5437 2251 5492 ciliosa
2295 5434 2530 5505 quadam
2579 5433 2705 5487 t‘reti
2755 5433 3135 5501 persuasione.
3168 5429 3366 5485 Contra
3412 5428 3457 5482 si
3507 5442 3631 5495 qu.s

467 5564 782 5640 'ECCLXJVJ
809 5567 900 5640 ‘22.
978 5547 1020 5599 ίθ
1050 5569 1221 5623 Exod.
1256 5586 1404 5629 xvm.
1433 5571 1655 5640 passim.
1735 5572 1773 5602 ¹¹
1796 5573 1976 5629 Judic.
2004 5592 2119 5636 vm,
2148 5579 2202 5636 2,
2233 5576 2286 5628 5.
2367 5575 2604 5630 “Judic.
2629 5593 2703 5638 vr,
2739 5575 2821 5629 iii.
2900 5575 2942 5604 ¹³
2966 5573 3128 5627 Eccli.
3151 5588 3229 5637 ιιι,
3257 5571 3345 5625 20.
3426 5567 3626 5622 1*Psal.

397 5648 470 5699 IV,
499 5633 583 5688 i5.
665 5638 705 5671 "
746 5637 886 5693 Psal.
915 5653 1092 5702 xxxvn,
1125 5640 1210 5693 30.
1291 5633 1514 5694 "Prov.
1555 5656 1666 5709 xm,
1696 5642 1781 5697 i5.
1857 5646 1896 5675 "
1938 5647 1967 5700 ll

2068 5633 2213 5711 .itxt,
2238 5647 2288 5698 7.
2369 5646 2411 5680 ¹⁸
2452 5646 2592 5699 Psal.
2626 5633 2745 5713 utx,
2785 5646 2872 5698 18.
