3986 6148
445 182 577 245 1639

1698 182 2063 241 ANTIOCHI
2104 180 2357 243 ΜΟΝΛΓ
2366 180 2451 238 HI

3541 171 3659 237 1641)

436 296 658 352 Deicola
692 310 754 348 ac
787 295 910 365 pius
955 296 1021 352 de
1069 312 1127 350 se
1170 295 1374 366 alioqui
1430 311 1607 365 quam,
1641 296 2008 366 abjcctissime

2116 295 2293 367 χάραξ
2338 295 2591 365 βαστάζει
2640 294 2820 348 κλῶνα
2869 292 3241 360 κατάκαρπον,
3295 288 3473 350 οὕτως
3522 289 3660 354 φόϐος

437 397 703 460 sentiens,
733 396 1053 464 neutiquam
1088 405 1409 466 turgescens
1443 404 1539 450 aut
1578 396 1749 451 veluti
1778 396 2007 451 extube-

438 508 568 547 rans
596 493 747 547 inani
777 492 941 557 fastu,
973 493 1114 547 nihil
1149 503 1354 549 temere
1385 492 1492 549 sibi
1532 493 1816 549 ascrihens
1844 493 2011 547 meri-

438 592 621 638 torum
651 584 816 637 tacita
845 583 1198 652 cogitatione,
1233 584 1405 654 magis
1432 599 1565 639 vero
1602 584 1697 652 qui
1744 598 1801 637 se
1845 582 2014 636 inuti-

436 685 545 739 lem
580 698 698 737 esse
728 697 951 737 servum
1004 685 1264 753 deputet;
1310 684 1459 739 hunc
1502 684 1664 738 talem
1712 683 2014 737 clementer

441 784 668 851 respicit
691 782 981 846 Dominus,
1014 785 1243 854 ejusque
1274 784 1545 838 inhabitat
1572 791 1810 837 mentem
1838 781 2014 852 gratia

436 882 559 936 Dei.
593 882 910 937 Verissimae
952 883 1280 938 humilitatis
1313 883 1527 952 insigne
1561 882 1668 935 hoc
1697 891 1801 946 est,
1834 880 2015 935 nullas

441 981 499 1034 in
529 983 841 1051 quempiam
881 982 1200 1051 intorquere
1229 981 1614 1045 contumelias,
1644 980 1738 1035 sed
1778 981 1846 1035 ab
1892 980 2015 1035 aliis

449 1082 505 1153 in
540 1089 591 1134 te
616 1090 895 1136 contortas
915 1097 1178 1151 generose
1205 1090 1259 1136 et
1286 1080 1518 1134 infracto
1543 1079 1783 1148 perferre
1810 1079 2010 1131 animo.

452 1180 734 1250 Siquidem
768 1197 931 1236 nemo
963 1181 1147 1252 (modo
1177 1181 1221 1234 is
1260 1180 1336 1234 sit
1370 1195 1479 1233 non
1515 1180 1718 1245 fucate)
1766 1178 2012 1240 humilis,

449 1279 543 1345 qui
584 1279 935 1334 causificetur
963 1288 1057 1332 aut
1096 1289 1278 1348 partes
1322 1295 1562 1349 unquam
1609 1279 1878 1332 sustineat
1927 1285 2012 1330 tu-

446 1367 573 1422 endi
627 1383 704 1422 se.
749 1369 821 1423 Ut
858 1369 1003 1422 enim
1030 1369 1286 1423 arborum
1320 1384 1499 1423 ramos
1532 1369 1838 1422 exuberans
1864 1367 2015 1435 copia

443 1458 716 1511 fructuum
752 1458 1009 1513 deorsum
1041 1475 1235 1513 versus
1277 1459 1527 1523 inflectit,
1566 1459 1638 1512 ita
1685 1467 1739 1512 et
1772 1457 2016 1511 accessio

444 1547 601 1601 dives
631 1549 899 1603 virtutum
931 1565 1153 1603 sensum
1190 1546 1427 1605 hominis
1466 1565 1523 1603 se
1546 1549 1884 1618 possidentis
1922 1548 2017 1603 de-

2112 387 2246 440 Θεοῦ
2272 387 2542 458 ἐνάρετον.
2583 386 2641 440 Ὀ
2669 387 2726 439 δὲ
2757 385 3021 454 μακάριος
3057 383 3268 444 Παῦλος
3304 376 3660 434 καταστέλλων

2111 479 2269 548 ἡμῶν
2305 480 2364 532 τὸ
2409 480 2682 549 φρόνημα,
2716 475 3037 539 ἐπιστέλλει,
3070 474 3245 542 λέγων
3268 491 3279 502 ·
3328 491 3347 522 ι
3400 469 3661 523 Ταλαίπω-

2114 581 2206 633 ρος
2238 563 2348 632 ἐγὼ
2377 564 2680 634 ἄνθρωπος,
2722 561 2805 625 τίς
2849 578 2915 631 με
2944 560 3167 630 ῥύσεται
3196 561 3260 612 ἐκ
3293 558 3394 611 τοῦ
3440 555 3659 626 σώματος

2110 654 2205 705 τοῦ
2235 652 2462 705 θανάτου
2492 651 2718 717 τούτους
2756 669 2775 702 ›
2815 651 2911 703 καὶ
2941 649 3126 712 πάλιν,
3167 667 3185 698 ι
3216 648 3308 711 Ὠς
3348 648 3661 715 περικαθάρ-

2108 759 2260 811 ματα
2288 741 2382 793 τοῦ
2423 741 2626 808 κόσμου
2668 739 3026 808 ἐγενήθημεν,
3054 742 3269 790 πάντων
3315 736 3610 806 περίψημα.
3633 753 3656 791 ι

2115 829 2298 882 Ταῦτα
2345 829 2401 882 δέ
2433 828 2501 882 τὰ
2535 831 2777 899 ῥήματα,
2812 827 3310 897 ταπεινοφροσύνης
3362 826 3661 894 ὑπόδειγμα.

2113 921 2224 974 Καὶ
2252 920 2439 982 αὖθιςο
2478 939 2496 971 ι
2538 919 2839 972 Γινώσκετε
2889 919 2996 988 γάρ
3038 918 3134 988 τὴν
3175 917 3338 988 χάριν
3382 913 3477 968 τοῦ
3527 914 3657 978 Θεοδ,

2114 1011 2195 1063 ὅτι
2229 1011 2294 1063 δι’
2325 1011 2471 1081 ἡμᾶς
2510 1011 2854 1079 ἐπτώχευσεν
2889 1008 3137 1071 πλούσιος
3166 1008 3264 1070 ὢν,
3299 1008 3391 1060 ἵνα
3423 1008 3571 1076 ὑμεῖς
3609 1011 3659 1075 τῇ

2115 1101 2321 1151 ἐκείνου
2355 1099 2595 1169 πτωχείᾳ
2629 1099 2988 1168 πλουτήσητε.
3030 1116 3047 1147 ι
3085 1098 3197 1151 Καὶ
3242 1098 3470 1163 ἐπάγει·
3505 1115 3523 1146 ι
3570 1096 3661 1148 Πα-

2118 1186 2338 1258 ρακαλῶ
2369 1184 2461 1239 οὖν
2491 1185 2600 1254 ἐγὼ
2627 1189 2655 1240 6
2682 1186 2900 1255 δέσμιος
2928 1188 2985 1239 ἐν
3016 1185 3228 1255 Κυρίῳ,
3261 1184 3436 1253 ἀξίως
3458 1200 3662 1252 περιπα-

2114 1277 2277 1344 τῆσαι
2308 1276 2405 1344 τῆς
2435 1276 2699 1345 κλήσεως,
2720 1270 2790 1345 ἦς
2816 1274 3081 1345 ἐκλήθητε
3104 1274 3255 1344 μετὰ
3284 1269 3475 1344 πάσης
3503 1289 3661 1325 ταπει-

2116 1366 2453 1435 νοφροσύνης
2482 1367 2577 1418 καὶ
2608 1366 2935 1438 πραότητος,
2995 1369 3134 1435 μετά
3175 1363 3556 1435 μακροθυμίας
3589 1364 3661 1415 ἀν-

2116 1455 2366 1523 εχόμενοι
2412 1454 2652 1525 ἀλλήλων
2695 1456 2752 1506 ἐν
2799 1454 3008 1525 ἀγάπῃ.
3064 1471 3083 1502 ι
3115 1452 3226 1507 Καὶ
3257 1452 3534 1521 ἐπιφέρει,
3563 1468 3580 1500 ι
3604 1449 3661 1500 Τὸ

2118 1542 2344 1612 ὓστερον
2374 1543 2611 1607 πάντων,
2659 1542 2902 1613 ιῖυσπερεί¹
2930 1542 3007 1611 τῷ
3048 1528 3368 1611 ἐκτρώματι
3392 1538 3548 1607 ὤφθη
3574 1538 3659 1590 κὰ-

442 1636 613 1690 mittit
642 1648 804 1705 atque
838 1638 1111 1692 humiliat.
1149 1639 1382 1703 Rursus,
1415 1638 1874 1708 quemadmodum
1904 1646 2013 1691 sta-

2119 1633 2228 1701 μοί.
2282 1630 2424 1700 Ἐγὼ
2466 1632 2573 1701 γάρ
2622 1634 2736 1702 εἰμι
2768 1634 2796 1685 6
2823 1631 3106 1701 ἐλάχιστος
3141 1631 3365 1683 πάντων
3405 1629 3512 1681 τῶν
3543 1631 3661 1681 ἀπο-

449 1734 632 1779 tumen
663 1735 757 1780 aut
801 1727 975 1781 vinea:
1024 1727 1411 1796 pedamentum
1458 1743 1671 1781 ramum
1711 1727 2016 1781 communit

451 1830 515 1869 ac
548 1818 772 1885 gestilat
805 1816 1083 1870 fructuum
1116 1818 1364 1871 ubertate
1396 1826 1788 1887 praegnantem,
1822 1816 1895 1869 ita
1942 1816 2012 1869 ti-

445 1919 568 1957 mor
612 1905 706 1959 Dei
758 1921 882 1959 eum
932 1906 1209 1970 sull‘ulcit,
1263 1907 1356 1975 qui
1398 1907 1603 1960 virtute
1654 1905 1883 1959 adornat
1932 1920 2010 1959 se.

446 1993 647 2049 Beatus
696 1995 787 2048 ille
828 1996 1027 2049 Paulus
1072 2005 1377 2050 extenuans
1416 2011 1481 2050 ac
1530 1995 1879 2064 supprimens
1907 2010 2011 2048 no-

446 2094 622 2140 strum
671 2087 817 2141 hunc
845 2087 1065 2149 fastum,
1095 2103 1193 2157 per
1245 2088 1531 2156 epistolam
1581 2086 1758 2140 dicit:
1799 2105 1817 2135 ‹
1852 2086 2015 2139 Miser

446 2191 547 2245 ego
598 2177 783 2237 homo,
823 2178 946 2246 quis
997 2194 1082 2231 me
1135 2177 1392 2231 liberabit
1442 2176 1510 2230 de
1558 2191 1785 2245 corpore
1824 2176 2017 2230 mortis

444 2264 613 2333 hujus
645 2264 730 2315 ’9‘?
767 2283 783 2314 ι
815 2265 1017 2318 lterum
1051 2284 1062 2317 :
1109 2286 1125 2316 ι
1170 2264 1235 2318 Ut
1276 2272 1632 2335 purgamenta
1664 2264 1853 2318 mundi
1890 2264 2013 2319 facti

447 2369 663 2417 sumus,
694 2355 938 2407 omnium
987 2355 1290 2424 peripscma
1333 2357 1399 2407 ²⁰.
1444 2376 1461 2405 ι
1496 2354 1619 2409 Haec
1655 2370 1820 2424 porro
1849 2356 2015 2409 verba

448 2443 504 2496 in
538 2445 849 2513 exemplum
892 2446 1068 2513 posita
1104 2456 1233 2501 sunt
1280 2445 1621 2501 insinuanda
1665 2446 2012 2502 humilitatis.

448 2535 701 2589 Rursus:
735 2555 753 2586 ι
801 2535 1125 2605 Cognoscitc
1176 2538 1406 2607 gratiam
1456 2537 1575 2602 Dei,
1619 2539 1747 2606 quia
1793 2545 2017 2606 propter

448 2640 550 2680 nos
574 2627 726 2682 dives
759 2643 881 2681 cum
922 2636 1088 2690 esset.
1122 2644 1328 2698 pauper
1357 2627 1533 2682 factus
1562 2638 1665 2692 est,
1702 2636 1761 2681 ut
1801 2642 1902 2681 nos
1946 2627 2013 2680 il-

446 2714 555 2768 lius
610 2726 931 2786 paupertate
979 2718 1181 2771 divites
1234 2726 1479 2772 essemus
1524 2719 1591 2770 “.
1669 2736 1687 2768 ι
1751 2717 2013 2771 lnducit:

456 2822 475 2853 ι
516 2803 756 2861 Obsecro
787 2806 966 2875 itaque
996 2822 1094 2859 vos
1123 2822 1223 2877 ego
1245 2808 1461 2861 vinctus
1492 2807 1544 2860 in
1578 2807 1830 2867 Domino,
1856 2805 2018 2875 digne

453 2903 515 2948 ut
545 2896 887 2949 ambulemus
933 2898 1217 2952 vocatione
1260 2913 1366 2967 qua
1414 2899 1591 2952 vocati
1627 2912 1839 2961 sumus,
1890 2912 2014 2950 cum

450 2985 600 3039 omni
636 2985 946 3041 humilitate
972 2997 1027 3041 et
1053 2989 1495 3052 mansuetudine,
1528 3004 1650 3043 cum
1685 2989 2013 3059 longanimi-

452 3081 562 3129 tate
592 3084 983 3142 supportantes
1016 3077 1250 3131 invicem
1282 3078 1335 3130 in
1377 3077 1642 3131 charitate
1685 3079 1749 3131 “.
1792 3097 1809 3128 υ
1847 3060 2012 3131 Deni-

452 3181 558 3231 que
603 3165 804 3221 infert:
842 3186 860 3217 ι
895 3167 1179 3222 Postremo
1202 3168 1448 3222 omnium
1477 3176 1731 3237 tanquam
1766 3167 2013 3222 abortivo

451 3256 602 3310 visus
629 3266 713 3311 est
757 3268 813 3311 et
839 3257 994 3311 mihi.
1029 3258 1239 3330 1134
1281 3259 1391 3329 Ego
1429 3258 1573 3312 enim
1603 3274 1721 3312 sum
1754 3258 2013 3315 minimus

452 3348 843 3416 apostolorum,
886 3349 979 3417 qui
1027 3366 1135 3402 non
1171 3365 1289 3403 sum
1323 3350 1519 3420 dignus
1561 3343 1746 3407 vocari
1795 3360 2012 3418 aposto-

2114 1722 2335 1775 στόλων.
2374 1723 2468 1785 Ὃς
2519 1724 2617 1776 οὐκ
2656 1724 2772 1793 εἰμὶ
2817 1722 2964 1787 ἄξιος
2993 1722 3257 1793 κληθῆναι
3298 1719 3605 1780 ἀπόστολος,
3640 1735 3656 1768 ι

2116 1813 2268 1885 [διότι
2293 1814 2487 1879 ἐδίωξα
2521 1815 2618 1884 τὴν
2646 1813 2975 1886 Ἐκκλησίαν
3000 1814 3093 1868 τοῦ
3116 1811 3302 1884 Θεοῦ.]
3350 1814 3411 1865 '0
3443 1811 3532 1865 οὖν
3555 1810 3662 1879 βον-

2114 1905 2337 1975 λόμενος
2386 1904 2686 1977 κτήσασθαι
2722 1905 2822 1976 τὴν
2868 1904 3200 1976 θεοδὼρητον
3240 1905 3447 1974 ταύτην
3486 1902 3658 1972 ἀρετὴν

2113 1999 2209 2067 τῆς
2246 1996 2766 2068 ταπεινοφροσύνης,
2816 1996 2912 2050 καὶ
2945 1999 3155 2066 φυγεῖν,
3202 1994 3388 2057 καθὼς
3431 1992 3661 2063 προείρη·

2112 2104 2224 2152 ται,
2254 2089 2343 2141 τὸν
2369 2089 2595 2158 μάταιον
2637 2090 2729 2142 καὶ
2769 2088 3130 2157 θεοστύγητον
3162 2086 3329 2155 ὄγκον
3382 2087 3478 2156 τῆς
3514 2088 3656 2155 ὑπερ-

2113 2177 2371 2246 ηφανίας,
2410 2177 2575 2246 μηδὲν
2600 2176 2982 2247 παραλειπέτω
3019 2176 3126 2229 τῶν
3166 2174 3555 2228 συντελούντων
3594 2175 3659 2234 εἰς

2114 2268 2213 2338 τὴν
2247 2266 2582 2337 κατόρθωσιν
2612 2268 2800 2336 αὐτῆς,
2836 2267 2951 2319 ἀλλ’
2991 2266 3131 2319 ἔστω
3170 2267 3318 2335 αὐτῷ
3354 2267 3446 2318 καὶ
3479 2265 3657 2334 σχῆμα,

2115 2359 2209 2411 καὶ
2236 2359 2471 2428 ἱμάτιον,
2502 2358 2595 2411 καὶ
2628 2357 2886 2428 βάδισμα,
2924 2358 3016 2411 καὶ
3055 2358 3314 2427 καθέδρα,
3355 2357 3449 2411 καὶ
3485 2357 3655 2425 τροφὴ,

2115 2449 2210 2501 καὶ
2235 2451 2511 2520 στρωμνὴ,
2546 2451 2638 2501 καὶ
2665 2450 2839 2518 λόγος,
2889 2448 2982 2501 καὶ
3032 2448 3268 2519 κίνησις,
3316 2449 3412 2500 καὶ
3441 2446 3653 2516 βλέμμα.

2116 2540 2213 2592 καὶ
2243 2541 2275 2610 ή
2307 2539 2440 2608 πρὸς
2465 2541 2555 2592 τὸν
2586 2541 2810 2609 πλησίον
2854 2539 3112 2603 ἔντευξις,
3146 2540 3325 2592 πάντα
3356 2539 3491 2609 πρὸς
3527 2535 3656 2588 εὐτέ-

2087 2631 2266 2705 ’λειαν
2294 2631 2599 2700 ἠσκημένα.
2630 2631 2743 2700 Πρὸ
2766 2630 2977 2683 πάντων
3003 2630 3058 2682 δὲ
3089 2630 3145 2681 ἐν
3170 2628 3361 2699 μηδενὶ
3387 2626 3655 2680 πιστευέτω

2116 2717 2317 2786 ἐαυτῷ,
2343 2717 2456 2771 ἀλλ’
2485 2718 2869 2771 ὑποτασσέσθω
2896 2717 2974 2787 τῷ
3005 2718 3249 2788 πλησίον,
3272 2719 3370 2770 καὶ
3393 2714 3655 2769 δουλευέτω

2116 2808 2286 2879 αὐτῷ,
2340 2809 2684 2879 μεμνημένος
2731 2807 2826 2860 τοῦ
2877 2808 3102 2881 Κυρίου,
3153 2809 3228 2879 μὴ
3271 2806 3653 2874 ἀπαξιώσαντος

2117 2900 2266 2969 νῖψαι
2300 2900 2423 2962 τοὺς
2465 2900 2627 2961 πόδας
2654 2899 2762 2951 τῶν
2796 2898 2987 2951 ἑαυτοῦ
3022 2897 3276 2969 μαθητῶν
3298 2917 3314 2931 ·
3351 2898 3442 2952 καὶ
3466 2895 3653 2968 εἰρηκό-

2118 3007 2209 3053 τος
2229 3007 2241 3020 ·
2284 3008 2302 3039 ι
2353 2988 2683 3058 Ὑπόδειγμα
2711 2989 2818 3060 γὰρ
2866 2990 2994 3059 ὑμῖν
3020 2989 3223 3043 δέδωκα
3252 3008 3270 3040 ι
3304 2992 3405 3060 τῆς
3432 3002 3652 3040 ταπεινοο

2121 3080 2413 3151 φροσύνης,
2449 3098 2467 3130 ι
2497 3081 2583 3133 ἵνα
2615 3079 2795 3143 καθὼς
2838 3079 2949 3149 ἐγὼ
2980 3080 3210 3149 ἐποίησα
3230 3081 3380 3149 ὑμῖν,
3414 3078 3503 3130 καὶ
3522 3078 3651 3145 ὑμεῖς

2120 3172 2307 3240 ποιῆτε
2344 3169 2611 3239 ἀλλήλοις.
2655 3190 2673 3221 ι
2711 3171 2772 3223 El
2804 3170 2975 3223 ταῦτα
3014 3170 3210 3233 οἴδατε,
3245 3169 3503 3240 μακάριοί
3528 3169 3646 3226 ἐστε,

2120 3258 2212 3311 ἐὰν
2263 3258 2455 3326 ποιῆτε
2508 3259 2662 3311 αὐτὰ.
2711 3258 2867 3328 Αὐτῷ
2910 3262 2943 3330 ὴ
2989 3260 3115 3325 δόξα
3157 3262 3237 3321 εἰς
3274 3262 3401 3322 τοὺς
3459 3256 3646 3317 αἰῶνας.

2132 3349 2321 3419 Ἀμήν.

452 3437 539 3492 lus
564 3440 625 3492 “.
658 3459 674 3489 ι
702 3438 964 3507 Quisquis
989 3439 1157 3509 igitur
1183 3439 1365 3493 studet
1388 3437 1641 3507 indipisci
1671 3437 1931 3491 virtutem
1953 3437 2300 3500 humilitatis,
2331 3452 2452 3507 quae
2483 3453 2515 3491 a
2542 3436 2658 3491 solo
2683 3437 2794 3491 Deo
2829 3447 3184 3509 praerogatur,
3211 3439 3480 3508 simulque
3506 3434 3646 3491 decli-

452 3543 586 3583 nare
635 3535 915 3596 parentem
970 3528 1246 3593 vanitatis,
1316 3528 1427 3582 Deo
1480 3527 1656 3581 modis
1726 3526 1982 3580 omnibus
2050 3524 2287 3578 invisum
2382 3532 2647 3578 tumorem
2707 3525 3016 3594 superbiae,
3072 3540 3175 3581 ceu
3232 3527 3389 3597 prius
3473 3526 3646 3579 dictum

453 3621 590 3675 mihi
632 3631 735 3689 est,
771 3622 905 3676 nihil
953 3624 1169 3677 omittat
1215 3639 1410 3678 eorum
1474 3639 1596 3693 qua:
1661 3622 1979 3677 conducunt
2020 3620 2088 3675 ad
2125 3619 2428 3690 parandum
2459 3620 2786 3675 humilitatis
2838 3621 3139 3691 legitimam
3185 3621 3538 3683 functionem,
3570 3616 3644 3671 scd

453 3711 548 3764 tali
617 3711 797 3766 adsint
852 3712 1110 3779 habitus,
1165 3714 1423 3782 pallium,
1480 3713 1759 3776 incessus,
1814 3711 2007 3776 sedile,
2046 3709 2341 3775 alimonia,
2392 3717 2616 3774 stratus,
2661 3725 2876 3776 sermo,
2958 3711 3074 3781 ipse
3140 3713 3387 3781 corporis
3473 3719 3645 3767 motus,

452 3812 738 3872 aspectus,
793 3821 1117 3877 congressus
1197 3822 1319 3859 cum
1367 3807 1613 3875 proximo
1659 3820 1723 3859 ac
1775 3803 2029 3858 familiari
2065 3804 2426 3873 colloquium,
2484 3802 2720 3871 denique
2743 3818 2865 3871 quae
2898 3802 2967 3856 ab
2998 3804 3092 3857 illo
3128 3821 3254 3858 eum
3290 3805 3471 3860 labore
3515 3801 3643 3862 ﬁunt,

452 3894 522 3948 ad
558 3895 925 3965 frugalitatem
970 3908 1025 3953 et
1067 3899 1458 3968 parcimoniam
1510 3906 1758 3968 spectent
1806 3898 2007 3951 omnia.
2048 3897 2108 3950 In
2137 3896 2333 3966 primis
2371 3911 2472 3950 suo
2500 3895 2568 3950 de
2602 3896 2892 3967 scjudicio
2948 3913 3017 3952 ne
3047 3913 3106 3952 se
3148 3906 3319 3953 totum
3381 3894 3643 3967 permittat,

456 3999 666 4038 memor
694 3986 765 4040 sit
790 3987 1027 4051 Domini,
1061 3988 1157 4056 qni
1190 4003 1535 4057 nequaquam
1598 3988 1879 4058 indignum
1939 3986 2094 4041 duxit
2132 3986 2457 4040 submittere
2487 4001 2545 4040 se
2583 3985 2827 4040 lavandis
2872 3986 3264 4056 discipulorum
3302 3987 3539 4057 pedibus,
3568 3984 3641 4051 qui

454 4068 512 4126 et
534 4072 671 4125 dixit
709 4091 720 4125 :
769 4093 786 4124 ι
839 4075 1155 4144 Exemplum
1205 4077 1350 4129 enim
1400 4077 1521 4130 dedi
1558 4077 1734 4140 vobis,
1776 4095 1794 4126 ι
1827 4091 2020 4145 nempe
2059 4075 2402 4138 humilitatis,
2439 4092 2459 4126 ι
2490 4083 2551 4128 ιιι
2601 4075 3060 4143 quemadmodum
3109 4077 3210 4131 feci
3261 4078 3417 4132 vobis
3442 4117 3456 4141 ,
3494 4084 3544 4130 et
3569 4087 3643 4125 vos

457 4158 667 4217 faciatis
702 4164 932 4217 invicem
969 4166 1032 4217 ⁸³.
1073 4183 1089 4214 ι
1134 4165 1190 4218 Si
1227 4165 1339 4218 haec
1369 4165 1542 4228 scitis,
1590 4164 1730 4219 beati
1777 4164 1935 4218 eritis
1967 4163 2011 4218 si
2047 4162 2286 4218 feceritis
2312 4178 2396 4217 ea.
2430 4161 2534 4230 lpsi
2567 4162 2741 4231 gloria
2782 4165 2836 4217 in
2877 4166 3098 4220 saecula.
3142 4168 3332 4220 Amen.

980 4302 1267 4357 HOMILIA
1306 4302 1493 4357 LXXI.

2716 4301 2931 4353 ΛΟΓΟΣ
2968 4302 3089 4354 OA'.

656 4411 728 4463 De
756 4428 815 4464 eo
843 4412 981 4481 quod
1010 4414 1248 4482 proximo
1281 4412 1685 4465 condonandum
1720 4412 1808 4465 sit.

2377 4413 2515 4480 Περὶ
2549 4410 2653 4466 τοῦ
2690 4413 3025 4482 συγχωρεῖν
3071 4412 3151 4478 τῷ
3179 4417 3434 4482 πλησίω.

527 4522 597 4576 Ut
624 4521 870 4590 proximo
896 4522 1147 4590 ignoscas
1179 4523 1232 4575 in
1277 4520 1619 4591 plenitudine
1665 4519 1866 4584 cordis,
1913 4520 2018 4573 Do-

460 4611 721 4665 minicum
752 4620 907 4679 urget
965 4622 1016 4665 te
1049 4612 1392 4675 mandatum,
1429 4610 1685 4665 universo
1732 4609 2015 4663 hominum

462 4699 652 4771 generi
685 4700 928 4768 apprime
961 4701 1324 4755 salutiferum.
1375 4700 1589 4754 Domini
1635 4710 1817 4754 autem
1868 4714 2020 4752 man-

464 4791 651 4845 datum
685 4797 885 4843 aaterna
930 4801 1014 4845 est
1046 4792 1174 4845 vita.
1209 4792 1396 4860 Itaque
1442 4789 1802 4849 condonanda
1837 4790 2021 4857 proxi—

457 4884 582 4945 mis,
626 4881 839 4935 veniam
886 4881 986 4950 ipsi
1025 4882 1396 4951 impetramus.
1432 4882 1526 4936 Sin
1581 4881 1925 4935 remittemus
1952 4896 2019 4935 ex

457 4955 663 5040 animo,
694 4985 880 5029 nosu'a
906 4973 1147 5043 ipsorum
1176 4981 1395 5042 peccata
1437 4987 1533 5041 per
1564 4971 1669 5027 hoc
1702 4972 1856 5040 quasi
1883 4988 2019 5042 quo-

458 5066 602 5136 piam
652 5067 934 5137 signaculo
964 5067 1306 5137 insignimus,
1355 5079 1421 5117 ne
1458 5064 1671 5118 veniam
1706 5077 2019 5132 promerea-

458 5172 602 5211 mur.
634 5157 768 5224 Quis
808 5160 970 5229 igitur
1009 5158 1246 5229 (sapiens
1273 5154 1437 5209 modo
1480 5154 1569 5224 sit)
1603 5154 1696 5224 qui
1739 5170 1861 5209 cum
1902 5172 2018 5210 ma-

383 5253 398 5267 '
456 5264 696 5319 gnopere
723 5253 906 5321 cupiat
931 5267 1155 5306 suorum
1180 5265 1280 5304 nec
1310 5248 1404 5302 ulli
1432 5247 1894 5302 numerandorum
1926 5247 2020 5301 de-

530 5379 572 5409 "
611 5379 765 5433 Rom.
794 5395 882 5444 vn,
908 5381 995 5433 Ξῖ.
1074 5366 1173 5432 ²⁰Ἷ
1200 5377 1323 5434 Cor.
1358 5395 1428 5441 tv,
1470 5376 1551 5429 l5.
1629 5379 1669 5408 "
1712 5378 1756 5432 ll
1779 5376 1901 5431 Cor.
1936 5394 2045 5441 vm,
2074 5377 2126 5432 9.
2202 5378 2464 5446 "’Eplzes.
2498 5394 2567 5441 Iv,
2606 5379 2651 5434 l.
2682 5380 2733 5431 ε.
2810 5380 2854 5408 ’³
2894 5381 2910 5433 l
2941 5379 3066 5434 Cor.
3100 5396 3186 5443 xv,
3215 5381 3265 5445 8,
3295 5381 3344 5434 9.

460 5464 573 5509 xui,
608 5448 692 5501 15.

2194 4523 2268 4575 Τὸ
2296 4525 2597 4593 συγχωρεῖν
2622 4523 2697 4592 τῷ
2724 4524 2950 4594 πλησίον
2966 4524 3073 4576 ἀπὸ
3100 4527 3347 4597 καρδίας,
3379 4520 3638 4585 Δεσποτικῆ

2125 4612 2310 4684 ἐντολή
2342 4616 2507 4675 ἐστιν,
2558 4614 2652 4667 καὶ
2706 4618 2971 4685 σωτήριος
3028 4619 3192 4669 πᾶσιν
3243 4616 3552 4688 ἀνθρώποις.
3589 4611 3638 4662 Ἦ

2126 4704 2232 4772 γὰρ
2260 4705 2446 4773 ἐντολὴ
2488 4705 2650 4758 αὑτοῦ
2675 4705 2786 4775 ζωὴ
2817 4706 3033 4770 αἰώνιός
3057 4710 3225 4761 ἐστιν.
3271 4710 3394 4761 Ἐὰν
3419 4706 3505 4761 οὖν
3533 4720 3638 4770 συγ·

2126 4792 2430 4862 χωροῦμεν,
2487 4796 2944 4864 συγχωρούμεθα·
2996 4797 3089 4849 ἐὰν
3125 4798 3180 4850 δὲ
3220 4798 3313 4867 μὴ,
3357 4790 3639 4865 ἐπισφραγέσ

2126 4882 2290 4950 ξομεν
2323 4882 2420 4945 τὰς
2451 4882 2660 4936 ἑαυῑῶν
2690 4884 2985 4953 ἁμαρτίας.
3013 4885 3108 4949 Τίς
3129 4883 3221 4939 οὖν
3248 4887 3424 4955 σοφὸς,
3453 4889 3478 4938 6
3500 4882 3636 4935 θέλων

2123 4977 2302 5043 τυχεῖν
2333 4976 2429 5045 τῆς
2468 4975 2715 5043 ἀφέσεως
2753 4977 2860 5029 τῶν
2900 4976 3283 5049 ἀναριθμήτων
3311 4977 3464 5030 αὐτοῦ
3489 4975 3636 5039 πλημ·
3720 5006 3733 5014 -

2129 5065 2260 5134 μελη
2273 5068 2477 5134 μάτων,
2510 5065 2585 5136 μὴ
2618 5067 2756 5135 μετὰ
2784 5068 2955 5136 χαρᾶς
2986 5069 3187 5137 ἀφήσει
3226 5068 3303 5137 τῷ
3326 5067 3535 5137 πλησίον
3560 5062 3635 5116 αὖε

2125 5158 2218 5209 τοῦ
2248 5156 2314 5208 τὰ
2348 5156 2602 5225 ἐλάχιστα
2624 5156 3006 5226 ὲλαττώματα;
3038 5158 3113 5210 Οὐ
3151 5158 3306 5227 μόνον
3335 5157 3389 5210 δὲ
3415 5158 3441 5208 ὁ
3470 5150 3634 5221 Κύριθς

2126 5245 2283 5300 τοῦτο
2314 5247 2614 5299 ἐντέλλεται
2651 5249 2780 5317 ἡμῖν
2825 5251 3021 5311 ποιεῖν,
3069 5248 3206 5299 ἀλλά
3238 5251 3330 5329 καί
3367 5248 3501 5318 ἔργῳ
3531 5242 3633 5310 ἡμῖν

3435 5381 3471 5411 ιι
3504 5368 3626 5423 Joan.
