3986 6148
392 333 527 400 1641

1106 278 1111 283 ’
1164 324 1495 388 HOMlLIA
1532 324 1881 387 Lxx11.—
1913 314 2293 382 omnem
2331 305 2487 374 PRO
2525 308 2867 376 lNVICEM.

3501 294 3641 382 tota

397 447 676 514 ὑπέδειξεν
705 444 819 508 πῶς
832 443 923 499 ’δεῖ
943 435 1116 509 αὐτὴν
1139 439 1405 497 ἐκτελεῖν.
1443 439 1533 492 Ἐν
1565 439 1674 509 γὰρ
1693 436 1772 508 τῷ
1793 453 1960 490 σταυ-

2085 435 2319 489 ictorum
2370 425 2581 500 perfrui
2640 428 3027 496 absolutione,
3074 445 3184 486 non
3242 422 3365 487 cum
3433 434 3637 506 ingenti

397 539 477 614 ρῷ
505 538 581 593 ὣν
607 535 907 607 παρεκάλει
940 531 1083 602 ὑπὲρ
1104 530 1216 585 τῶν
1242 532 1326 594 είς
1358 529 1520 584 αὐτὸν
1547 528 1962 599 ἀνομησάντων,

394 634 489 688 τὸν
509 628 702 684 ἑαυτοῦ
729 628 970 697 Πατέρα,
996 623 1197 692 λέγων’
1222 640 1244 681 ς
1281 621 1482 692 Πάτερ,
1504 621 1639 689 ἄφες
1660 621 1844 684 αὐτοῖς
1867 616 1966 689 τὴν

396 720 674 792 ἁμαρτίαν
704 715 927 788 ταύτηνο
953 716 1015 770 οὐ
1043 714 1155 786 γάρ
1174 715 1380 768 οἴδασιν
1406 713 1460 766 τί
1483 712 1749 768 ποιοῦσιν.
1781 730 1802 764 ι
1836 711 1965 765 Ἰδοὺ

396 814 426 865 6
456 810 867 879 εὖσπλαγχνος,
921 806 1016 861 καὶ
1071 804 1421 876 ύπεράγαθος
1470 802 1968 875 ὑπεραπολογεῖται

398 901 541 972 ὑπὲρ
565 899 768 961 αὐτῶν,
796 898 975 966 λέγων
996 912 1013 930 ο
1059 916 1078 949 ι
1112 899 1186 950 Οὐ
1218 896 1327 967 γάρ
1355 896 1561 950 οἴδασιν
1590 896 1643 949 τί
1667 895 1964 950 ποιοῦσιν.»

397 994 509 1049 Kal
534 992 640 1063 πρὸ
652 989 841 1044 τούτου
867 990 925 1044 δὲ
944 990 1053 1044 τῶν
1084 989 1339 1061 μαθητῶν
1358 990 1808 1058 ἀγανακτούντων
1829 989 1972 1044 κατά

398 1101 564 1139 τινων
597 1080 957 1152 Σαμαρειτῶν
999 1079 1073 1150 μὴ
1113 1079 1426 1149 δεξαμένων
1468 1080 1689 1143 αὐτοὺς,
1739 1081 1835 1134 καὶ
1882 1081 1971 1133 ai-

399 1174 638 1230 τούντων
693 1171 940 1243 θεηλάτῳ
985 1172 1119 1242 πυρὶ
1170 1169 1512 1240 ἀναλωθῆναι
1543 1170 1758 1234 αὐτοὺς,
1792 1170 1971 1224 ἐπετί-

405 1281 578 1336 μησεν
607 1264 812 1328 αὐτοῖς,
845 1261 1040 1329 λέγων,
1072 1281 1092 1314 ε
1129 1262 1244 1314 Οὐκ
1266 1261 1444 1314 οἴδατε
1475 1261 1631 1314 ποίου
1663 1260 1974 1331 πνεύματός

401 1357 546 1409 ἔστε.
580 1373 600 1407 ι
638 1353 952 1418 Τουτέστιν,
995 1351 1090 1406 τοῦ
1124 1360 1325 1423 πράου,
1360 1353 1454 1406 καὶ
1483 1351 1712 1421 ἀγαθοῦ.
1744 1352 1818 1406 Τὸ
1845 1352 1976 1406 αὐτὸ

400 1447 458 1501 δὲ
488 1447 586 1500 καὶ
615 1447 704 1500 διὰ
732 1445 840 1499 τῶν
887 1445 1185 1515 προφητῶν
1212 1436 1519 1499 ἐκδιδάσκει
1556 1446 1724 1515 ἡμᾶς.
1752 1445 1920 1514 Φησὶν
1947 1446 1976 1497 6

403 1538 714 1607 Ζαχαρίας,
750 1555 770 1588 ι
814 1538 1004 1608 Κρῖμα
1045 1537 1252 1591 δίκαιον
1283 1537 1528 1607 κρίνατε,
1563 1537 1660 1589 καὶ
1697 1535 1846 1599 ἔλεος
1883 1536 1977 1589 xal

402 1630 689 1699 οἰκτιρμὸν
720 1631 929 1681 ποιεῖτε
955 1628 1190 1691 ἕκαστος
1221 1630 1358 1698 πρὸς
1385 1629 1476 1682 τὸν
1502 1628 1731 1696 ἀδελφὸν
1753 1627 1970 1683 αὐτοῦ.)

406 1720 517 1773 Καὶ
557 1723 586 1773 ὁ
631 1720 840 1783 Παῦλός
896 1736 1086 1790 φησιν,
1122 1719 1150 1771 ι’
1179 1714 1405 1772 Γίνεσθε
1439 1714 1535 1773 οὖν
1584 1721 1664 1782 είς
1711 1702 1977 1789 ἀλλήλους

2066 525 2265 599 gaudio
2297 522 2525 579 festinet
2579 524 2830 593 proximo
2880 521 3189 578 condonare
3242 526 3640 585 minutissimo‘s

2067 632 2314 688 quosque
2344 610 2626 671 defectus?
2648 608 2765 671 Jam
2795 614 2900 669 hoc
2924 631 2955 670 a
2985 616 3146 671 nobis
3167 624 3226 670 ut
3256 616 3369 685 ﬁat,
3397 624 3509 674 non
3542 634 3639 681 ore

2068 709 2245 765 solum
2268 708 2605 780 praescripsit
2636 709 2919 773 Dominus,
2944 708 3118 763 'sed'et
3149 724 3316 779 opere
3352 711 3469 784 ipso
3499 690 3638 791 ρτὲοί-

2052 800 2415 863 monstravit,
2444 814 2554 868 quo
2582 807 2741 868 pacto
2764 797 2971 868 expleri
2998 798 3216 854 debeat.
3252 800 3466 855 Patrem
3492 794 3639 883 enim

2068 904 2231 945 suum
2265 890 2421 946 cruci
2447 889 2692 945 conﬁxus
2722 889 3125 960 interpellabat,
3152 886 3287 961 ipsis
3317 904 3643 963 apprecatus

2069 983 2288 1043 veniam
2331 980 2423 1051 qui
2448 996 2507 1036 se
2529 989 2773 1036 extreme
2806 988 2862 1035 et
2895 981 3239 1050 iniquissime
3269 983 3597 1041 divexabant
3622 1005 3639 1039 :

2078 1091 2097 1124 ι
2134 1073 2315 1139 Pater,
2340 1072 2436 1135 ait,
2461 1071 2678 1127 dimitte
2700 1072 2828 1137 illis,
2850 1086 2961 1126 non
2998 1073 3148 1126 enim
3175 1073 3359 1128 sciunt
3388 1076 3520 1144 quid
3560 1061 3641 1130 fa:-

2075 1165 2230 1220 ciunt
2254 1164 2322 1218 ".
2355 1182 2374 1215 ι
2403 1162 2547 1229 Quin
2569 1172 2624 1218 et
2652 1165 2932 1234 aliquanto
2970 1156 3122 1234 prius
3142 1205 3157 1231 ,
3207 1180 3330 1219 cum
3372 1166 3643 1235 dequcrc-

2073 1266 2269 1311 rentur
2299 1253 2555 1324 discipuli
2589 1252 2865 1310 adversus
2889 1253 3158 1324 quosdam
3208 1254 3506 1311 Samaritas
3529 1298 3543 1323 ,
3585 1266 3646 1310 ut

2076 1345 2172 1416 qui
2207 1346 2312 1401 bos
2341 1345 2716 1400 detrectarunt
2764 1346 3021 1414 excipere
3071 1328 3332 1416 hospitio,
3391 1357 3647 1419 rogarent

2075 1437 2328 1509 proinde,
2370 1437 2451 1492 sic
2482 1438 2839 1493 inclementes
2887 1439 3011 1508 igne
3050 1439 3269 1495 coelitus
3314 1441 3480 1496 misso
3515 1455 3645 1495 con-

2077 1530 2242 1596 sumi,
2273 1528 2407 1600 quid
2440 1531 2725 1600 respondit
2749 1531 3049 1585 Dominus?
3078 1531 3275 1601 Utique
3321 1547 3418 1587 eos
3462 1533 3646 1589 incre-

2076 1625 2240 1696 puit:
2280 1643 2298 1675 ι
2328 1612 2600 1689 Nescitis,
2652 1623 2853 1694 inquit,
2893 1625 3050 1695 cujus
3076 1624 3305 1694 spiritus
3340 1626 3483 1681 estis
3515 1626 3595 1692 ἀς
3622 1645 3641 1679 ι

2079 1715 2342 1770 nimirum
2365 1714 2655 1781 mansueti,
2680 1714 2967 1769 clementis
2990 1712 3310 1784 et'benigni.
3334 1714 3450 1768 Hoc
3469 1714 3647 1784 ipsum

405 1810 655 1880 χρηστοὶ,
690 1786 1078 1879 εὔσπλαγχνοι,
1117 1809 1356 1880 μιμηταὶ
1384 1809 1477 1862 τοῦ
1510 1804 1675 1874 Θεοῦ,
1704 1808 1779 1872 ὡς
1807 1786 1973 1861 τέκνα

2081 1821 2184 1861 nos
2214 1805 2551 1875 propheticis
2577 1805 2816 1859 oraculis
2835 1804 3054 1858 edocuit
3078 1804 3373 1869 Dominus;
3406 1804 3483 1858 ait
3500 1803 3652 1857 enim

398 1902 688 1970 ἀγαπητὰ,
710 1900 1059 1972 χαριζόμενοι
1092 1902 1326 1964 ἑαυτοῖς,
1358 1900 1539 1964 καθὼς
1565 1902 1662 1954 καὶ
1697 1902 1725 1955 6
1760 1892 1892 1964 Θεὸς
1916 1901 1974 1967 ἐν

405 1991 626 2062 Χριστῷ
656 1993 949 2061 ἐχαρίσατο
977 1992 1127 2061 ὑμῖν.
1173 2009 1192 2042 ι
1242 1991 1301 2043 '0
1334 1991 1391 2044 δὲ
1414 1992 1701 2064 προφήτης
1737 1984 1971 2060 ίΔῦδιοὺδ,

390 2435 696 2506 ὀφείλομεν
744 2438 885 2509 ὑπὲρ
936 2439 1181 2510 ἀλλήλων
1216 2443 1435 2511 φρονεῖν
1463 2456 1476 2470 °
1513 2440 1836 2512 φοϐούμενοι
1880 2442 1979 2496 καὶ

408 2527 507 2597 τὴν
531 2528 696 2582 αὐτοῦ
729 2529 827 2583 τοῦ
875 2532 1082 2602 Κυρίου
1129 2533 1365 2602 φοϐεράν
1413 2534 1707 2603 ἀπόφασιν,
1743 2534 1839 2589 καὶ
1870 2534 1979 2588 ἀπὸ

410 2618 639 2689 καρδίας
684 2624 1136 2692 συγχωρήσωμεν
1177 2624 1450 2693 ἀλλήλοις.
1498 2621 1666 2681 Εἶπεν
1699 2625 1844 2697 γὰρ,
1896 2625 1980 2679 δτι

411 2708 596 2773 οὕτως
630 2712 845 2782 ποιήσει
869 2713 997 2781 ὑμῖν
1023 2715 1051 2766 6
1085 2716 1274 2785 Πατήρ
1304 2733 1404 2785 μου
1430 2717 1459 2769 6
1482 2718 1748 2787 οὐράνιος,
1770 2717 1870 2772 ,ὲάν
1904 2718 1980 2789 μὴ

411 2802 586 2871 ἀφῆτε
626 2803 856 2868 ἕκαστος
901 2804 979 2875 τῷ
1016 2805 1228 2877 ἀδελφῷ
1257 2807 1424 2860 αὑτοῦ
1451 2807 1560 2861 ἀπὸ
1593 2809 1704 2862 τῶν
1743 2812 1981 2882 καρδιῶν

411 2891 566 2962 ὑμῶν
594 2894 662 2946 τὰ
689 2894 1117 2967 παραπτώματα
1147 2898 1343 2951 αὐτῶν.
1382 2916 1400 2950 ι
1441 2898 1604 2952 Δοῦλε
1631 2900 1759 2970 γὰρ,
1791 2902 1978 2971 φησὶν,

417 2986 639 3055 πονηρὲ,
661 2988 840 3039 πᾶσαν
867 2989 967 3057 τὴν
999 2990 1220 3059 ὀφειλὴν
1247 2991 1461 3062 ἐκείνην
1495 2992 1681 3062 ἀφῆκά
1711 3010 1792 3046 σοι
1811 3034 1826 3061 ,
1854 2994 1981 3046 ἐπεὶ

414 3076 799 3141 παρεκάλεσάς
843 3093 934 3145 με,
966 3078 1065 3129 οὐκ
1097 3078 1204 3131 ἔδει
1245 3081 1340 3133 καὶ
1382 3080 1462 3145 σὲ,
1492 3081 1712 3152 ἐλεῆσαι
1742 3081 1830 3135 τὸν
1857 3081 1982 3135 σύν-

410 3163 596 3217 δουλόν
630 3182 744 3232 σου,
780 3168 855 3230 ὡς
883 3167 1038 3236 κάγώ
1063 3186 1121 3222 σε
1149 3170 1384 3242 ὴλὲησα;
1411 3172 1509 3225 καὶ.
1535 3172 1811 3243 ὀργισθεὶς
1842 3191 1981 3244 παρ-

414 3252 615 3308 έδωκεν
655 3258 817 3310 αὐτὸν
866 3262 979 3323 τοῖς
1026 3261 1399 3330 βασανισταῖς,
1429 3262 1534 3327 ἓως
1568 3259 1639 3318 οὗ
1660 3264 1842 3335 ἁποδῷ
1873 3267 1981 3319 πᾶν

413 3344 474 3396 τὸ
511 3344 883 3417 ὀφειλόμενον.
934 3367 954 3400 ι
1009 3352 1123 3403 Καὶ
1164 3351 1239 3422 τῷ
1277 3354 1467 3424 Πέτρῳ
1513 3354 1570 3407 δὲ
1617 3356 1978 3427 ὲρωτήσαντι,

419 3452 439 3486 ι
481 3437 719 3500 Ποσάκις
743 3439 937 3509 ἀφήσω
962 3439 1040 3510 τῷ
1067 3442 1281 3512 ἀδελφῷ
1309 3462 1408 3513 μου
1436 3446 1533 3498 ἐὰν
1558 3446 1868 3517 ἁμαρτήσει
1902 3450 1979 3510 εἰς

414 3526 551 3596 litt;
582 3529 690 3592 ἕως
752 3531 1024 3599 ὲπτάκις;
1071 3550 1091 3584 ι
1120 3534 1455 3604 ἀπεκρίνατο
1486 3537 1635 3606 αὐτῷ
1682 3539 1710 3590 ὁ
1753 3537 1979 3608 Κύριος,

390 3635 442 3696 -ι
486 3619 560 3671 Οὐ
590 3618 735 3687 λέγω
777 3638 860 3675 σοι
902 3623 1008 3685 ἕως
1056 3624 1305 3687 ἑπτάκις,
1346 3626 1461 3678 ἀλλ’
1499 3627 1604 3690 ἕως
1644 3628 1981 3699 ἑϐδομηκον-

415 3706 572 3769 τάκις
600 3710 760 3764 ἑπτά.
801 3729 829 3763 ι.
853 3714 952 3765 Διὰ
990 3713 1147 3766 τοῦτο
1180 3716 1399 3785 ἐπάγει,
1433 3734 1452 3767 ι
1492 3718 1711 3785 Ἅφετε,
1749 3718 1843 3772 καὶ
1880 3722 1983 3786 ἀφ-

417 3798 671 3870 εθήσεται
700 3802 848 3871 ὑμῖν.
878 3822 897 3855 ι
937 3806 1046 3858 Καὶ
1090 3808 1185 3860 ἐὰν
1222 3809 1532 3879 ἁμαρτήσει
1564 3813 1642 3872 εἰς
1681 3809 1740 3863 σὲ
1772 3813 1800 3863 ὁ
1825 3808 1979 3864 ἀδελ-

417 3889 516 3957 φός
573 3907 689 3955 σου,
741 3892 1064 3966 ὲπιτίμησσν
1103 3897 1271 3967 αὐτῷ.
1325 3900 1434 3953 Καὶ
1483 3900 1577 3952 ἐὰν
1630 3901 1993 3970 μετανοήσει,⁸

415 3981 552 4048 ἄφες
575 3982 744 4053 αὐτῷ’
772 3985 865 4037 καὶ
890 3982 989 4039 ἐὰν
1026 3987 1260 4051 ἑπτάκις
1300 3990 1397 4059 τῆς
1434 3990 1644 4063 ἡμέρας
1668 3992 1981 4063 ἁμαρτήσει

415 4073 496 4133 είς
536 4073 616 4139 σὲ,
648 4076 741 4127 καὶ
764 4076 1000 4140 ἑπτάκις
1031 4074 1129 4148 τῆς
1158 4081 1369 4150 ἡμέρας
1393 4082 1695 4153 ἐπιστρέψῃ
1727 4082 1863 4153 πρὸς
1898 4082 1978 4147 σὲ,

415 4161 614 4230 λέγων,
646 4167 929 4234 Μετανοῶ,
971 4170 1107 4237 ἄφες
1154 4171 1322 4242 αὐτῷ.
1364 4172 1579 4243 Αύτῷή
1616 4172 1743 4238 δόξα
1782 4172 1860 4243 τῷ
1890 4174 1981 4226 εύ-

418 4255 713 4332 σπλάγχνῳ
739 4262 836 4312 καὶ
860 4258 1225 4333 φιλανθρώπῳ
1255 4262 1499 4334 Χριστῷ,
1532 4266 1611 4328 είς
1633 4264 1760 4326 τοὺς
1782 4260 1983 4326 αἰῶνας

415 4344 524 4397 τῶν
562 4347 794 4403 αἰώνων.
843 4350 1037 4421 Ἀμήν.

2080 1896 2371 1951 Zacharias
2424 1913 2437 1949 :
2484 1902 2507 1947 ‘1
2559 1895 2834 1950 Judicium
2863 1888 3074 1966 justum
3116 1894 3393 1965 judicate,
3432 1893 3652 1949 miseri-

2083 1976 2325 2044 cOrdiam
2358 1997 2414 2067 et
2438 1988 2853 2045 miserationem
2899 1987 3062 2043 facite
3104 1987 3481 2063 unusquisque
3523 2002 3649 2042 cum

412 2081 544 2134 «Ὃν
558 2081 757 2151 τρόπον
781 2080 1109 2151 πεποίηκας,
1139 2080 1292 2134 ἔσται
1318 2098 1398 2134 σοι
1420 2081 1613 2146 οὕτως’
1642 2084 1735 2137 καὶ
1759 2081 1821 2136 τδ
1851 2085 1978 2138 ἀντ-
2010 2066 2038 2089 1

412 2167 664 2238 απόδομά
679 2184 776 2221 σου
808 2168 1156 2239 ἀνταποδοθή
1168 2169 1321 2223 σεταί
1348 2186 1430 2223 σοι
1459 2171 1539 2234 είς
1555 2173 1800 2242 κεφαλήν
1819 2189 1934 2228 σου,
1950 2162 2001 2224 »ί
2026 2234 2034 2245 γ

419 2256 741 2327 Ὀφείλομεν
765 2254 859 2312 οὖν
882 2260 1230 2330 συμπάσχειν
1252 2260 1344 2314 καὶ
1364 2263 1673 2332 συγχωρεῖν
1700 2261 1973 2332 ἀλλήλοις,
2026 2260 2032 2265 ’

409 2347 489 2401 ὅτι
518 2348 576 2402 ἐν
607 2348 767 2419 σῶμά
803 2351 972 2420 ἐσμεν
1018 2353 1115 2404 καὶ
1159 2351 1403 2423 ἀλλήλων
1433 2352 1591 2422 μέλη,
1629 2352 1727 2406 καὶ
1759 2352 1819 2405 τὸ
1847 2353 1979 2406 αὐτὸ
2043 2340 2050 2345 ’

2080 2080 2333 2150 proximo
2373 2096 2474 2135 suo
2514 2080 2581 2133 ’⁷.
2621 2097 2643 2132 ι
2676 2078 2782 2133 Sed
2816 2088 2871 2134 et
2918 2079 3120 2137 Paulus
3159 2096 3171 2132 :
3212 2097 3229 2130 ι
3258 2079 3458 2134 Ἐειοιε
3488 2078 3655 2150 igitur

2083 2164 2315 2225 invicem
2347 2170 2587 2241 benigni,
2619 2169 3040 2235 misericordes,
3076 2169 3379 2227 imitatores
3418 2169 3535 2235 Dei,
3571 2170 3649 2227 si-

2085 2269 2178 2316 cut
2202 2261 2298 2315 iilii
2329 2246 2657 2341 charissimi,
2690 2260 2961 2315 donantes
2984 2258 3395 2329 vobismetipsis
3426 2258 3568 2313 sicut
3595 2271 3653 2314 et

2084 2354 2229 2410 Deus
2276 2353 2497 2408 donavit
2542 2351 2697 2411 vobis
2732 2351 2804 2429 ﬁ".
2847 2371 2865 2402 ν
2912 2348 3120 2405 Abdias
3152 2349 3296 2405 item
3337 2347 3650 2427 propheta:

2064 2508 2067 2511 Α
2094 2465 2113 2496 ι
2156 2444 2623 2512 Quemadmodum
2656 2440 2866 2521 1135
2893 2440 3111 2506 fecisti,
3135 2438 3229 2494 ﬁet
3248 2438 3381 2506 tibi;
3410 2439 3652 2493 retribu-

2088 2536 2164 2590 tio
2206 2543 2298 2589 tua
2338 2533 2674 2588 retribuetur
2705 2532 2761 2586 in
2791 2539 2956 2600 caput
2999 2537 3155 2585 tuum
3200 2530 3267 2584 ²⁹.
3315 2548 3334 2581 ι
3371 2528 3657 2587 Debemus

2088 2638 2216 2679 sane
2256 2623 2448 2679 alicnis
2483 2622 2824 2677 indolescere
2857 2621 3041 2686 malis,
3074 2636 3178 2675 nec
3212 2620 3486 2691 gravatim
3536 2636 3661 2675 mu-

2088 2723 2210 2770 tuas
2238 2716 2443 2770 donare
2485 2715 2754 2780 offensas;
2804 2727 2994 2768 sumus
3041 2712 3188 2767 enim
3224 2728 3392 2785 unum
3425 2727 3656 2783 corpus,

2087 2815 2144 2863 et
2177 2807 2335 2861 alteri
2382 2806 2615 2883 aliorum
2665 2804 2931 2859 membra.
2990 2804 3283 2875 Debemus.
3314 2803 3538 2873 insuper
3571 2803 3659 2858 id-

2088 2900 2267 2971 ipsum
2307 2900 2450 2953 inter
2474 2914 2572 2953 nos
2609 2905 2772 2967 atque
2825 2897 2970 2953 idem
3001 2911 3196 2966 sapere
3229 2913 3243 2950 :
3272 2895 3507 2966 perculsi
3541 2884 3658 2950 ter-

2087 3005 2212 3044 rore
2243 2988 2604 3045 formidabilis
2645 2988 2932 3042 sententia:
2954 2986 3192 3054 Domini,
3224 2998 3293 3041 ex
3319 2987 3483 3041 corde
3512 2988 3625 3041 invi
3654 3019 3662 3027 -

2088 3097 2204 3135 cem
2241 3081 2587 3135 remittamus
2619 3080 2873 3136 otl‘ensas.
2909 3081 3057 3136 Dixit
3092 3080 3262 3147 enim,
3301 3081 3427 3151 quia
3473 3081 3553 3137 sic
3579 3081 3659 3137 fa-

2089 3171 2197 3226 ciet
2222 3171 2505 3225 vobiscum
2538 3171 2698 3225 Pater
2724 3186 2880 3225 meus
2908 3171 3169 3233 caelestis.
3198 3171 3242 3226 si
3286 3188 3398 3226 non
3430 3171 3658 3228 dimise-

2087 3265 2212 3319 ritis
2260 3263 2636 3333 unusquisque
2691 3262 2850 3317 fratri
2905 3278 3007 3317 suo
3052 3261 3120 3317 de
3167 3262 3427 3318 cordibus
3462 3264 3659 3320 vestris

2086 3365 2310 3426 peccata
2340 3356 2605 3426 ipsorum.
2646 3374 2665 3409 ι
2698 3354 2885 3420 Serve,
2916 3356 3013 3418 ait,
3047 3369 3306 3423 nequam,
3334 3370 3497 3409 omne
3522 3355 3659 3413 illud

2087 3445 2333 3501 debitum
2367 3444 2549 3499 dimisi
2576 3443 2696 3508 tibi,
2728 3428 2851 3512 quia
2891 3442 3093 3512 rogasti
3123 3457 3246 3508 me;
3277 3458 3461 3497 nonne
3498 3458 3662 3513 opor-

2091 3538 2242 3593 lebat
2270 3543 2328 3590 et
2373 3543 2425 3590 te
2455 3533 2701 3588 misereri
2733 3546 3002 3587 conservo
3030 3539 3144 3596 tuo,
3182 3531 3323 3586 sicut
3344 3542 3401 3587 et
3437 3548 3538 3604 ego
3580 3535 3659 3590 tui

2086 3631 2347 3685 misertus
2386 3645 2507 3685 sum
2543 3646 2556 3683 :
2592 3638 2648 3683 et
2697 3628 2870 3683 iratus
2898 3628 3129 3697 tradidit
3174 3644 3304 3683 eum
3338 3629 3657 3695 tortoribus,

2086 3736 2372 3793 quousque
2399 3719 2653 3773 redderet
2681 3732 2843 3772 omne
2883 3718 3129 3773 debitum
3160 3718 3225 3771 ³ο.
3263 3738 3282 3770 ι
3314 3718 3453 3784 Quin
3496 3719 3660 3773 Petro

2068 3809 2297 3887 ‘roganti
2328 3826 2340 3860 :
2384 3826 2401 3858 ι
2436 3806 2666 3872 Quoties
2710 3805 2984 3859 dimittam
3016 3804 3172 3859 fratri
3208 3819 3361 3869 meo,
3389 3803 3434 3857 si
3466 3817 3661 3872 pecca-

2084 3899 2226 3954 verit
2248 3901 2302 3954 in
2332 3900 2456 3954 me?
2493 3913 2665 3967 usque
2692 3897 2933 3968 septies?
2962 3895 3307 3966 iRespondit
3342 3894 3606 3949 Dominus
3642 3911 3658 3947 :

2095 4007 2113 4040 ι
2174 3987 2294 4043 Non
2328 3988 2449 4043 dico
2479 4000 2653 4057 usque
2702 3987 2926 4055 septies,
2978 3986 3073 4039 sed
3133 3999 3307 4054 usque
3350 3982 3663 4057 Septuagies

2087 4079 2289 4148 septies
2324 4097 2340 4132 :
2374 4098 2396 4131 ι
2439 4093 2614 4148 eoque
2641 4076 2875 4147 subjecit
2916 4093 2929 4129 :
2973 4096 2992 4127 ι
3034 4074 3298 4151 Dimittite
3333 4082 3389 4127 et
3422 4071 3664 4126 dimitte-

2088 4177 2180 4224 tur
2204 4170 2362 4226 vobis
2393 4171 2459 4224 ".
2492 4189 2509 4221 ι
2542 4167 2699 4235 Quod
2730 4168 2775 4222 si
2809 4167 3111 4238 peccaverit
3139 4167 3193 4220 in
3232 4172 3286 4220 te
3316 4164 3484 4219 frater
3512 4170 3659 4225 tuus,

2089 4258 2304 4332 corripe
2356 4277 2516 4326 eum;
2569 4260 2615 4315 si
2660 4260 2958 4329 resipuerit
2992 4275 3089 4329 per
3120 4257 3524 4329 paenitentiam,
3575 4255 3663 4309 d’t-

2089 4350 2347 4418 mitte'ei,
2383 4353 2428 4408 si
2458 4353 2662 4422 septies
2711 4354 3012 4407 etiamnum
3050 4352 3103 4405 in
3147 4350 3237 4404 die
3277 4349 3345 4405 ad
3385 4356 3437 4403 te
3481 4360 3664 4401 rever-

422 4444 531 4490 sus'
563 4436 747 4504 fuerit,
807 4441 996 4498 dicens
1025 4442 1156 4498 :IMe
1226 4444 1494 4514 pmnitet;
1524 4443 1859 4499 dimitte'ei.
1888 4440 2060 4499 Deum
2100 4453 2349 4501 nostrum
2401 4426 2634 4501 addecet
2700 4442 2868 4513 gloria
2918 4442 2986 4496 .in
3048 4441 3245 4497 Saecula
3309 4439 3653 4495 saeculorum.

416 4525 611 4582 Amen.

1002 4645 1221 4698 ΛΟΓΟΣ
1275 4647 1394 4701 ΟΒ’.

490 4754 628 4823 Περὶ
680 4754 787 4809 τοῦ
817 4757 1108 4830 εὔχεσθαι
1140 4757 1290 4830 ὑπὲρ
1332 4760 1641 4830 ἀλλήλων,
1667 4762 1767 4817 καὶ
1797 4762 1914 4816 τῶν

1074 4828 1323 4897 ἐχθρῶν.

490 4935 690 4997 Καλὸν,
721 4937 1017 5008 ἀγαπητοὶ,
1033 4940 1096 4992 τὸ
1117 4940 1205 4994 διὰ
1237 4941 1428 4995 πασῶν
1454 4944 1659 4999 ὁδεύειν
1699 4944 1811 4999 τῶν
1839 4946 1985 5001 ἔντος

418 5023 524 5077 λῶν
555 5025 648 5078 τοῦ
678 5028 934 5098 Χριστοῦ·
985 5030 1172 5098 ἐπειδὴ
1206 5032 1368 5103 ἑτέρα
1411 5033 1510 5103 τῆς
1559 5037 1754 5107 ἑτέρας
1804 5038 1984 5109 ἔχεται

417 5114 489 5179 ὡς
520 5117 616 5169 ἐπὶ
644 5116 861 5183 ἁλώσιος
890 5120 1118 5189 χρυσῆς.
1155 5138 1173 5171 ι
1220 5121 1413 5175 llic-cal
1447 5125 1557 5193 γὰρ
1611 5126 1781 5180 πᾶσαι
1820 5129 1878 5180 αἱ
1901 5130 1986 5183 ὲν-

416 5207 570 5260 τολαὶ
600 5209 787 5274 αὐτοῦ,
820 5212 1215 5281 ὲστηριγμέναι
1261 5216 1344 5278 είς
1383 5214 1475 5267 τὸν
1507 5217 1681 5271 αἰῶνα
1714 5218 1809 5271 τοῦ
1853 5220 1986 5273 αἰῶ-

400 5318 523 5364 ννος.
563 5321 582 5353 ι
616 5306 705 5355 Δεῖ
730 5303 822 5379 ούν
849 5305 942 5359 τὸν
976 5307 1243 5375 ἀληθινῶς
1283 5307 1504 5363 θέλοντα
1539 5312 1874 5382 μαθητεῦσαι
1909 5314 1987 5383 τῷ

417 5391 659 5461 Χριστῷ,
703 5394 799 5449 καὶ
828 5396 1195 5467 ,ἐκκαιόμενον
1226 5397 1312 5468 τῷ
1353 5402 1490 5469 πυρὶ
1522 5402 1623 5473 τῆς
1655 5403 1987 5473 ἀγαπήσεως

417 5482 584 5535 αὐτοῦ
636 5484 905 5555 μηδεμίαν
962 5488 1251 5559 παρελθεῖν
1307 5491 1527 5561 ἐντολὴν
1584 5493 1770 5560 αὑτοῦ,
1813 5496 1863 5549 εί
1892 5497 1988 5549 καὶ

486 5620 689 5691 "Luc.
724 5637 872 5686 χχιιι,
896 5623 983 5678 5i.
1059 5626 1103 5657 ³⁸
1128 5626 1258 5682 Luc.
1296 5644 1368 5691 Ix,
1405 5631 1492 5687 55.

416 5689 506 5757 σε,
529 5689 617 5747 35.
656 5687 661 5696 ‘
695 5692 737 5723 ιι
771 5692 905 5748 ibid.
987 5687 1584 5777 2t.ﬂ2,55"Psal.cx,8.

656 5784 927 5845 ΡΑτιιοι.
972 5785 1086 5847 Gn.
1133 5790 1439 5851 LXXXIX
1460 5831 1481 5847 .

1998 5870 2041 5880 ρο.

1603 5634 1646 5665 ’⁷
1678 5632 1845 5690 'Zach.
1885 5635 2062 5703 vn,'9.

2604 4643 2889 4701 HOMiLlA
2918 4644 3129 4702 LXXII.

2071 4757 2238 4823 Quod
2271 4759 2890 4829 pro-invicemorandum
2911 4760 3007 4826 sit,
3033 4766 3084 4815 et
3109 4757 3398 4829 quamlibet
3413 4761 3658 4816 inimicis.

2156 4949 2424 5005 Prmelare
2458 4948 2750 5005 nobiscum
2790 4958 3004 5020 agetur,
3028 4950 3246 5030 fratres,
3273 4951 3319 5006 si
3354 4967 3452 5022 per
3477 4951 3655 5006 omnia

2072 5040 2459 5111 ingredienmr
2491 5040 2557 5094 ad
2589 5042 2963 5112 praescriptam
3010 5042 3171 5097 nobis
3206 5058 3236 5096 a
3274 5041 3501 5096 Christo
3544 5040 3659 5095 for-

2085 5133 2290 5187 mulam
2336 5137 2766 5188 mandatorum:
2805 5134 3250 5204 quandoquidem
3296 5147 3376 5186 suc
3429 5133 3658 5187 alterum

2087 5225 2245 5280 alteri
2270 5226 2593 5282 eobaerescit
2623 5236 2694 5281 et
2728 5227 3046 5285 innectitur,
3080 5225 3236 5293 quasi
3266 5224 3452 5277 annuli
3481 5239 3663 5278 aurea:

2071 5317 2390 5387 cujuSpiam
2418 5319 2688 5374 catenulre
2727 5316 2965 5371 conserti
3001 5317 3143 5369 inter
3195 5331 3253 5370 se
3298 5324 3354 5369 et
3401 5315 3659 5384 implexi:

2084 5424 2113 5458 4
2140 5407 2348 5463 Fidelia
2397 5410 2546 5463 enim
2582 5407 2767 5462 omnia
2810 5406 3061 5461 mandata
3105 5407 3223 5477 ejus
3250 5406 3577 5461 confirmata
3604 5407 3659 5462 in

2089 5500 2349 5554 saeculum
2390 5499 2576 5555 saeculi
2606 5501 2672 5553 ³¹.
2719 5518 2742 5552 ι
2780 5499 3014 5554 Prorsus
3052 5513 3274 5553 necesse
3306 5496 3377 5554 sit
3408 5511 3534 5551 eum
3567 5498 3660 5568 qui

2178 5634 2225 5670 "
2255 5637 2454 5708 Ephes.
2472 5652 2553 5706 1v,
2578 5638 2667 5695 32.
2769 5638 2816 5670 ”
2840 5637 2982 5694 Abd.
3024 5639 3109 5693 15.
3222 5638 3265 5671 ³ο
3290 5638 3480 5695 Matth.
3510 5654 3658 5708 wi,

3270 5798 3342 5862 52
