3986 6148
483 271 621 337 1643

1737 285 2098 350 ANTIOCHI
2137 291 2477 357 MONACHI

3577 309 3690 373 16M

477 384 611 440 velit
639 399 805 440 verus
828 399 951 442 esse
977 384 1184 442 Christi
1213 387 1539 463 discipulus,
1563 399 1716 448 tanto
1748 408 1875 465 enga
1903 393 2035 451 Chri

2165 399 2398 473 βραχεῖά
2428 405 2588 478 τις,ἢ
2616 404 2806 481 βαρεῖα
2842 410 2990 466 δοκεῖ
3013 407 3170 468 εἷναι.
3205 413 3382 478 Αὐτὸς
3411 414 3518 489 γὰρ
3544 413 3690 484 εἶπεν,

475 486 620 530 Itum
656 476 916 532 succendi
955 477 1239 534 charitatis
1279 481 1499 547 ardore,
1529 491 1684 538 utne
1709 484 1880 538 ullum
1921 485 2046 555 qui-

457 569 599 622 .dem
647 567 1025 622 mandatorum
1070 569 1240 638 ipsius
1289 573 1792 643 praetergrediatur,
1828 577 2047 631 tametsi

458 657 530 711 id
561 656 740 726 exigui
797 659 1061 711 momenti
1113 666 1207 712 aut
1258 672 1422 730 grave
1465 678 1584 718 esse
1613 663 1892 720 videatur.
1930 666 2048 736 Ipse

475 749 620 800 enim
663 747 844 801 dixit:
883 767 900 799 ι
941 747 996 804 Si
1032 749 1257 820 diligitis
1306 768 1413 817 me,
1465 753 1720 808 mandata
1765 772 1885 810 mea
1937 771 2050 812 ser-

475 848 598 892 vate
623 838 686 890 ³³.
730 857 748 889 ι
791 839 1004 895 Rursus
1041 858 1054 894 :
1088 860 1107 892 ι
1148 842 1320 930 Amen
1345 842 1472 900 dico
1509 845 1682 910 vobis,
1719 845 1826 901 nisi
1865 847 2044 901 abun-

473 929 688 982 daverit
711 929 924 999 justitia
953 940 1131 987 vestra
1160 934 1448 1003 plusquam
1482 934 1796 989 Scribarum
1820 945 1875 992 et
1904 938 2045 992 Plia-

455 1020 786 1085 risaeorum,
825 1037 1107 1090 nunquam
1162 1023 1443 1080 intrabitis
1498 1025 1554 1079 in
1607 1041 1835 1096 regnum
1873 1027 2045 1081 cmlo-

475 1127 596 1166 rum
629 1110 692 1164 ³³.
737 1131 755 1160 ι
801 1112 871 1166 Ει
908 1114 1154 1182 quidem,
1191 1115 1554 1180 dilectissimi,
1589 1118 1847 1172 hesterna
1878 1119 2046 1188 colla-

453 1203 625 1257 -.tioue
662 1202 1056 1259 edisseruimus
1085 1204 1244 1259 vobis
1272 1221 1435 1274 quam
1465 1207 1536 1260 sit
1563 1223 1790 1264 necesse
1835 1216 1894 1262 ut
1921 1208 2044 1262 ani-

467 1309 564 1348 mo
602 1293 947 1364 ignoscamus
975 1297 1273 1365 proximis;
1308 1296 1471 1351 hodie
1509 1314 1640 1366 vero
1678 1308 1790 1352 non
1825 1299 1879 1353 id
1921 1315 2047 1370 sug-

471 1382 714 1452 gerimus
739 1383 914 1436 solum
936 1384 1188 1437 charitati
1211 1396 1426 1450 vestrae,
1449 1397 1508 1441 ut
1529 1388 1850 1442 condonetis
1875 1388 2046 1444 offen-

473 1487 560 1526 sas
592 1491 604 1524 :
639 1476 772 1543 quin
801 1483 856 1528 et
898 1474 1206 1540 hortamur,
1245 1485 1304 1529 ut
1333 1492 1433 1546 pro
1464 1477 1571 1532 illis
1603 1493 1822 1548 quoque
1853 1495 2044 1548 preces

466 1563 784 1619 eﬂ'undatis.
833 1565 950 1620 Jam
992 1565 1210 1634 quando
1246 1567 1509 1621 Dominus
1561 1568 1675 1636 ipse
1724 1583 1788 1623 ac
1845 1578 2044 1624 nostra:

481 1667 726 1711 assertor
770 1658 964 1712 salutis
1017 1666 1257 1727 utraque
1305 1658 1420 1712 hazc
1470 1659 1752 1714 observari
1785 1668 2042 1728 oportere

2158 509 2176 546 t
2226 493 2352 548 Ἐὰν
2389 499 2640 566 ἀγαπᾶτέ
2677 517 2765 571 με,
2817 503 2916 567 τὰς
2963 505 3179 568 ἐντολάς
3219 523 3319 575 μου
3363 511 3690 578 τηρήσατε.»

2150 586 2262 678 Τίαῖ
2295 583 2476 669 αὖθις,
2519 611 2538 642 ι
2591 592 2766 664 Ἀμὴν
2794 594 2938 663 λέγω
2968 596 3118 663 ὑμῖν,
3153 597 3246 652 ἐὰν
3271 597 3356 668 μὴ
3390 602 3696 678 περισσεύσῃ

2151 674 2304 744 ὑμῶν
2330 678 2362 747 ή
2387 678 2719 751 δικαιοσύνη,
2747 681 2910 736 πλέον
2941 684 3050 736 τῶν
3075 686 3458 756 Γραμματέων
3490 690 3579 742 καὶ
3605 674 3695 744 Qa:

2141 769 2396 838 .pwaitov,
2429 770 2490 822 ού
2533 773 2607 842 μή
2642 772 2918 844 εἰσέλθητε
2951 776 3030 839 είς
3070 777 3167 846 τὴν
3194 777 3471 846 βασιλείαν
3504 781 3606 834 τῶν
3627 783 3697 835 ού-

2141 859 2348 928 ,ρανῶν.
2387 879 2408 912 ι
2441 861 2583 924 Χθὲς
2615 858 2729 928 οὖν,
2766 866 3062 937 ἀγαπητοὶ,
3109 867 3237 937 περὶ
3281 867 3378 921 τοῦ
3415 871 3612 940 ἀφῆσαι
3635 873 3697 943 τῷ

2149 949 2765 1024 πλησίονδιελὲχθημεν·
2795 957 3036 1026 σήμερον
3068 957 3128 1010 ού
3164 957 3324 1022 μόνον
3367 959 3462 1013 τοῦ
3499 962 3694 1032 άφῆσαι,

2150 1038 2285 1092 ἀλλά
2319 1047 2412 1092 καὶ
2439 1040 2698 1112 εὔχεσθαι
2743 1045 2882 1116 ὑπὲρ
2912 1047 3094 1100 αὐτῶν
3123 1048 3270 1116 ὑμᾶς
3303 1049 3695 1123 ὑπομιμνήσκο-

2151 1145 2271 1199 μεν,
2308 1131 2474 1200 ἤγουν
2517 1135 2963 1206 παρακαλοῦμεν,
3012 1139 3199 1210 ἐπειδὴ
3247 1141 3539 1214 ἀμφότερα
3573 1146 3599 1197 6
3623 1147 3698 1198 Δε-

2149 1221 2351 1292 σπότης
2404 1223 2560 1293 ήμῶν
2595 1225 2707 1278 καὶ
2753 1226 2944 1297 Σωτὴρ
2995 1229 3324 1285 ἐντέλλεται.
3379 1234 3582 1304 Μηδεὶς
3623 1231 3697 1289 οὖν

2139 1308 2371 1381 βαρείας
2401 1312 2636 1383 ἡγείσθω
2660 1314 2759 1378 τὰς
2785 1317 3005 1380 ἐντολὰς
3038 1317 3225 1376 αὑτοῦ.
3261 1340 3281 1372 ε
3325 1321 3387 1374 Ὀ
3418 1323 3528 1393 γὰρ
3562 1323 3697 1392 ζυγός

2148 1416 2272 1468 μου,
2301 1403 2484 1470 φησὶν,
2515 1405 2772 1473 χρηστὸς,
2827 1408 2923 1458 καὶ
2973 1406 3030 1459 τὸ
3074 1409 3296 1478 φορτίον
3329 1428 3436 1478 μου
3493 1410 3697 1483 ἐλαφρόν

2137 1491 2308 1544 ἐστιν.
2341 1509 2359 1542 ι
2396 1492 2503 1546 Καὶ
2533 1494 2562 1544 6
2598 1493 2936 1562 Ἀπόστολος,
2967 1515 2986 1549 ι
3013 1499 3135 1562 Τοῖς
3165 1501 3455 1567 ἀγαπῶσιν
3479 1502 3566 1556 τὸν
3589 1504 3698 1557 Θεὸν

2145 1581 2323 1636 πάντα
2366 1587 2618 1655 συνεργεῖ
2668 1588 2748 1649 εἰς
2797 1589 3018 1656 ἀγαθόν.
3059 1606 3080 1640 ι
3114 1591 3317 1655 Καθὼς
3371 1594 3472 1648 καὶ
3513 1596 3568 1646 ἐν
3601 1597 3698 1656 ταῖς

2145 1671 2315 1738 θείαις
2370 1674 2616 1744 Γραφαῖς
2673 1678 2998 1749 εὑρίσκομεν
3057 1681 3268 1746 πάντας
3321 1686 3458 1748 τοὺς
3503 1684 3697 1751 ἁγίους,

467 1746 668 1810 sanxit,
695 1763 856 1802 nemo
884 1748 939 1802 in
965 1756 1246 1818 posterum
1276 1756 1499 1804 censeat
1533 1751 1718 1818 gravia
1746 1765 1864 1804 esse
1891 1752 2038 1803 mau-

2146 1736 2306 1834 ἔργῳή
2347 1736 2750 1830 ἐπιτελέσαντας
2769 1768 2866 1839 τὴν
2901 1736 3128 1841 ’ἐντολὴν
3167 1736 3413 1843 ταύτην,

469 1839 597 1898 data
621 1844 760 1914 eius.
799 1857 817 1890 ‹
848 1839 1045 1909 Jugum
1105 1840 1252 1893 enim
1286 1854 1467 1892 meum
1514 1854 1680 1894 suave
1706 1849 1810 1904 est,
1842 1841 2040 1908 inquit,

469 1941 524 1984 et
555 1947 693 1984 onus
746 1944 928 1983 meum
979 1928 1097 1983 leve
1135 1929 1201 1981 ³³.
1245 1948 1263 1979 ι
1297 1927 1417 1982 Non
1460 1927 1675 1982 abludit
1705 1943 1736 1981 a
1772 1928 2044 1982 sententia

470 2021 683 2074 Domini
739 2017 1034 2087 Apostolus
1087 2034 1100 2070 :
1157 2037 1176 2070 ι
1229 2018 1593 2090 Diligentibus
1645 2018 1816 2073 Deum
1859 2018 2043 2073 omnia

466 2120 832 2179 cooperantur
853 2109 908 2162 in
928 2107 1132 2162 bonum
1158 2108 1224 2160 ³⁸.
1267 2126 1285 2159 ι
1319 2108 1532 2178 1136
1552 2107 1632 2161 Ad
1663 2123 1790 2161 eum
1817 2108 2042 2162 modum

468 2200 714 2254 invenire
738 2199 902 2253 liceat
922 2199 976 2251 in
1005 2196 1206 2251 divinis
1235 2196 1558 2266 Scripturis,
1589 2196 1904 2251 mandatum
1939 2197 2044 2252 hoc

464 2306 635 2361 opere
666 2290 925 2364 implesse
962 2296 1182 2343 sanctos
1211 2303 1423 2353 omnes,
1458 2287 1649 2342 veritis
1673 2289 1845 2342 multo
1878 2288 2058 2345 absol-

497 2382 636 2438 vissc
664 2381 865 2434 omnia.
909 2379 977 2436 Et
1001 2378 1222 2450 quidem
1262 2378 1531 2448 propheta
1563 2379 1652 2448 ille
1691 2379 1909 2434 Samuel
1941 2396 2044 2451 po-

469 2471 598 2542 pulo
625 2469 908 2538 respondit
940 2484 952 2520 :
993 2486 1011 2518 ι
1046 2466 1206 2522 Absit
1259 2467 1365 2520 hoc
1410 2481 1440 2520 a
1470 2481 1555 2520 me
1589 2473 1650 2519 ut
1673 2464 1954 2521 recedam
2008 2482 2041 2522 a

469 2560 720 2625 Domino,
755 2566 816 2613 ut
843 2573 1054 2613 cessem
1087 2557 1348 2618 clamare,
1382 2565 1441 2610 ut
1478 2555 1724 2611 desinam
1752 2572 1913 2611 orare
1940 2571 2041 2628 pro

465 2652 625 2708 vobis
655 2651 723 2707 ad
747 2651 1037 2705 Dominum
1063 2649 1128 2702 ⁸⁷.
1163 2668 1180 2700 i
1211 2648 1424 2703 Rursus
1450 2647 1594 2703 idem
1631 2665 1644 2700 :
1687 2666 1706 2700 ι
1743 2647 1900 2702 Absit
1934 2648 2041 2703 hoc

468 2761 498 2799 a
536 2761 644 2809 me,
676 2753 735 2798 ut
767 2757 986 2814 peccem
1028 2741 1085 2795 in
1122 2740 1372 2804 Domino,
1410 2749 1471 2793 ut
1499 2754 1709 2794 cessem
1741 2755 1899 2794 orare
1939 2755 2040 2809 pro

468 2837 623 2890 vobis
657 2835 722 2887 ³³.
765 2854 782 2883 ι
810 2834 878 2890 Ut
907 2833 1054 2886 hunc
1096 2832 1476 2886 admirabilem
1521 2846 1551 2884 e
1581 2831 1827 2900 pristinm
1856 2831 2041 2900 digni-

468 2927 594 2980 tatis
632 2923 800 2995 gradu
837 2923 1139 2993 dejecerint
1189 2921 1384 2979 Judaei.
1441 2922 1553 2974 imo
1601 2920 2036 2986 exinaniverint,

467 3019 635 3089 petito
662 3030 825 3084 super
841 3030 898 3068 se
919 3029 1067 3085 rege,
1094 3013 1228 3068 nulli
1259 3011 1499 3066 arbitror
1525 3026 1631 3065 non
1662 3011 2028 3080 perspicuum.

466 3073 572 3161 {Sed
610 3115 666 3161 et
703 3073 965 3160 Ieremias
982 3073 1244 3172 Vinsignis
1275 3101 1573 3154 etiamnum
1599 3101 1897 3169 propheta,
1932 3116 2028 3170 per
2059 3073 2104 3131 α

459 3192 775 3247 'Judzeorum
811 3189 1255 3260 ingratitudinem
1291 3197 1437 3241 tanta
1469 3203 1679 3256 passus,
1708 3204 1808 3257 pro
1830 3189 2035 3244 eisdem

466 3284 618 3351 nullo
677 3298 786 3336 non
845 3288 1092 3351 tempore
1143 3280 1492 3350 precabatur.
1549 3279 1606 3333 ld
1670 3295 1860 3333 verum
1915 3296 2036 3335 esse

461 3377 674 3448 liquido
706 3375 980 3445 colligitur
1017 3390 1115 3444 per
1161 3389 1225 3428 ea
1265 3389 1386 3444 quae
1439 3373 1516 3427 illi
1557 3373 1779 3430 dicebat
1826 3375 1972 3431 Deus
2018 3393 2033 3428 :

467 3471 566 3525 «Et
596 3478 652 3523 tu
678 3485 748 3523 ne
777 3483 900 3523 ores
923 3482 1021 3536 pro
1052 3465 1152 3530 eis,
1179 3480 1356 3534 neque
1378 3465 1525 3519 enim
1543 3465 1828 3520 exaudiam
1858 3475 1910 3540 te
1929 3467 2026 3521 ³⁸.»

461 3561 545 3617 Ad
584 3560 838 3615 eumdem
872 3557 1093 3612 modum
1125 3557 1298 3610 Moses
1328 3557 1548 3612 diccbat
1579 3557 1689 3611 Deo
1720 3574 1734 3610 :
1773 3575 1790 3607 ‹
1832 3557 1887 3613 Si
1915 3559 2036 3629 qui-

463 3654 590 3708 dem
629 3651 859 3706 dimittis
886 3650 965 3704 eis
997 3657 1302 3720 peccatum,
1348 3648 1593 3713 dimitte;
1635 3647 1780 3717 quod
1815 3649 1860 3703 si
1899 3665 2030 3714 non,

464 3746 585 3801 dele
624 3759 712 3799 me
748 3741 816 3798 de
845 3741 986 3796 libro
1013 3749 1106 3794 tuo
1134 3740 1200 3792 ⁸ο.
1241 3759 1258 3792 ι
1291 3739 1358 3792 Ει
1383 3740 1486 3794 hoc
1511 3756 1640 3794 sane
1674 3755 1784 3794 non
1816 3739 1891 3793 illi
1917 3755 2035 3793 mo-

465 3839 536 3893 do
574 3837 848 3892 faciebant
891 3833 987 3904 qui
1025 3833 1126 3888 sub
1164 3831 1373 3886 Veteris
1406 3830 1742 3886 Testamenti
1774 3831 2033 3886 vivebant

459 3933 610 4003 jugo,
641 3929 736 3985 sed
765 3936 820 3982 et
850 3927 942 3996 qui
983 3925 1086 3982 sub
1119 3925 1287 3995 gratia
1324 3921 1484 3976 Novae
1511 3923 1668 3992 legis.
1697 3923 1895 3977 Beatus
1935 3922 2029 3976 Ja-

462 4023 635 4078 cobus
664 4019 878 4076 Domini
904 4018 1090 4081 frater,
1120 4016 1418 4085 angelicam
1447 4015 1612 4068 vitam
1638 4014 1693 4068 in
1723 4015 1883 4068 terris
1905 4030 2028 4068 cum

463 4115 706 4176 vixisset,
739 4111 982 4166 omnium
1013 4106 1290 4178 suﬂ‘ragiis
1318 4105 1427 4161 dici
1453 4105 1774 4175 promeruit,
1795 4106 1976 4175 justus
2004 4122 2024 4158 ξ

462 4205 723 4260 nimirum
752 4217 850 4274 per
890 4198 1364 4256 conversationem
1403 4196 1697 4251 sanctioris
1733 4195 1878 4251 vitai.
1929 4197 2029 4253 Hic

464 4294 588 4350 talis
615 4291 1014 4347 munimentum
1063 4295 1181 4342 erat
1225 4286 1432 4356 populi.
1477 4286 1668 4340 Festus
1713 4286 1879 4356 igitur
1908 4287 2026 4342 dies

2145 1854 2242 1930 και
2279 1854 2480 1918 πάσας.
2509 1857 2677 1927 Φησὶν
2711 1857 2843 1927 γοῦν
2887 1861 2914 1913 6
2964 1864 3250 1934 προφήτης
3293 1865 3552 1936 Σαμουὴλ
3586 1867 3700 1936 πρὸς

2142 1950 2235 2004 τὸν
2266 1952 2412 2005 λαόψ
2457 1972 2474 2005 ι
2511 1954 2602 2022 Μή
2649 1971 2739 2025 μοι
2767 1954 2976 2023 γένοιτο
3009 1959 3318 2027 ἀποστῆναι
3351 1960 3462 2014 ἀπὸ
3493 1962 3698 2031 Κυρίου,

2142 2043 2235 2097 τοῦ
2272 2045 2346 2116 μὴ
2376 2045 2502 2116 βοᾷν
2531 2046 2674 2117 ὑπὲρ
2709 2047 2864 2117 ὑμῶν
2899 2051 3357 2120 προσευχόμενον.
3403 2070 3424 2104 ι
3471 2054 3578 2107 Καὶ
3613 2053 3699 2105 πά-

2141 2133 2245 2201 λιν,
2279 2154 2299 2187 ι
2352 2137 2505 2206 Ἐμοὶ
2539 2137 2615 2208 μή
2645 2141 2856 2206 γένοιτο
2894 2140 2990 2194 τοῦ
3043 2143 3311 2212 ἁμαρτεῖν
3371 2141 3451 2213 τῷ
3495 2142 3698 2217 Κυρίῳ,

2141 2227 2237 2281 τοῦ
2265 2227 2560 2281 διαλείπειν
2590 2231 3028 2306 προσευχόμενον
3077 2232 3219 2303 ,ὑπὲρ
3251 2234 3282 2286 ύ
3291 2234 3444 2303 μῶν.
3473 2255 3492 2288 ι
3527 2237 3695 2297 Ὅπως

2141 2317 2198 2370 δὲ
2229 2317 2515 2372 ἀπώσαντο
2541 2319 2636 2373 καὶ
2662 2319 2840 2387 αὐτοὶ,
2864 2321 2960 2374 καὶ
2983 2321 3372 2388 ἐξουδένωσαν,
3400 2325 3698 2396 αἰτήσαντες

2143 2407 2389 2478 βασιλέα,
2424 2409 2591 2462 πᾶσιν
2627 2408 2892 2480 πρόδηλόν
2939 2411 3106 2465 ἐστιν.
3141 2412 3251 2466 Καὶ
3282 2413 3312 2465 6
3351 2413 3616 2485 Ἱερεμίας
3651 2411 3699 2465 δὲ

2137 2499 2170 2551 6
2197 2501 2479 2572 προφήτης
2513 2501 2540 2553 6
2567 2499 2804 2553 τοσαῦτα
2842 2501 2990 2556 κακά
3017 2503 3320 2574 ὑπομείνας
3349 2505 3481 2576 παρ’
3515 2502 3697 2567 αὐτῶν,

2142 2588 2372 2642 πάντοτε
2422 2589 2764 2660 προσηύχετο
2803 2591 2944 2660 ὑπὲρ
2991 2593 3191 2647 αὐτῶν.
3225 2595 3340 2647 Καὶ
3371 2595 3530 2663 δῆλον
3554 2593 3609 2658 ἐξ
3633 2586 3698 2647 ὧν

2141 2679 2279 2747 πρὸς
2315 2679 2474 2733 αὑτὸν
2519 2680 2704 2748 ἔλεγεν
2731 2682 2760 2732 6
2799 2681 2949 2746 Θεός·
2990 2702 3010 2736 ι
3046 2684 3158 2738 Καὶ
3187 2686 3252 2738 σὺ
3289 2686 3367 2755 μὴ
3399 2684 3549 2749 ἀξιοῦ
3585 2683 3697 2754 περὶ

2140 2765 2342 2832 αὐτῶν,
2380 2768 2462 2820 ὅτι
2506 2769 2608 2820 οὐκ
2657 2770 3052 2840 είσακούσομαί
3089 2788 3204 2827 σου.
3239 2790 3264 2824 ι
3313 2773 3589 2835 Ὡσαύτως
3614 2769 3698 2827 καὶ

2139 2859 2168 2910 6
2203 2859 2439 2927 Μωῦσῆς
2468 2857 2653 2926 ἔλεγεν
2688 2860 2824 2930 πρὸς
2858 2859 2950 2916 τὸν
2979 2861 3130 2914 Θεόν·
3162 2881 3181 2913 ι
3213 2863 3278 2914 Et
3311 2864 3413 2932 μὲν
3439 2864 3580 2932 ἀφῇς
3613 2861 3694 2913 αύ-

2134 2949 2249 3011 τοῖς
2278 2949 2376 3018 τὴν
2415 2949 2715 3019 ἁμαρτίαν,
2751 2951 2906 3019 ἄφες
2935 2953 2980 3004 εί
3011 2951 3068 3004 δὲ
3111 2951 3207 3022 μὴ,
3240 2953 3526 3022 ἐξάλειψον
3563 2951 3690 3020 κάμὲ

2139 3039 2238 3109 τῆς
2271 3038 2453 3108 βίϐλου
2489 3057 2603 3094 σου.
2633 3060 2652 3092 ι
2685 3043 2757 3094 Ού
2791 3043 2950 3113 μόνον
2972 3042 3026 3095 δὲ
3059 3046 3110 3096 ot
3131 3044 3189 3096 ἐν
3220 3047 3286 3112 τῇ
3315 3043 3531 3113 Παλαιᾷ
3554 3040 3692 3095 τοῦτο

2140 3130 2376 3197 ἐποίουν,
2409 3130 2546 3184 άλλά
2593 3132 2687 3185 καὶ
2729 3133 2780 3184 οι
2836 3134 2894 3185 ἐν
2935 3135 3000 3203 τῇ
3033 3133 3168 3203 Νέᾳ.
3204 3134 3262 3186 '0
3317 3129 3414 3187 οὖν
3449 3132 3693 3203 μακάριος

2153 3221 2429 3284 Ἰάκωϐος,
2456 3224 2483 3275 6
2505 3222 2730 3291 ἀδελφὸς
2757 3222 2851 3276 τοῦ
2888 3224 3113 3294 Κυρίου,
3150 3225 3444 3293 ἀγγελικὴν
3473 3224 3580 3293 βίον
3611 3221 3691 3290 ξή-

2140 3327 2238 3374 σας
2291 3311 2383 3363 ἐπὶ
2438 3313 2535 3381 τῆς
2585 3311 2711 3380 γῆς,
2755 3313 2986 3382 ἡκουσεν
3033 3314 3186 3383 παρά
3232 3315 3459 3367 πάντων
3487 3314 3687 3374 δίκαιος,

2139 3400 2300 3469 ’ήγουν
2351 3395 2569 3464 ὀλϐίας,
2601 3402 2629 3453 ὃ
2670 3404 2815 3454 ἐστιν
2855 3403 3085 3472 περιοχὴ
3139 3401 3232 3456 τοῦ
3285 3402 3448 3457 λαοῦ.
3481 3401 3682 3474 Ἐορτῆς

2137 3485 2229 3544 οὖν
2253 3489 2415 3559 οὔσης
2443 3491 2536 3544 τοῦ
2578 3492 2794 3562 Πάσχα,
2827 3493 2920 3545 καὶ
2955 3491 3163 3546 πολλῶν
3197 3494 3479 3565 μυριάδων
3521 3491 3683 3546 συνελ-

2137 3578 2333 3634 θόντων
2361 3581 2418 3632 ἐν
2439 3579 2514 3649 τῷ
2535 3581 2648 3651 ναῷ
2685 3582 2977 3646 Ἰουδαίων,
3005 3583 3401 3650 ἀνενέγκαντες
3425 3579 3580 3636 αὑτὸν
3611 3580 3688 3632 ἐπὶ

2133 3670 2196 3722 τὸ
2226 3669 2516 3742 πτερύγιον
2545 3670 2639 3725 τοῦ
2670 3673 2838 3743 ἱεροῦ,
2867 3667 3040 3737 εἷπον,
3079 3672 3370 3743 ’Δξιοῦμὲν
3398 3690 3484 3739 σε,
3509 3671 3685 3733 δίκαιε,

2133 3761 2306 3813 εἰπεῖν
2338 3761 2413 3831 τῷ
2453 3760 2570 3830 λαῷ
2614 3763 2760 3826 ὅπως
2797 3762 2870 3833 μὴ
2906 3765 3172 3816 πλανᾶται
3204 3763 3386 3818 ὀπίσω
3426 3762 3517 3816 τοῦ
3551 3763 3686 3827 λεγο-

2136 3853 2531 3923 μένουςἸησοῦ,
2560 3855 2640 3907 σοὶ
2669 3854 2776 3926 γὰρ
2806 3855 3004 3919 πάντες
3038 3856 3340 3926 πειθόμεθα
3371 3873 3384 3887 ⁸
3416 3857 3476 3910 '0
3497 3855 3550 3908 δὲ
3571 3855 3686 3907 ἀπο-

2133 3943 2339 4010 κριθεὶς
2363 3939 2534 4008 εἶπεν,
2564 3963 2583 3995 ι
2607 3944 2671 3996 Τί
2696 3962 2762 4015 με
2796 3947 3034 4015 ἐρωτᾶτε
3067 3947 3196 4015 περὶ⁸
3217 3947 3314 3999 τοῦ
3339 3945 3476 3999 Υίοῦ
3497 3944 3583 3996 τοῦ
3603 3942 3684 3994 ἀν-

2131 4031 2374 4103 θρώπου;
2399 4036 2508 4086 Καὶ
2536 4033 2694 4096 αὐτὸς
2713 4025 2946 4104 κάθηται
2968 4037 3025 4088 ἐν
3037 4035 3186 4106 δεξιᾷ
3207 4035 3301 4088 τοῦ
3323 4035 3462 4088 Θεοῦ
3486 4036 3541 4086 ἐν
3564 4031 3684 4100 ὑψη-

2129 4121 2274 4187 λοϊςς
2315 4141 2333 4173 ι
2370 4124 2432 4176 0t
2477 4124 2540 4176 δὲ
2601 4125 2910 4194 παράνομοι
2953 4126 3230 4198 ἀρχιερεῖς
3278 4126 3374 4178 καὶ
3425 4123 3686 4193 Φαρισαῖοι

2128 4211 2382 4284 ἔκραξαν,
2428 4214 2512 4277 Ὢ,
2557 4212 2622 4279 ὢ,
2667 4215 2760 4267 καὶ
2797 4217 2825 4267 6
2849 4215 3055 4277 δίκαιος
3083 4214 3389 4285 ἐπλανήθη.
3411 4213 3520 4267 Καὶ
3547 4207 3684 4264 εἶπαν

2132 4304 2269 4374 πρὸς
2297 4303 2584 4372 ἀλλήλους,
2627 4303 2830 4366 Κακῶς
2876 4305 3214 4374 ἐποιήσαμεν
3258 4304 3522 4374 τοιαύτην
3564 4315 3685 4370 μαρ-

463 4386 682 4444 Pascha:
707 4399 831 4438 cum
870 4379 1161 4440 illuxisset,
1194 4380 1361 4447 inque
1393 4377 1656 4447 templum
1689 4379 1872 4432 multa:
1898 4395 2027 4433 con-

2139 4386 2319 4462 πυρίαν
2343 4392 2466 4446 καθ’
2495 4392 2701 4446 ἑαυτῶν
2730 4394 2872 4462 ὑπὲρ
2901 4393 2995 4447 τοῦ
3039 4395 3214 4464 Ἰησοῦ
3265 4394 3680 4466 παραγαγόντες.

460 4477 740 4531 venissent
787 4471 1060 4544 myriades
1085 4468 1420 4534 Iudaeorum,
1451 4476 1507 4522 et
1539 4469 1686 4522 hunc
1715 4469 1934 4524 beatum
1970 4470 2025 4525 in

460 4566 814 4628 pinnaeulum
862 4561 1051 4632 templi
1094 4559 1435 4621 extulissent,
1465 4558 1640 4620 Juste,
1674 4568 1725 4613 te
1767 4560 2025 4614 obsecra-

461 4671 602 4717 mus,
633 4657 807 4720 aiunt,
833 4663 894 4708 ut
925 4655 1077 4708 dicas
1105 4653 1308 4721 populo
1335 4665 1402 4704 ne
1425 4649 1480 4702 in
1500 4658 1778 4718 posterum
1809 4661 2029 4706 exerret

459 4756 586 4820 post
624 4763 749 4802 eum
790 4746 884 4815 qui
924 4745 1129 4800 dicitur
1168 4744 1359 4808 Jesus;
1390 4741 1489 4796 tibi
1529 4742 1676 4796 enim
1709 4757 1898 4796 omnes
1928 4758 2028 4798 nos

463 4839 624 4895 ﬁdem
664 4838 949 4891 habemus.
985 4835 1286 4904 Respondit
1317 4833 1508 4888 beatus
1545 4850 1558 4884 :
1601 4851 1619 4883 ι
1654 4832 1794 4898 Quid
1821 4849 1908 4887 me
1945 4835 2029 4889 in-

465 4930 754 5000 terrogatis
782 4927 849 4982 de
886 4927 1023 4981 Filio
1059 4926 1335 4986 hominis?
1371 4942 1439 4980 en
1484 4927 1598 4994 ipse
1625 4925 1778 4979 sedet
1807 4926 1874 4980 ad
1905 4926 2028 4982 dex-

462 5035 635 5078 teram
664 5020 760 5076 Dei
802 5019 856 5074 iu
886 5018 1163 5074 excelsis?
1189 5038 1207 5069 »
1240 5018 1471 5086 Exleges
1498 5018 1577 5071 illi
1603 5025 1661 5072 et
1681 5017 1858 5087 iniqui
1886 5035 2028 5088 pon-

462 5111 637 5168 tiﬁces
659 5124 728 5164 ac
754 5107 1012 5163 Pharisaei
1051 5106 1428 5162 acclamarunt
1461 5122 1476 5158 :
1511 5104 1556 5160 Ο
1583 5122 1636 5170 o,
1659 5106 1829 5162 etiam
1849 5107 2032 5178 justus

459 5203 550 5256 hic
594 5202 650 5259 in
704 5214 948 5255 errorem
983 5199 1276 5268 prolapsus
1297 5205 1404 5258 est.
1442 5197 1510 5252 Et
1555 5197 1817 5255 dixerunt
1845 5199 1914 5259 ad
1945 5201 2032 5258 in-

459 5294 636 5350 vicem
665 5310 676 5345 :
707 5292 842 5354 Male
867 5290 1117 5354 fecimus,
1145 5289 1310 5346 talem
1332 5297 1527 5345 testem
1550 5289 1914 5360 produximus
1937 5293 2032 5363 qui

459 5385 764 5442 secundum
814 5399 873 5443 Se
906 5382 1281 5443 testimonium
1333 5381 1506 5440 fer-ret
1568 5398 1671 5453 pro
1709 5382 1840 5439 Jesu
1868 5402 1881 5438 :
1913 5385 2033 5455 ipso

2133 4485 2328 4538 Πολλοὶ
2379 4484 2510 4553 γοῦν
2559 4487 2623 4537 ἐκ
2670 4483 2765 4536 τοῦ
2805 4485 2934 4538 λαοῦ
2976 4485 3308 4547 ἀκούσαντες
3354 4483 3545 4547 αὑτοῦ,
3579 4480 3702 4598 ἐπί-ἱ

2137 4590 2366 4598 ---ηρ-η
2437 4575 2496 4598 (Il
2539 4574 2593 4598 ΩΧ
2625 4574 2798 4598 \--..-\
2841 4575 3153 4598 L-.-\nx-.---
3207 4575 3514 4598 ---..ιε..“.μ.
3548 4571 3680 4598 ..λ-λυ

2134 4590 2388 4629 στευσαν.
2437 4575 2499 4627 Ui
2536 4574 2595 4626 δέ
2625 4574 2803 4627 λοιποὶ
2837 4575 3174 4641 ἀνελθόντες,
3207 4575 3514 4630 κατέϐαλον
3544 4571 3692 4642 αὑτὺνξ

2133 4665 2339 4719 ἀνωθεν
2367 4665 2537 4718 κάτον
2568 4666 2596 4718 ὁ
2633 4666 2690 4718 δὲ
2727 4668 2905 4720 πεσὼν
2938 4667 3030 4720 ἐπὶ
3062 4668 3288 4734 γόνατα,
3321 4669 3387 4720 ού
3423 4647 3698 4737 παραχρῆά

2139 4771 2215 4824 μα
2267 4753 2567 4818 ἀπέθανεν,
2617 4755 2734 4808 ἀλλ’
2778 4757 2918 4826 ὑπὲρ
2971 4757 3150 4809 αὐτῶν
3192 4756 3558 4828 προσηύχετο·
3603 4753 3680 4807 καὶ

2131 4845 2356 4912 ἐγγίσας
2403 4861 2487 4905 τις
2533 4845 2640 4896 τῶν
2673 4843 2803 4897 υἱῶν
2844 4846 3094 4916 Ῥαχαϐὶ,
3120 4848 3354 4917 ἤκουσεν
3382 4847 3569 4901 αὐτοῦ·
3601 4846 3681 4898 καὶ

2131 4935 2279 5002 λέγει
2333 4937 2536 4999 αὐτοῖς·
2577 4953 2596 4986 ι
2656 4937 2719 4988 Τί
2758 4939 3000 5004 ποιεῖτες
3033 4939 3062 4990 6
3113 4939 3319 5002 δίκαιος
3365 4940 3509 5010 ὑπὲρ
3549 4935 3682 5007 ὑμῶν

2133 5024 2512 5095 προσεύχεται.
2559 5043 2578 5076 ι
2616 5025 2747 5078 Τότε
2797 5027 3030 5098 δραμών
3079 5042 3163 5089 τις
3200 5031 3463 5097 κναφεὺς
3505 5029 3682 5082 ἔδωκεν

2127 5115 2277 5186 αὐτῷ
2309 5117 2386 5180 εἰς
2415 5118 2478 5169 τὸ
2509 5117 2753 5185 κρανίον,
2782 5119 2919 5188 μετὰ
2948 5119 3042 5172 τοῦ
3079 5120 3263 5186 ξύλου,
3295 5123 3354 5173 ἐν
3392 5115 3439 5188 ᾧ
3478 5121 3546 5173 τά
3576 5117 3684 5188 ἱμά-

2125 5223 2224 5261 τια
2254 5206 2663 5273 ἀποπιέζουσιν,
2691 5209 2786 5262 καὶ
2819 5209 3168 5266 ἐθανάτωσαν
3197 5211 3382 5266 αὐτόν.
3432 5212 3684 5270 Ὡσαύτως

2132 5297 2190 5351 δὲ
2225 5299 2322 5352 κα)⁵
2343 5298 2372 5350 6
2405 5298 2675 5370 μακάριος
2703 5301 2980 5370 Στέφανος
3008 5299 3180 5365 ἑστὼς
3206 5303 3265 5354 ἐν
3294 5302 3449 5373 μέσῳ
3477 5302 3578 5354 τῶν
3601 5315 3686 5350 πα-

2139 5387 2411 5460 ρανόμων,
2445 5387 2714 5461 ἔκραξεν,
2758 5410 2776 5442 ι
2845 5391 2976 5445 Ἰδοὺ
3021 5391 3212 5463 θεωρῶ
3260 5394 3389 5457 τοὺς
3447 5391 3685 5463 οὐρανοὺς

531 5589 750 5666 ³³]ριιῃ.
781 5603 888 5644 xw.
919 5589 1003 5666 lf‘i:
1081 5587 1342 5666 'f‘lttauh,
1374 5604 1424 5646 v.
1455 5587 1543 5640 20.
1580 5588 1663 5666 -ξδ
1696 5588 1883 5643 Matth.
1907 5607 1990 5654 Μ,
2022 5592 2038 5642 ἓ

2187 5594 2230 5624 ³⁸
2270 5594 2423 5649 Rom.
2464 5610 2576 5660 Vill,
2613 5594 2702 5648 98.
2782 5594 2825 5625 ³⁷
2860 5595 2876 5648 1
2905 5595 3036 5665 Reg.
3064 5613 3158 5663 vn,
3189 5597 3243 5651 8.
3317 5594 3366 5630 ⁸³
3395 5594 3419 5650 1
3445 5594 3572 5666 Reg.
3603 5606 3674 5654 ru,

457 5657 546 5712 93.
625 5659 668 5689 "
699 5657 804 5713 lcr.
841 5674 912 5722 λι,
944 5659 1028 5711 Η.
1103 5657 1144 5686 ‘°
1177 5657 1345 5710 Exul.
1378 5674 1542 5720 xxxii,
1580 5657 1668 5711 32.
