3986 6148
490 318 621 415 ian

1760 324 2128 386 ANTIOCHI
2168 327 2518 389 MONACHI

3603 335 3711 399 illis

488 445 601 487 non
652 431 765 502 jam
818 430 1122 488 secundum
1176 432 1503 489 cliaritatem
1555 434 1850 491 ambulas:
1891 457 1908 488 ι
1964 437 2062 491 Nol

2188 438 2283 493 καὶ
2315 440 2723 511 ἁμαρτάνοντες
2748 442 2827 507 είς
2862 442 2991 507 τοὺς
3031 441 3316 513 ἀδελφοὺς,
3346 442 3445 498 καὶ
3469 441 3712 506 τύπτοντες

449 510 456 523 ’
489 523 616 579 cibo
650 532 743 578 tuo
774 523 928 578 illum
960 523 1212 593 perdere,
1250 540 1350 594 pro
1388 542 1499 596 quo
1536 524 1790 582 Christus
1817 537 2071 583 mortuus

486 602 572 669 est
602 616 674 682 ";
728 634 746 666 ι
782 615 861 669 sic
906 625 1089 669 autem
1122 626 1413 686 peccantes
1456 619 1513 674 in
1557 620 1953 675 conscientiam
1989 621 2072 674 in-

484 706 720 772 firmam,
770 707 829 761 in
872 705 1150 762 Christum
1202 724 1519 779 peccamus.
1572 711 1811 782 ideoque
1857 712 1903 766 si
1941 727 2070 768 esca

484 795 820 852 scandalizat
850 796 1078 854 fratrem
1105 815 1311 866 meum,
1353 802 1570 875 1138
1603 803 1851 860 dicamus
1883 814 1940 861 et
1969 822 2071 879 nos

480 889 578 958 qui
629 890 879 961 religiosi
919 908 1111 948 sumus
1162 913 1175 948 :
1216 895 1335 949 Non
1370 896 1714 951 manducabo
1770 914 1967 954 carnes
2012 899 2069 953 in

478 989 772 1049 aeternum,
804 989 865 1037 ut
895 999 964 1039 ne
998 983 1224 1039 fratrem
1281 1002 1466 1041 meum
1520 988 1909 1044 scandalizem.
1945 989 2070 1045 Haec

481 1072 622 1126 nihil
653 1073 886 1127 obscure
920 1072 1178 1152 faciebat,
1206 1072 1405 1131 fratres
1431 1078 1561 1141 mei,
1591 1078 1787 1133 beatus
1818 1078 1906 1134 ille
1935 1078 2070 1134 iide-

478 1164 551 1219 Iis
572 1180 824 1234 prorsus,
851 1165 947 1220 Dei
980 1174 1035 1221 et
1060 1164 1264 1221 Christi
1288 1168 1408 1238 ejus
1431 1170 1864 1234 amantissimus,
1898 1170 2070 1225 idem-

480 1272 589 1323 que
648 1257 844 1313 salutis
885 1258 1267 1329 proximorum
1321 1261 1792 1330 cupientissimus.
1845 1264 1946 1319 Hic
1999 1280 2068 1319 ne

479 1351 608 1418 quis
640 1350 897 1420 improbo
947 1366 1048 1406 suo
1093 1352 1347 1423 exemplo
1399 1352 1890 1423 scandalizaretur,
1932 1356 2070 1410 irre-

478 1442 913 1515 prehcnsibileni
962 1458 1023 1499 se
1069 1458 1163 1514 per
1222 1444 1409 1499 omnia
1452 1444 1790 1511 exhibebat,
1834 1456 2068 1503 mortem

478 1532 718 1603 denique
744 1533 1033 1603 oppetivit.
1069 1535 1283 1605 itaque,
1312 1534 1530 1601 fratres,
1573 1535 1629 1590 in
1661 1537 1921 1592 omnibus
1958 1553 2064 1592 vo-

478 1627 674 1681 luntati
711 1636 917 1682 nostrae
970 1627 1285 1699 injiciamus
1336 1628 1586 1692 frenum,
1625 1629 1861 1700 proximi
1903 1645 2067 1686 causa

475 1734 598 1773 eam
646 1718 1014 1789 praecidentes
1061 1737 1074 1772 :
1129 1726 1193 1774 ut
1241 1735 1310 1775 ne
1361 1729 1620 1775 auctores
1670 1721 1838 1776 ullius
1891 1721 2068 1776 simus

2178 528 2363 583 αὐτῶν
2384 533 2484 600 τὴν
2511 531 2823 604 συνείδησιν
2846 532 3198 599 ἀσθενοῦσαν,
3224 534 3302 595 εἰς
3330 534 3558 604 Χριστὸν
3574 535 3713 606 ἀμαρ-

2172 620 2432 689 τάνομεν.
2464 623 2667 694 Διόπερ
2711 624 2760 675 εί
2805 622 3002 694 βρῶμα
3039 623 3387 688 σκανδαλίζει
3416 623 3505 677 τὸν
3528 624 3713 695 ἀδελφὸν

2174 725 2291 772 σου,
2324 710 2573 781 εἴπωμεν
2626 712 2723 766 καὶ
2771 713 2932 782 ἡμεῖς
2963 714 3013 766 oi
3055 714 3326 777 εὐλαόεἴςο
3360 715 3435 768 Οὔ
3488 715 3558 786 μὴ
3588 716 3714 784 φάγω

2171 801 2314 873 κρέα
2363 803 2445 865 είς
2489 802 2581 855 τὸν
2613 801 2809 866 αἰῶνα,
2828 802 2932 857 ⁴ἵνα
2972 804 3048 874 μὴ
3078 805 3171 858 τὸν
3199 804 3428 872 ἀδελφόν
3458 822 3555 876 μου
3585 822 3712 860 σκαν-

2170 891 2392 945 δαλίσωο
2427 891 2603 947 ταῦτα
2657 894 2716 947 δὲ
2762 894 2949 964 λέγει,
2983 895 3157 967 ἤγουν
3199 898 3366 961 ποιεῖ,
3406 898 3435 949 6
3464 896 3616 960 ὅντως
3647 914 3713 949 πι-

2173 983 2320 1048 στὸς,
2356 984 2454 1037 καῖ⁸
2489 985 2761 1055 φιλόθεος,
2793 987 2889 1041 καλ⁸
2920 987 3296 1058 φιλόχριστος,
3342 989 3440 1042 καὶ
3469 987 3711 1058 φιλοπλού-

2174 1085 2309 1134 σιος,
2341 1073 2369 1124 6
2423 1073 2565 1125 κατά
2600 1074 2781 1127 πάντα
2810 1075 3163 1146 ἀπρόσκοπον
3206 1077 3402 1131 ἐαυτδν
3439 1077 3624 1149 τηρῶν,
3649 1077 3712 1129 ῐνα

2176 1160 2251 1232 μὴ
2277 1161 2342 1214 δι’
2375 1163 2541 1217 αὑτοῦ
2589 1180 2678 1227 τις
2712 1165 3130 1230 σκανδαλισθεὶς
3171 1168 3448 1239 ἀποθάνῃ.
3490 1168 3712 1237 Κὸψωμιν

2170 1254 2289 1322 οὖν,
2325 1255 2571 1324 ἀδελφοὶ,
2601 1257 2671 1309 τὰ
2709 1254 2995 1327 θελήματα
3025 1259 3211 1331 ήμῶν,
3241 1259 3321 1333 τῷ
3348 1260 3572 1330 πλησίον
3594 1259 3713 1330 ἡμῶν

2170 1347 2230 1399 ἐν
2277 1348 2442 1411 πᾶσι,
2480 1348 2568 1402 ἵνα
2622 1348 2697 1419 μὴ
2743 1348 3036 1421 γενώμεθα
3085 1353 3249 1405 αἴτιοι
3298 1352 3617 1418 σκανδάλων,
3643 1351 3714 1403 καὶ

2170 1443 2561 1512 καταστροφῆς
2614 1444 2729 1506 τοῖς
2779 1443 3102 1511 ἀκούουσιν,
3160 1445 3256 1497 καὶ
3313 1445 3600 1506 βλέπουσιν
3642 1443 3715 1513 τὴν

2168 1530 2445 1603 διαγωγὴν
2491 1533 2671 1603 ἡμῶν.
2728 1535 3023 1605 Μακάριος
3058 1535 3121 1599 ὃς
3169 1539 3547 1607 καταπτήσσει
3577 1534 3715 1587 «dm

2169 1623 2237 1677 δι’
2279 1625 2592 1679 εὐλάϐειαν.
2652 1626 2863 1697 Γράφει
2910 1627 2966 1680 δὲ
3016 1628 3111 1681 καὶ
3144 1629 3173 1681 6
3222 1630 3497 1700 μακάριος
3525 1619 3717 1692 Παῦλος,

2176 1715 2410 1786 «Μηδεὶς
2430 1717 2495 1771 τά
2524 1716 2719 1771 ἑαυτοῦ
2736 1718 2991 1790 ζητείτω,
3021 1720 3158 1774 ἀλλὰ
3174 1720 3243 1774 τὰ
3267 1721 3365 1774 τοῦ
3382 1721 3599 1791 πλησίον
3617 1720 3719 1772 Exa-

476 1812 720 1868 seandali
752 1821 849 1869 aut
890 1812 1269 1869 subversionis
1300 1811 1688 1878 audientibus,
1717 1821 1882 1884 atque
1929 1808 2057 1870 vita:

2172 1824 2303 1872 στος.
2337 1826 2472 1860 »-‹
2507 1810 2872 1882 ’Δπρόσκοποι
2891 1812 3134 1881 γίνεσθε,
3160 1814 3299 1884 φησὶ
3317 1856 3333 1881 ,
3360 1814 3717 1875 καὶἸουδαίοις,

477 1899 638 1956 istius
657 1910 861 1956 nostra:
886 1901 1201 1956 institutum
1226 1902 1663 1973 explorantibus.
1684 1902 1777 1958 Ille
1802 1919 2070 1974 perquam

471 1995 676 2049 beatus
720 1992 817 2073 qui
852 1993 1077 2064 pietatis
1113 1992 1333 2049 tuendae
1378 1994 1556 2065 gratia
1603 2002 1803 2051 cuncta
1842 2003 2069 2050 veretur

472 2102 543 2142 ac
584 2086 762 2143 timet.
796 2084 1083 2156 Scriptura
1111 2101 1353 2157 namque
1387 2086 1557 2142 habet
1593 2102 1659 2142 ac
1697 2086 1896 2143 beatus
1928 2088 2071 2143 Pau-

475 2180 564 2235 lus
603 2195 617 2233 :
649 2197 669 2230 ι
709 2178 885 2234 Nemo
914 2185 1125 2249 quaerat
1172 2192 1296 2249 quae
1327 2194 1425 2233 sua
1452 2186 1613 2243 sunt,
1646 2178 1744 2234 sed
1777 2193 1902 2249 quae
1942 2195 2071 2250 pro-

482 2273 699 2327 ximi".
730 2291 860 2324 ι-ι
880 2270 1637 2342 lrreprehensibiles'estote,
1667 2271 1838 2338 ait,et
1861 2272 2069 2329 Judaais

470 2371 537 2416 .ct
577 2362 792 2419 Grmcis
855 2372 913 2417 et
961 2359 1231 2417 Ecclesia:
1288 2361 1435 2429 Dei;
1482 2362 1954 2432 quemadmodum
2009 2373 2068 2422 et

478 2470 581 2527 ego
608 2453 871 2510 omnibus
898 2468 998 2524 per
1020 2454 1205 2508 omnia
1235 2452 1449 2523 placeo,
1481 2469 1595 2509 non
1638 2469 1892 2525 quaerens
1914 2454 2066 2526 quod

476 2544 616 2600 mihi
656 2544 761 2616 ipsi
801 2544 939 2600 utile
988 2553 1092 2610 est,
1144 2544 1242 2600 sed
1280 2558 1404 2615 quae
1456 2544 1784 2611 multorum,
1817 2552 1879 2599 ut
1927 2545 2065 2601 salvi

470 2641 616 2697 ﬁant
648 2640 716 2695 ⁸⁸.
748 2660 771 2697 ι
806 2640 876 2697 Ει
905 2655 1147 2695 rursus:
1182 2658 1201 2691 ‹
1253 2638 1510 2694 Charitas
1558 2654 1672 2692 non
1706 2636 1909 2708 quaerit
1940 2652 2067 2707 qua:

479 2747 577 2787 sua
603 2732 779 2803 ipsius
805 2740 959 2798 sunt,
987 2746 1103 2785 non
1151 2730 1431 2797 irritatur,
1462 2728 1648 2784 omnia
1694 2726 1913 2793 suffert,
1941 2742 2066 2783 om-

386 2806 391 2813 .
480 2823 569 2878 nia
598 2824 839 2879 sustinet
868 2822 936 2877 “.
972 2842 990 2876 ι
1028 2820 1137 2877 Sed
1185 2830 1241 2877 et
1273 2822 1321 2877 is
1348 2820 1517 2876 infert
1544 2837 1557 2874 :
1602 2838 1620 2872 ι
1652 2819 1931 2874 Debemus
1962 2835 2065 2874 au-

478 2921 588 2966 tem
623 2926 727 2966 nos
752 2911 849 2980 qui
878 2918 1136 2981 potentes
1160 2925 1374 2976 sumus,
1401 2908 1756 2965 infirmitates
1784 2907 2064 2978 impoten—

477 3003 617 3057 tium
668 3002 994 3066 sustinere,
1059 3011 1116 3058 et
1164 3018 1276 3058 non
1336 2998 1759 3071 nobismetipsis
1806 3000 2061 3071 placere;

476 3096 686 3152 etenim
722 3096 840 3168 ipse
886 3096 1145 3152 Christus
1191 3112 1304 3150 non
1335 3095 1443 3150 sibi
1497 3092 1605 3164 ipsi
1666 3093 1875 3163 placuit
1912 3093 1987 3146 ".
2036 3111 2055 3143 ι

470 3191 684 3244 iterum
721 3207 736 3245 :
777 3208 796 3242 ι
840 3188 978 3256 Quis
1014 3188 1349 3253 infirmatur,
1382 3195 1441 3243 et
1485 3202 1587 3257 ego
1619 3200 1731 3240 non
1775 3184 2067 3251 infirmor?

478 3282 606 3352 quis
630 3280 1042 3337 scandalizatur
1090 3287 1147 3334 et
1202 3294 1303 3350 ego
1338 3294 1453 3333 non
1487 3293 1623 3332 uror
1670 3277 1762 3329 σοι
1793 3295 1813 3328 ι
1862 3271 1971 3331 Sed
2010 3283 2068 3331 et
2120 3267 2129 3275 ’

481 3373 745 3429 Dominus
777 3390 791 3426 :
837 3390 856 3424 ι
898 3372 1050 3426 Meus
1082 3370 1243 3441 cibus
1277 3366 1451 3425 estut
1489 3368 1685 3423 faciam
1722 3368 2064 3422 voluntatem

2174 1899 2271 1953 καὶ
2303 1899 2582 1971 Ἕλλησιν,
2611 1902 2707 1956 καὶ
2768 1906 2835 1973 τῇ
2869 1902 3171 1975 Ἐκκλησία
3215 1892 3330 1958 τοῦ’
3367 1903 3500 1957 Θεοῦ
3521 1918 3534 1929 ·
3573 1899 3721 1962 καθὼς

2173 1988 2331 2058 κάγὼ
2378 1992 2733 2047 παντάπασιν
2791 1995 3037 2064 ἀρέσκω,
3063 1996 3125 2049 οὐ
3165 1996 3351 2066 ζητῶν
3400 1995 3461 2048 τὸ
3514 1992 3717 2064 ἐμαυτοῦ

2174 2082 2476 2155 συμφέρον,
2508 2084 2647 2139 ἀλλά
2676 2085 2738 2138 τὸ
2763 2085 2871 2139 τῶν
2901 2086 3136 2151 πολλῶν,
3171 2086 3261 2141 ἵνα
3291 2086 3556 2142 σωθῶσιν.
3587 2104 3605 2136 ι
3633 2083 3719 2136 Καὶ

2172 2174 2359 2243 πάλιν,
2399 2194 2419 2228 ι
2465 2177 2527 2230 Ἢ
2548 2178 2736 2248 ἀγάπη
2764 2178 2825 2231 οὐ
2873 2176 3034 2251 ζητεῖ
3068 2178 3139 2233 τά
3183 2180 3409 2251 ἑαυτῆς,
3429 2180 3490 2234 οὐ
3522 2174 3720 2250 παροξύ-

2170 2281 2346 2331 νεται,
2382 2266 2565 2322 πάντα
2611 2267 2815 2336 στέγει,
2859 2268 3038 2323 πάντα
3090 2270 3381 2341 ὑπομένει.
3430 2288 3449 2322 ι
3492 2269 3594 2322 Kal
3623 2268 3720 2319 ἐπι-

2171 2356 2362 2429 φέρει⁸
2402 2375 2423 2409 ι
2479 2358 2801 2431 Ὀφείλομεν
2858 2361 2917 2415 δέ
2965 2361 3062 2415 και
3111 2364 3279 2432 ἡμεῖς
3337 2363 3388 2415 οι
3437 2358 3639 2415 δυνατοὶ
3666 2357 3722 2411 τι

2169 2449 2527 2522 ἀσθενήματα
2556 2453 2666 2507 τῶν
2696 2453 2976 2509 ἀδυνάτων
3019 2452 3337 2526 βαστάζειν,
3382 2454 3475 2508 καὶ
3520 2453 3592 2524 μὴ
3618 2454 3722 2506 ἐαυ-

2167 2544 2280 2606 τοῖς
2314 2541 2593 2615 ἀρέσκειν.
2630 2544 2743 2597 Καὶ
2771 2544 2881 2617 γὰρ
2913 2546 2942 2599 6
2986 2544 3224 2618 Χριστὸς
3255 2545 3358 2615 οὐχ
3392 2542 3564 2613 ἐαυτῷ
3605 2542 3722 2615 ἠρι-

2169 2649 2282 2688 σεν.
2319 2652 2340 2686 ι
2374 2634 2486 2687 Καὶ
2520 2634 2705 2703 πάλιν,
2746 2654 2765 2687 ι
2789 2636 2901 2700 Τίς
2951 2635 3193 2705 ἀσθενεῖ,
3244 2638 3342 2692 καὶ
3377 2637 3479 2691 οὑκ
3506 2633 3717 2696 ἀσθενῶς

2166 2724 2250 2789 τίς
2276 2726 2716 2793 σκανδαλίζεται,
2749 2728 2846 2781 καὶ
2889 2728 2990 2781 οὐκ
3028 2727 3142 2798 ἐγὼ
3168 2727 3493 2800 πυροῦμαις
3534 2745 3553 2780 ι
3585 2724 3723 2779 Καὶὸ

2166 2818 2372 2889 Κύριός
2399 2838 2584 2892 φησιν,
2607 2838 2628 2872 ι
2670 2820 2831 2890 Ἐμὸν
2864 2819 3063 2891 βρῶμά
3100 2821 3252 2873 ἐστιν
3293 2820 3386 2875 ἵνα
3420 2817 3552 2873 ποιῶ
3573 2816 3626 2871 τὸ
3649 2811 3722 2867 θέ-

2164 2907 2230 2979 λη
2240 2926 2319 2979 μα
2340 2898 2436 2965 τοῦ
2458 2911 2775 2981 πέμψαντός
2803 2927 2872 2982 με
2904 2911 3138 2983 Πατρδς,
3165 2911 3263 2965 καὶ
3289 2908 3558 2965 τελειώσω
3580 2902 3719 2963 αὑτοῦ

2164 3001 2225 3054 τὸ
2272 3001 2451 3081 ἐργον.
2495 3021 2513 3055 ›
2548 3004 2774 3076 Θέλημα
2827 3004 2884 3058 δὲ
2928 3003 3023 3057 τοῦ
3056 3004 3272 3075 Πατρδς
3299 3004 3465 3058 αὐτοῦ
3504 3004 3636 3055 ἐστιν
3670 2995 3722 3051 τὸ

2169 3095 2406 3167 σωθῆναι
2440 3097 2615 3153 πάντα
2653 3096 2960 3167 ἄνθρωπον.
2984 3090 3111 3150 Kal.
3143 3096 3335 3162 πάλιν,
3373 3116 3392 3149 ι
3431 3090 3719 3161 Κατασέϐη·

2172 3206 2244 3242 κα
2296 3192 2361 3243 ἐκ
2412 3188 2508 3242 τοῦ
2562 3188 2832 3259 οὐρανοῦ,
2880 3189 2981 3258 οὐχ
3034 3188 3123 3241 ἵνα
3161 3187 3306 3241 ποιῶ
3355 3187 3417 3240 τὸ
3446 3186 3638 3254 “aqua
3668 3180 3719 3233 τὸ

2170 3280 2325 3349 ἐμὸν,
2359 3279 2498 3333 ἀλλά
2529 3280 2588 3333 τδ
2639 3279 2855 3350 θέλημα
2904 3279 3001 3332 τοῦ
3050 3278 3373 3350 πέμψαντός
3415 3295 3482 3349 με
3520 3272 3714 3345 Πατρός.

2170 3366 2329 3437 Αὐτῷ
2360 3369 2393 3438 ἡ
2421 3360 2548 3434 δόξα
2582 3369 2663 3431 είς
2698 3370 2827 3432 τοὺς
2861 3367 3088 3432 αἰῶνας.
3132 3367 3331 3439 Ἀμήν.

474 3468 601 3539 ejus
618 3465 715 3536 qui
738 3463 1011 3528 misitme,
1034 3462 1234 3527 Patris,
1256 3461 1609 3530 etperﬁciam
1633 3475 1773 3531 Opus
1798 3461 1919 3530 ejus
1946 3459 2015 3512 ".
2062 3478 2082 3511 ι
2127 3460 2394 3515 Voluntas
2427 3468 2612 3514 autem
2643 3459 2821 3530 ipsius
2870 3466 2978 3527 est,
3008 3465 3072 3513 ut
3119 3458 3330 3523 salvom
3394 3470 3603 3513 omnem
3639 3452 3719 3507 ho-

474 3559 706 3614 minem.
741 3556 1001 3611 Rursus:
1045 3573 1062 3605 (
1104 3554 1376 3609 Descendi
1424 3553 1493 3608 de
1541 3554 1705 3618 cmlo,
1737 3568 1849 3629 non
1898 3559 1961 3606 ut
2025 3550 2229 3633 faciam
2300 3551 2646 3607 voluntatem
2694 3567 2899 3618 meam,
2967 3550 3067 3606 sed
3104 3551 3460 3606 voluntatem
3494 3552 3605 3620 ejus
3640 3543 3714 3614 qui

477 3648 635 3707 misit
662 3661 774 3713 me,
806 3646 990 3702 Patris
1017 3645 1086 3699 ⁸⁸.
1119 3663 1139 3697 ι
1167 3644 1275 3715 ipsi
1306 3644 1479 3716 gloria
1514 3643 1573 3699 in
1609 3644 1809 3719 saecula
1837 3642 2192 3699 saeculorum.
2227 3640 2424 3698 Amen.

998 3755 1287 3813 HOMILIA
1324 3755 1555 3812 LXXIV.

929 3867 1008 3923 De
1045 3883 1151 3922 non
1178 3867 1613 3938 concupiscendo.

552 3988 832 4059 Scriptum
862 3992 986 4040 est:
1020 4002 1039 4034 ι
1067 3980 1398 4051 Quicunque
1432 3980 1643 4051 Spiritu
1668 3981 1767 4037 Dei
1797 3992 2061 4054 aguntur,

474 4080 658 4138 biﬁlii
692 4086 825 4136 sunt
852 4077 950 4134 Dei
977 4077 1055 4129 I““:
1086 4095 1103 4124 ι
1133 4074 1290 4140 Quod
1318 4090 1362 4128 SI
1398 4073 1497 4127 ﬁlii
1518 4074 1614 4127 Dei
1656 4072 1796 4129 ﬁlias
1823 4074 2064 4146 diligunt

481 4174 794 4236 hominum.
834 4170 948 4226 hoc
1002 4177 1107 4232 est,
1144 4165 1373 4221 humani
1408 4164 1617 4219 favoris
1662 4164 1746 4219 vel
1777 4166 2064 4222 existima-

483 4265 652 4323 tionis
683 4262 967 4319 ducuntur
1011 4254 1308 4311 affectibus
1341 4268 1356 4307 :
1390 4251 1480 4307 cui
1511 4251 1809 4307 obscurum
1847 4251 1940 4315 sit,
1980 4260 2063 4305 ta-

2771 3757 2989 3812 ΛΟΓΟΣ
3028 3754 3148 3809 οΔ’.

2583 3868 2728 3939 Περὶ
2766 3869 2876 3923 τοῦ
2899 3868 2990 3948 μὴ
3010 3866 3345 3935 ἐπιθυμεῖν.

2241 3984 2578 4055 Γέγραπται,
2605 4001 2623 4034 ι
2657 3983 2816 4037 Ὅσοι
2847 3981 3130 4052 Πνεῦματι
3163 3980 3303 4034 Θεοῦ
3340 3980 3579 4047 ἄγονται,
3600 3970 3715 4030 οὗτοι

2170 4076 2310 4129 είσιν
2345 4075 2449 4128 υἱοὶ
2486 4074 2644 4132 Θεοῦ.
2682 4093 2701 4127 ι
2752 4074 2877 4127 Ἐἀν
2910 4069 3004 4128 οὖν
3034 4073 3142 4126 υίοὶ
3171 4071 3269 4126 τοῦ
3293 4071 3434 4125 Θε.ὖ
3466 4067 3719 4139 ἀγαπήσω-

2172 4178 2258 4214 σιν
2286 4162 2385 4225 τάς
2419 4161 2733 4233 θυγατέρας
2764 4162 2875 4215 τῶν
2904 4160 3228 4230 ἀνθρώπων,
3257 4162 3559 4223 τουτέστιν,
3589 4157 3717 4221 δόξας

2172 4253 2540 4324 ἀνθρωπίνας,
2587 4255 2652 4308 ὲκ
2680 4253 2887 4307 τούτων
2920 4252 3108 4305 λοιπὸν
3142 4252 3447 4320 γεννῶνται
3477 4251 3715 4319 γίγαντες.

480 4361 619 4416 lium
657 4354 1017 4412 commistura
1045 4348 1193 4420 gigni
1229 4347 1283 4401 in
1311 4356 1594 4416 posterum
1620 4343 1870 4415 gigantes
1901 4343 2067 4398 initio

2172 4345 2218 4397 oi
2268 4346 2364 4397 ἀπ’
2406 4344 2600 4408 αἰῶνος
2638 4343 2954 4416 ὀνομαστοί*
2992 4344 3295 4407 τουτέστιν,
3345 4345 3413 4397 ἐκ
3447 4344 3540 4409 τῆς
3567 4337 3716 4392 τοιαύ-

482 4451 670 4508 statim
710 4443 932 4503 conditi
978 4441 1133 4496 orbis
1181 4438 1431 4493 celebres
1470 4435 1734 4504 opinione
1770 4444 1934 4504 atque
1985 4433 2066 4488 fa-

483 4513 703 4599 mosos?
731 4538 838 4593 hoc
873 4542 992 4599 est,
1033 4546 1063 4585 e
1098 4529 1304 4601 quibus
1343 4541 1569 4598 germen
1607 4525 1834 4581 emersit
1878 4522 2064 4594 gloria:

480 4632 687 4691 inanis.
723 4641 922 4697 nempe
966 4622 1249 4693 superbia,
1274 4620 1463 4680 elatio,
1493 4617 1702 4672 inﬂatio
1722 4617 1837 4672 sive
1861 4616 2063 4706 fastus,

484 4721 802 4793 arrogantia
850 4719 965 4773 sive
1006 4714 1302 4771 immodica
1336 4711 1671 4767 existimatio
1707 4709 1814 4773 sui,
1847 4709 2066 4779 jactan-

486 4817 563 4871 tia
596 4814 712 4869 sive
744 4808 1020 4881 glOriatio.
1048 4806 1097 4861 Α
1120 4804 1326 4860 εξεοιιιο
1353 4798 1500 4858 enim
1533 4802 1761 4857 emersit
1783 4798 2065 4870 superbia,

487 4924 553 4963 ac
592 4903 781 4963 caeteri
821 4899 1005 4955 vitiosi
1054 4898 1285 4953 affectus
1332 4911 1399 4951 ex
1439 4896 1556 4964 ipsa
1587 4894 1736 4948 enati
1774 4901 1925 4947 sunt.
1962 4892 2069 4947 Sed

488 4999 620 5072 quid
648 4993 826 5053 Deus?
858 5011 877 5044 ι
907 4992 1028 5047 Non
1057 4988 1405 5060 permanebit
1428 4985 1670 5056 Spiritus
1702 4998 1859 5040 meus
1882 4984 1937 5037 in
1966 4984 2071 5038 ho-

490 5091 733 5148 minibus
763 5086 852 5141 his
873 5085 931 5140 in
947 5089 1213 5139 aeternum
1237 5079 1284 5110 ⁸⁸
1308 5094 1323 5143 ;
1356 5097 1375 5130 ι
1398 5078 1529 5148 quia
1547 5076 1798 5132 carnales
1822 5083 1952 5131 sunt
1973 5090 2072 5145 per

488 5198 672 5257 pravae
698 5176 1163 5249 concupiscentiae
1182 5170 1579 5242 corruptelam,
1604 5169 2072 5241 quemadmodum

490 5286 546 5333 et
578 5273 786 5333 Paulus
821 5270 1410 5338 Galatascoarguens,
1433 5262 1572 5319 dicit
1603 5279 1618 5316 :
1646 5279 1664 5314 ι
1696 5259 1836 5317 Cum
1872 5261 2075 5329 spiritu

490 5365 794 5441 emperitis,
815 5378 968 5419 nunc
981 5375 1146 5417 carne
1162 5354 1624 5429 consummamini
1645 5354 1711 5407 “.
1743 5352 2067 5426 iEgregium

489 5474 622 5517 sane
648 5456 846 5522 fuerit,
892 5454 938 5509 si
974 5452 1198 5523 quidem
1250 5450 1319 5503 ab
1344 5445 1617 5518 ejusmodi
1662 5460 1784 5515 qua:
1819 5444 1875 5498 in
1913 5459 2073 5497 mun-

492 5554 565 5611 do
615 5557 767 5616 sunt,
808 5542 1277 5617 concupiscentiis
1323 5539 1670 5596 excidemur.
1717 5536 1868 5592 Talis
1920 5535 2072 5591 enim

563 5711 605 5740 "
638 5707 802 5760 Rom.
832 5718 939 5758 xw.
968 5701 1056 5754 lii.

1137 5699 1181 5729 "
1211 5700 1227 5749 l
1258 5696 1386 5751 Cor.
1415 5711 1449 5749 Χ
1485 5737 1498 5759 ,
1526 5694 1618 5749 24.
1693 5692 1740 5723 ⁵³
1766 5691 1901 5747 ibid.

2190 5692 2207 5744 l
2237 5690 2364 5746 Cor.
2410 5708 2528 5754 xui,
2552 5693 2605 5757 5,
2641 5693 2671 5747 Ἰ
2766 5692 2812 5723 ⁸⁵
2852 5691 3009 5747 Rom.
3068 5705 3158 5754 xv,
3193 5690 3242 5751 l,
3273 5689 3305 5741 5

2170 4454 2268 4507 της
2299 4435 2457 4506 δόξης
2488 4437 2746 4503 γεννᾶται
2771 4434 3145 4506 ὑπερηφανία,
3173 4435 3435 4505 ἔπαρσις,
3468 4428 3714 4500 ἐρυσίωσιςν

2171 4528 2369 4598 οἴησις,
2402 4527 2556 4596 ὕψος,
2595 4528 2901 4592 ἀλαζονείαο
2933 4527 3028 4581 ἀπ’
3055 4527 3251 4589 αἰῶνος
3270 4526 3383 4597 γὰρ
3413 4528 3448 4597 ἡ
3473 4526 3715 4594 6mm?!-

2172 4618 2264 4672 νία
2303 4619 2399 4673 καὶ
2436 4618 2505 4671 τά
2547 4618 2711 4672 λοιπά
2743 4617 2913 4688 παθη.
2945 4618 3058 4671 Καὶ
3085 4616 3232 4685 λέγει
3254 4619 3283 4669 6
3313 4618 3477 4682 Θεὸς,
3513 4635 3532 4669 ι
3569 4615 3635 4667 Οὐ
3660 4608 3716 4682 μὴ

2175 4710 2482 4783 καταμείνῃ
2518 4711 2579 4765 τὸ
2630 4710 2856 4781 Πνεῦμά
2904 4728 3005 4780 μου
3034 4712 3093 4764 ἐν
3118 4712 3235 4774 τοῖς
3276 4699 3589 4780 ἀνθρώποις
3624 4702 3716 4757 ratio

2174 4819 2308 4867 τοις,
2342 4803 2422 4864 είς
2447 4803 2536 4855 τὸν
2564 4801 2761 4869 αίῶνα,
2792 4820 2811 4853 ι
2849 4801 2938 4855 διά
2962 4801 3023 4869 τδ
3049 4801 3191 4855 εἶναι
3222 4802 3427 4863 αὐτοὺς
3464 4795 3716 4869 σαρκικοῢς

2174 4894 2282 4947 τῶν
2331 4894 2518 4947 κακῶν
2551 4894 2879 4965 ἐπιθυμιῶν.
2911 4894 3109 4957 Καθὼς
3141 4893 3237 4947 καὶ
3271 4895 3298 4946 6
3335 4892 3547 4953 Παῦλος
3569 4889 3715 4953 λέγει.

2182 4984 2534 5056 μεμφόμενος
2593 4986 2884 5047 Γαλάταις
2926 5004 2946 5038 ι
2974 4985 3255 5055 Πνεύματι
3295 4986 3617 5055 ἀρξάμενοι,
3648 4974 3715 5031 νῦν

2174 5077 2337 5147 σαρκὶ
2387 5076 2748 5132 ἐπιτελεῖσθε.
2799 5076 2980 5130 Καλὸν
3020 5076 3116 5131 οὖν
3159 5077 3309 5130 ἐστιν
3339 5076 3406 5128 τὸ
3454 5071 3718 5129 ἀνακόπτε-

2174 5168 2298 5223 σθαι
2361 5169 2470 5223 ἀπὺ
2521 5168 2628 5224 τῶν
2684 5167 2996 5240 ἐπιθυμιῶν
3028 5168 3138 5222 τῶν
3193 5170 3255 5222 ἐν
3287 5168 3368 5239 τῷ
3419 5167 3625 5236 κόσμῳ,
3657 5159 3720 5213 ὅτι

2175 5262 2324 5315 πᾶσα
2357 5261 2621 5331 ἐπιθυμία
2664 5261 2810 5315 κατά
2858 5260 2955 5315 τοῦ
2979 5260 3292 5331 πνεύματος
3351 5255 3716 5332 στρατεύεται·

2178 5351 2212 5421 ἡ
2241 5349 2350 5421 γὰρ
2376 5348 2651 5421 φιλήδονος
2678 5346 2873 5421 καρδία
2913 5349 3124 5421 εἱρκτὴ,
3155 5350 3251 5404 καὶ
3284 5348 3483 5411 ἀλυσις
3507 5349 3571 5416 τῇ
3603 5342 3718 5413 ψυχῇ

2179 5445 2237 5496 ἐν
2264 5441 2444 5513 καιρῷ
2466 5441 2645 5508 ἐξόδου
2682 5443 2916 5513 γίνεται’
2944 5445 2978 5516 ή
3009 5443 3067 5497 δὲ
3099 5443 3409 5513 φιλόπονος,
3448 5439 3582 5511 θύρα
3607 5435 3718 5490 ἐστὶν

2179 5534 2522 5607 ἀνεῳγμένη.
2555 5535 2627 5588 Τὸ
2649 5534 2758 5633 γὰρ
2785 5536 2883 5606 τῆς
2916 5536 3211 5607 ἐπιθυμίας
3249 5535 3444 5600 πάθο;,
3479 5531 3660 5603 βλάστη
3676 5536 3716 5573 ια

3451 5689 3498 5721 ιι
3530 5685 3568 5741 ιι
3614 5680 3714 5734 Cor.

494 5792 571 5845 ιι,
773 5766 992 5828 "Joan.
1021 5784 1093 5835 tv,
1127 5769 1215 5822 Si.
1294 5769 1341 5799 ⁵“
1364 5766 1517 5822 Joan.
1544 5780 1618 5833 γι,
1646 5762 1733 5817 '59.
1810 5763 1856 5795 ”
1888 5763 2045 5816 Rom.

2181 5803 2199 5830 ,
2235 5764 2317 5818 ιι.
2398 5763 2442 5794 ⁸ο
2476 5764 2617 5819 Gen.
2644 5778 2716 5831 γι,
2759 5761 2816 5816 5.
2886 5763 2928 5794 "
2965 5760 3142 5817 Calat.
3181 5776 3257 5827 ιιι,
3283 5759 3335 5816 '5.
