3986 6148
438 355 572 421 1649

1208 356 1537 419 HOMILIA
1576 356 2036 419 I.XXI\'.-"DE
2077 355 2222 416 NON
2264 345 2910 417 GONCUPISCENDO.

3547 352 3685 413 16ὗο

435 476 534 543 τῆς
592 454 784 542 ἀργίας
817 473 1063 540 ὑπάρχει.
1104 467 1174 525 'll
1209 471 1317 542 γὰρ
1356 474 1547 543 ἀργία,
1587 474 1861 544 ἀπογεννᾷ
1904 473 2001 543 τὴν

2106 463 2554 540 concupiscentia
2595 473 2775 527 omnis
2822 454 3089 525 adversus
3124 453 3382 539 spiritum
3429 469 3671 523 militat:

438 564 770 636 ἐπιθυμίαν,
820 566 911 618 καὶ
951 565 1047 635 τὴν
1090 564 1377 635 ὀκνηρίαν,
1427 566 1628 636 μᾶλλον
1680 568 1736 620 δέ
1784 568 1874 619 καὶ
1906 567 2002 635 τὴν

439 654 806 710 ἀνελπιστίαν.
829 658 891 709 Εἰ
916 657 1023 727 γὰρ
1054 657 1424 727 ἐγινώσκομεν
1451 659 1532 712 ὅτι
1561 656 1814 727 πάροικοι
1840 660 2004 727 ἐσμεν

441 750 533 801 ἐπὶ
570 749 668 816 τῆς
700 748 823 816 γῆς,
854 748 947 801 καὶ
995 749 1212 819 εἴχομεν
1254 750 1321 803 τὰ
1371 750 1614 818 παρόντα
1664 748 1877 819 φθαρτά
1909 748 2005 800 καὶ

443 841 854 909 παρατρέχοντα
881 842 1049 910 ἡμᾶς,
1078 842 1377 911 χειμάρρου
1406 840 1623 910 τρόπον,
1648 842 1746 892 οὐκ
1774 841 1838 891 ἂν
1865 839 2006 908 ὠρε-

439 926 649 996 γόμιῦα
677 929 743 981 τά
771 927 845 997 μὴ
872 928 1135 998 ἡμέτερα,
1166 932 1259 982 καὶ
1282 929 1641 999 ὀλιγοχρόνια,
1675 928 1787 982 ἀλλ’
1809 927 2006 980 ἐπεθυ-

446 1010 653 1086 μοῦμεν
696 1017 763 1069 τά
791 1017 957 1079 ὅντως
982 1018 1246 1087 ἡμέτερα,
1280 1019 1375 1071 καὶ
1416 1018 1817 1082 διαιωνίζοντα,
1856 1032 2008 1071 τουτ-

443 1106 591 1159 έστιν
622 1106 681 1158 τὸ
713 1106 851 1176 μετά
880 1107 1112 1178 Χριστοῦ
1141 1103 1302 1175 εἶναι,
1338 1108 1431 1161 καὶ
1456 1109 1750 1162 ἀπολαύειν
1778 1109 1879 1176 τῆς
1910 1110 2007 1162 αύ-

442 1196 536 1250 τοῦ
569 1198 903 1266 γλυκύτητος
961 1199 1056 1252 καὶ
1115 1198 1408 1269 βασιλείας.
1460 1200 1523 1252 Ol
1571 1199 1678 1269 γὰρ
1715 1199 1806 1252 τὸν
1842 1197 2006 1252 αὑτοῦ

444 1287 607 1340 πόθον
636 1288 868 1358 ἔχοντες,
890 1289 958 1342 τά
985 1290 1078 1343 τοῦ
1102 1291 1368 1361 παρόντος
1397 1290 1589 1354 αἰῶνος
1611 1290 1807 1351 πάντα,
1840 1288 2009 1352 πλοῦ-

442 1379 535 1432 τόν
565 1380 859 1449 φημινκαὶ.
885 1380 1064 1447 δόξαν,
1094 1383 1185 1435 καὶ
1212 1382 1547 1440 δυναστείαν.
1575 1382 1669 1436 καὶ
1701 1382 1870 1451 κάλλη
1901 1399 2007 1435 σω-

446 1468 634 1537 μάτων
660 1469 735 1531 ὡς
765 1468 1010 1523 σκύϐαλα
1031 1470 1310 1540 ἡγοῦνται.
1345 1468 1456 1523 Καὶ
1483 1470 1543 1522 οὐ
1574 1468 1797 1522 δύναται
1826 1467 1883 1521 ἐν
1901 1486 2008 1521 τινι

445 1556 725 1626 ἀπατῆσαι
764 1557 962 1619 αὐτοὺς
1010 1560 1039 1610 ὁ
1086 1558 1268 1629 ἄρχων
1302 1557 1396 1610 τοῦ
1434 1556 1628 1621 αἰῶνος
1667 1556 1891 1618 τούτου,
1914 1559 2007 1610 καὶ

445 1649 750 1721 ἀποστῆσαι
786 1649 888 1718 τῆς
918 1648 1029 1702 ’τοῦ
1057 1649 1292 1719 Χριστοῦ
1328 1650 1567 1720 ἀγάπης.
1614 1648 1811 1712 Καθὼς
1849 1647 1944 1700 καὶ
1980 1649 2009 1701 ὀ

443 1738 695 1808 Σολομὼν
729 1756 910 1810 φησιν,
948 1758 968 1790 ι
1005 1739 1411 1810 Ἐπιθυμήσατε
1442 1741 1654 1809 σοφίαν,
1685 1740 1772 1793 ἵνα
1807 1740 1888 1803 είς
1915 1738 2008 1792 τὸν

442 1800 615 1882 αἰῶνα
652 1800 1026 1901 βασιλεύσητε.
1068 1850 1089 1883 ›
1118 1800 1241 1881 -“ι
1264 1800 1546 1902 ¹Ζητὴσατέ
1580 1800 1879 1901 φρόνησιν,
1914 1832 2007 1884 καὶ
2039 1800 2083 1857 Β

446 1919 831 1990 κατορθώσατε
865 1920 1080 1975 σύνεσιν
1124 1923 1181 1974 ἐν
1209 1921 1448 1990 γνώσει·
1500 1940 1517 1974 ι
1556 1921 1652 1974 καὶ
1704 1923 1803 1975 ὅσα
1847 1923 2010 1992 ἕτερα

442 2010 671 2065 τοιαῦτα
699 2012 1028 2082 γέγραπται.
1064 2012 1144 2068 Τά
1173 2014 1281 2085 γὰρ
1309 2016 1507 2083 αἰσχρά
1538 2014 1715 2067 πάντα
1737 2056 1751 2078 ,
1793 2016 1885 2067 καὶ
1914 2013 2009 2067 ἀλο

444 2100 654 2171 λότρια,
683 2104 1015 2175 ἀπαγορεύει
1046 2105 1356 2174 ἐπιθυμεῖνο
1382 2104 1521 2158 ὥστε
1554 2105 1854 2177 συλλήϐδην
1880 2124 2004 2170 που,

449 2193 587 2262 μετά
636 2193 836 2264 πολλὴν
872 2196 1152 2266 διαφορὰν,
1208 2197 1408 2266 μεταξὺ
1451 2197 1544 2250 τοῦ
1581 2196 1745 2250 καλοῦ
1777 2198 1881 2250 καὶ
1914 2197 2008 2251 τοῦ

447 2283 705 2354 πονηροῦ,
757 2284 1049 2339 δεικνύναι.
1091 2288 1260 2355 Φησὶν
1290 2288 1420 2358 γὰρ,
1466 2307 1485 2339 ι
1532 2284 1702 2357 Ἆρον
1756 2290 1864 2344 ἀπὸ
1915 2289 2008 2343 σοῦ

446 2375 625 2429 πᾶσαν
674 2376 968 2446 ἐπιθυμίαν
1028 2379 1299 2449 πονηράν’
1344 2368 1664 2434 ἐνδυσαι’δέ
1714 2381 2010 2452 ἐπιθυμίαν

445 2468 655 2540 ἀγαθὴν
686 2470 779 2523 καὶ
808 2472 1030 2542 σεμνὴν.
1073 2491 1091 2523 ι
1133 2472 1605 2545 Ἑνδιδυσκόμενος
1633 2475 1742 2546 γὰρ
1759 2475 1857 2546 τὴν
1892 2477 2010 2529 ἐπι-

448 2560 651 2630 θυμίαν
700 2561 923 2634 ταύτην,
969 2565 1222 2636 μισήσεις
1270 2565 1370 2635 τὴν
1405 2566 1647 2637 πονηρὰν
1692 2558 2007 2636 ἐπιθυμίαν,

447 2653 542 2706 καὶ
590 2654 1061 2725 χαλιναγωγὴσεις
1105 2657 1295 2726 αὐτὴν,
1333 2656 1536 2720 καθὼς·
1562 2657 1758 2727 βούλει.
1817 2657 2009 2730 Ἀγρία

445 2743 554 2814 γάρ
579 2746 728 2797 ἐστιν
756 2748 789 2816 ἡ
823 2742 1090 2816 ἐπιθυμία
1128 2750 1162 2817 ἡ
1192 2748 1426 2820 πονηρὰ,
1449 2751 1542 2802 καὶ
1572 2749 1841 2812 δυσκόλως
1869 2754 2009 2820 ἡμε-

449 2833 658 2905 ροῦται.
688 2837 1179 2910 Φοϐερωτέραγάρ
1213 2841 1382 2907 ἐστιν,
1414 2842 1507 2894 καὶ
1549 2842 1672 2895 λίαν
1714 2844 1779 2913 τῇ
1816 2844 2011 2912 ἑαυτῆς

446 2928 732 2998 ἀγριότητι
762 2929 975 3002 δαπανᾷ
1004 2931 1132 2994 τοὺς
1148 2932 1488 3003 ἀνθρώπους.
1520 2933 1679 2988 Ἐνδέ
1699 2935 1778 3007 τῷ
1806 2935 2008 3003 λέγειν,

451 3033 470 3067 ι
521 3017 715 3088 Ἀγρία
750 3019 897 3071 ἐστὶν
945 3020 978 3090 ἡ
1019 3019 1286 3089 ἐπιθυμία
1323 3022 1357 3091 ἡ
1402 3022 1635 3093 πονηρὰ,
1675 3042 1693 3074 ι
1733 3024 2008 3096 σημαίνει,

2108 560 2321 630 1139
2349 557 2460 615 Cor
2508 559 2655 614 enim
2703 561 3043 629 voluptatum
3086 556 3439 612 assectatoris
3490 566 3682 610 career

2105 649 2295 719 utique
2319 658 2423 715 est,
2462 658 2518 704 et
2547 658 2739 704 catena
2763 650 2957 702 animae
2980 648 3033 701 in
3053 648 3170 716 ipso
3197 647 3378 700 exitus
3398 644 3673 698 articulo:

2106 748 2294 794 contra
2333 739 2607 793 industrio
2630 737 2926 792 ct'lahoris
2962 736 3211 805 patienti,
3249 746 3309 789 ut
3342 736 3517 788 libera
3542 749 3673 790 evn-

2104 829 2202 892 iet,
2232 839 2421 898 aperta
2466 840 2551 883 est
2596 831 2783 899 jauua.
2821 828 3066 881 Affectus
3125 842 3361 895 namque
3414 825 3678 893 concupi-

2107 920 2328 974 scentiae
2380 935 2603 989 germen
2645 927 2731 973 est
2772 936 2840 979 ex
2869 920 2983 972 otio
3028 918 3445 986 suppullulans.-
3490 915 3675 969 Otium
3768 919 3772 924 '

2107 1012 2252 1069 enim
2304 1026 2407 1065 suo
2472 1010 2623 1064 velut
2678 1010 2888 1064 semine
2923 1008 3101 1081 gignit,
3150 1007 3678 1076 concupiscentiam,

2109 1109 2272 1171 atque
2304 1101 2475 1154 animi
2527 1101 2821 1162 lentorem,
2852 1100 3024 1167 magis
3048 1113 3179 1151 vero
3218 1090 3676 1164 desperationem.

2109 1191 2165 1247 Si
2215 1192 2362 1246 enim
2422 1199 2576 1246 recto
2627 1191 2858 1245 rationis
2920 1189 3129 1259 judicio
3188 1187 3678 1257 perpenderemus,

2108 1284 2240 1353 quia
2292 1298 2459 1352 super
2502 1291 2707 1336 terram
2761 1281 3016 1351 inquilini
3051 1295 3261 1344 sumus,
3293 1288 3349 1333 et
3377 1279 3505 1347 quia
3532 1278 3681 1333 celes

2110 1374 2228 1428 rius
2291 1372 2670 1441 emigrandum
2716 1371 2849 1426 hinc
2901 1370 3064 1425 nobis
3091 1379 3195 1432 est,
3230 1378 3426 1423 cuncta
3487 1368 3680 1437 utique

2109 1465 2261 1520 istaec
2306 1464 2635 1534 temporaria
2683 1463 2921 1518 obnoxia
2964 1460 3308 1531 corruptioni
3347 1468 3404 1514 et
3431 1460 3552 1529 quae
3581 1474 3682 1513 nos

2109 1556 2448 1629 rapidissimi
2477 1557 2736 1612 torrentis
2763 1557 2940 1611 instar
2970 1561 3330 1626 praetereunt,
3357 1552 3681 1621 neutiquam

2109 1660 2264 1709 tanto
2287 1662 2670 1724 expeteremus
2710 1652 2920 1717 studio,
2952 1650 3157 1721 quippe
3182 1665 3306 1719 qme
3331 1656 3520 1703 nostra
3570 1660 3684 1700 non

2112 1754 2241 1799 sunt
2265 1760 2329 1799 ac
2357 1746 2449 1799 vix
2476 1744 2692 1799 tantillo
2737 1743 2940 1799 durant
2974 1751 3242 1813 tempore.
3270 1740 3451 1807 Quare
3486 1737 3682 1793 sinum

2111 1846 2314 1891 nostra;
2360 1833 2823 1905 concupiscentia:
2872 1833 3149 1888 fusissime
3206 1831 3455 1885 laxemus
3501 1827 3568 1883 ad
3617 1843 3683 1882 ea

2111 1943 2236 1997 qua)
2274 1942 2401 1982 vere
2425 1936 2616 1983 nostra
2645 1933 2795 1992 sunt,
2829 1934 2886 1979 et
2918 1941 3040 1994 qua:
3073 1921 3460 1994 perennabunt
3490 1919 3682 1975 nobis~

2112 2034 2236 2073 cum
2268 2035 2282 2070 :
2331 2018 2591 2072 nimirum
2618 2027 2679 2071 ut
2708 2016 2881 2071 simus
2914 2030 3038 2070 cum
3073 2013 3317 2078 Christo,
3352 2019 3414 2067 ut
3442 2013 3564 2082 eius
3595 2010 3683 2064 in-

2111 2108 2393 2179 cogitabili
2412 2108 2705 2163 dulcedine.
2728 2117 2892 2177 atque
2912 2121 3082 2178 regno
3106 2118 3419 2160 mereamur
3450 2101 3680 2172 perfrui.

2109 2200 2247 2255 Nam
2277 2201 2370 2270 qui
2402 2201 2559 2265 tales,
2593 2201 2877 2270 praesentis
2906 2200 3066 2254 istius
3091 2196 3276 2253 saeculi
3309 2195 3515 2261 omnia,
3544 2192 3685 2247 divi-

2111 2291 2217 2347 tias
2263 2292 2407 2354 dico,
2456 2292 2709 2362 gloriam,
2744 2290 3153 2362 praefecturam,
3207 2288 3465 2344 decoram
3518 2294 3683 2355 atque

2111 2382 2400 2438 amabilem
2449 2383 2696 2453 corporis
2739 2381 3090 2453 elegantiam,
3118 2387 3180 2435 ut
3209 2378 3511 2435 fmdissima
3539 2385 3682 2431 ster-

2109 2489 2239 2529 cora
2295 2475 2580 2544 deputant,
2633 2477 2755 2530 istrs
2785 2475 2935 2530 nulla
2976 2475 3033 2529 in
3090 2490 3150 2529 re
3199 2470 3484 2542 imponere
3518 2478 3685 2539 queat

2109 2566 2367 2635 princeps
2395 2566 2559 2637 hujus
2603 2567 2811 2631 saeculi,
2848 2575 2910 2620 ut
2940 2582 2973 2623 a
3002 2564 3336 2620 rectitudine
3363 2552 3680 2624 deflectanr,

2086 2651 2206 2708 'aut
2254 2670 2481 2709 avocare
2548 2671 2577 2710 a
2629 2656 2898 2710 charitate
2958 2655 3185 2720 Christi,
3243 2661 3528 2708 astruente
3577 2652 3685 2707 hoc

2112 2746 2441 2803 Salomone:
2477 2768 2495 2799 ι
2534 2747 2942 2820 Concupiscite,
2988 2749 3086 2813 ait,
3122 2748 3467 2818 sapientiam,
3521 2757 3583 2800 ut
3627 2745 3682 2799 in
3796 2768 3799 2771 λ

2111 2844 2375 2890 aeternum
2407 2839 2648 2907 regnetis
2671 2839 2736 2892 θ’,
2768 2846 2800 2891 ⁷»
2833 2840 2903 2894 Et
2930 2857 2942 2892 :
2982 2860 3000 2890 ι
3037 2837 3276 2905 ρυωτίιο
3309 2836 3681 2908 prudentiam,

2088 2924 2170 2981 ‘et
2199 2926 2445 2995 perﬁcite
2474 2928 2528 2980 in
2559 2918 2791 2983 scientia
2838 2929 3261 3001 intelligentiam
3291 2929 3357 2993 “,
3398 2944 3419 2980 ν
3468 2937 3525 2983 et
3578 2927 3684 2982 alia

2112 3018 2167 3071 id
2198 3033 2371 3089 genus
2390 3034 2512 3072 non
2533 3034 2704 3088 pauca
2733 3020 2937 3090 scripta
2966 3029 3114 3075 sunt.
3142 3021 3224 3074 Ah
3250 3018 3512 3074 omnibus
3534 3018 3683 3073 enim

443 3105 528 3160 ὅτι
556 3105 753 3179 ἑαυτὴν
797 3109 1027 3176 ἀναφύει
1058 3108 1135 3173 ὡς
1163 3109 1330 3183 ἀγρία
1359 3110 1578 3182 βοτάνη,
1614 3115 1694 3178 είς
1729 3114 2011 3186 ἀγεώργη-

2115 3107 2412 3178 Scriptura:
2446 3110 2608 3165 nobis
2641 3111 3002 3178 interdicunt,
3035 3128 3158 3182 qua:
3191 3121 3321 3167 sunt
3353 3126 3455 3182 per
3500 3126 3560 3165 se
3587 3111 3688 3165 oh-

442 3211 537 3249 τον
555 3198 773 3266 χωρίον·
808 3197 842 3269 ἢ
877 3196 953 3262 ὡς
994 3198 1187 3270 ἀγριον
1218 3200 1358 3266 ζῶον
1396 3203 1454 3256 ἐν
1483 3205 1661 3276 ἐαυτῷ
1689 3206 2008 3278 νεμόμενον,

444 3286 577 3341 ἀνευ
608 3285 830 3358 λογικῆς
877 3289 1238 3356 ἐπιστάσεως.
1268 3293 1365 3358 Τίς
1395 3295 1452 3348 δὲ
1483 3297 1573 3348 καὶ
1611 3298 1829 3370 ποταπὴ
1862 3301 2012 3353 ἐστιν

443 3376 506 3429 οὐ
539 3377 697 3446 μόνον
728 3380 761 3448 ἡ
791 3380 1045 3451 πονηρία,
1067 3372 1201 3436 ἀλλά
1229 3386 1323 3439 και
1350 3384 1529 3454 ἀγαθὴ
1556 3387 1813 3457 ὲκθυμία,
1846 3391 1903 3443 ἐν
1932 3392 2010 3462 τῷ

445 3463 681 3536 καθεξῆς
712 3467 947 3539 διαλόγῳ
997 3471 1244 3547 ἀκριϐῶς
1276 3474 1568 3539 ἐκτίθεται,
1607 3477 1694 3530 ἵνα
1726 3479 1901 3547 δῆλον,
1927 3481 2009 3534 ὅτι

444 3557 891 3627 ἀποστραφέντες
938 3561 1121 3614 πᾶσαν
1161 3546 1402 3631 πονηρὰν
1447 3564 1743 3635 ἐπιθυμίαν
1779 3546 2011 3636 ἐμπολι-

443 3647 766 3718 τευσὼμεθα
788 3652 856 3719 τῇ
878 3650 1055 3721 ἀγαθῇ
1088 3652 1184 3704 καὶ
1222 3656 1394 3725 σεμνῇ
1428 3655 1713 3727 ἐπιθυμίᾳ.
1750 3658 1913 3711 Ὅθεν
1950 3659 2012 3713 τὸ

447 3737 601 3802 ξύλον
629 3737 724 3792 τοῦ
759 3741 956 3795 εἰδέναι
988 3744 1245 3809 γνωστὸν,
1282 3744 1465 3809 καλὸν,
1491 3745 1584 3800 καὶ
1622 3748 1874 3818 πονηρὸν,
1903 3751 2012 3803 δει-

442 3831 631 3884 κτικόν
660 3831 808 3884 ἐστιν
835 3831 929 3885 τοῦ
969 3832 1061 3887 τὸν
1092 3834 1376 3906 ἄνθρωπον
1406 3836 1653 3892 δεκτικὸν
1696 3835 1836 3894 εῖναι
1864 3841 2009 3909 γνὼ-

444 3937 582 3985 σιως
613 3920 778 3997 καλοῦ
812 3925 908 3978 καὶ
932 3925 1193 3997 πονηροῦ⁸
1226 3928 1492 4000 διαφορὰν
1525 3929 1584 3984 δὲ
1612 3931 1889 4002 ἐμφαίνει,
1913 3935 2008 4007 οὔχ

445 4010 533 4066 ἵνα
560 4029 645 4076 τις
669 4014 727 4066 ἐν
752 4013 836 4085 τῷ
866 4016 1016 4086 αυτῴ
1040 4017 1098 4070 τὸ
1126 4018 1361 4089 πονηρὸν
1386 4018 1525 4089 μετά
1552 4019 1646 4074 τοῦ
1673 4023 1838 4077 καλοῦ
1857 4016 2007 4098 ποιῇ,

441 4101 556 4155 ἀλλ’
591 4102 680 4158 ἵνα
709 4105 878 4158 ποιῶν
908 4105 970 4158 τὸ
1004 4107 1188 4174 καλὸν,
1231 4109 1454 4183 ἐκκλίνῃ
1487 4112 1595 4165 ἀπὸ
1617 4113 1711 4167 τοῦ
1744 4117 2006 4188 πονηροῦ,

442 4195 585 4249 κατά
609 4196 700 4248 τὸν
728 4195 1006 4265 λέγοντα,‹
1037 4199 1324 4255 Ἐκκλινον
1362 4201 1470 4259 ἀπὸ
1501 4205 1695 4269 κακοῦ,
1722 4209 1818 4261 καὶ
1853 4210 2011 4281 ποίη-

444 4300 534 4381 σον
565 4286 820 4361 ἀγαθόν.»
844 4287 1068 4359 Πρῶτος
1091 4290 1120 4342 ὁ
1146 4291 1308 4360 νόμος
1331 4295 1784 4381 παρακελεύεται,
1811 4298 2005 4368 λέγων,

447 4392 466 4424 ι
488 4373 599 4427 οὐκ
636 4375 991 4446 ἐπιθυμήσεις
1010 4377 1110 4431 ὅσα
1130 4377 1223 4431 τοῦ
1249 4379 1475 4450 πλησίον
1507 4399 1599 4435 σου
1632 4373 1794 4439 ἐστίν.
1820 4406 1840 4440 ι
1870 4388 1927 4443 '0
1949 4392 2006 4444 δέ
2044 4394 2047 4399 ’

455 4466 655 4534 ,Αχαάσ
693 4467 943 4538 παραϐὰς
987 4468 1088 4538 τὴν
1136 4470 1612 4542 ἐντολὴν’ταύτην,
1659 4476 2005 4549 ἐπεθύμησεν
2037 4457 2081 4513 D

438 4554 531 4607 τὸν
593 4556 886 4623 ἀμπελῶνα
932 4557 1199 4611 Ναϐουθέ’
1248 4560 1464 4613 καὶτὸν
1504 4563 1602 4631 μὲν
1639 4563 1844 4620 δίκαιον
1898 4572 2004 4624 ἀπ-

439 4645 677 4699 έκτεινεν
726 4648 906 4715 ἑαυτῷ
942 4649 1000 4701 δέ
1053 4650 1149 4702 καὶ
1185 4650 1265 4720 τῷ
1317 4653 1450 4722 οἴκῳ
1491 4655 1656 4709 αὑτοῦ
1696 4660 2004 4730 ἀπήνεγκεν

432 4736 660 4807 ὀλεθρον
700 4738 976 4802 ἀπωλείας
1028 4741 1264 4796 αἰώνιον.
1328 4744 1707 4817 Ἐπεθύμησεν
1749 4751 1805 4803 δὲ
1846 4754 1939 4806 καὶ
1976 4757 2004 4809 ὁ

436 4826 567 4891 λαὸς
613 4828 906 4899 ἐπιθυμίαν
951 4832 1010 4883 ἐν
1045 4834 1110 4902 τῇ
1142 4834 1355 4907 ἐρήμῳ,
1411 4836 1504 4889 καὶ
1548 4840 1662 4892 ἐκεῖ
1697 4839 1899 4897 ἔπεσαν
1936 4846 2004 4899 τὰ

439 4921 589 4975 κῶλα
641 4922 843 4975 αὐτῶν.
876 4924 1039 4991 Λέγει
1079 4923 1137 4976 δέ
1177 4927 1270 4978 καὶ
1297 4929 1326 4979 ὁ
1361 4929 1798 5002 Παροιμιαστὴς,
1831 4952 1851 4985 ι
1887 4936 2003 4999 Πᾶς

437 5012 635 5082 ἀεργος
688 5014 747 5065 ἐν
775 5014 1041 5084 ἐπιθυμίᾳ
1069 5014 1242 5069 ἐσται.
1294 5018 1486 5087 Χείρις
1519 5020 1575 5072 δὲ
1615 5022 1897 5093 ἀνδρείων,
1945 5028 2004 5081 ἐν
2054 5044 2059 5047 ⁷

438 5103 743 5172 ἐπιμελείᾳ.
777 5124 797 5157 ι
827 5105 935 5158 Kal
992 5106 1177 5171 πάλιν,
1215 5124 1236 5158 ι
1286 5107 1636 5180 Ῥεμϐασμδς
1686 5114 2001 5187 ἐπιθυμίας,

429 5193 761 5271 ,μεταλλεύει
809 5194 938 5249 νοῦν
980 5197 1206 5254 ἄκακον.
1238 5216 1256 5248 ι
1303 5200 1416 5255 Καὶ
1471 5203 1652 5266 πάλιν,
1700 5223 1719 5255 ι
1777 5206 2003 5275 Ἀσεϐὴς

435 5282 563 5355 ὃλην
605 5284 704 5353 τὴν
740 5286 952 5356 ἡμέραν
1006 5288 1265 5358 ἐπιθυμεῖ
1296 5290 1591 5360 ἐπιθυμίας
1618 5295 1815 5359 κακάς.
1862 5298 2003 5365 Ὀχδέ

430 5372 659 5437 δίκαιος,
696 5374 853 5437 ἐλεεῖ,
896 5377 990 5431 καὶ
1012 5379 1538 5449 οἰκτείρειάφειδῶς.
1585 5401 1604 5433 ι
1642 5384 1752 5438 Καὶ
1785 5385 2000 5457 ἐπάγει,

442 5481 462 5515 ι
496 5466 586 5536 Μή
629 5469 920 5542 σεμνικήσῃ
963 5468 1155 5534 κάλλος
1193 5471 1507 5544 ἐπιθυμίας,
1551 5475 1683 5547 μηδέ
1732 5478 2004 5552 ἀγρευθῇς

435 5555 547 5617 σοῖς
567 5553 886 5624 ὸρθαλμοῖς.
927 5576 945 5609 ι
992 5559 1048 5612 Ὀ
1068 5558 1124 5612 δέ
1149 5559 1435 5630 ἄμεμπτος
1485 5562 1624 5631 Ἰὼϐ,
1658 5568 1904 5637 πατήσας
1940 5569 2002 5621 τὸ

2088 3214 2296 3255 scaena
2323 3207 2380 3254 et
2404 3201 2473 3255 ab
2495 3201 2782 3257 honestate
2804 3201 3005 3267 aliena,
3026 3203 3098 3257 ita
3128 3211 3192 3258 ut
3219 3202 3391 3257 veluti
3418 3203 3477 3256 in
3513 3202 3684 3255 unum

2092 3289 2313 3346 fascem
2339 3291 2648 3373 confertim,
2682 3293 2778 3347 ubi
2809 3294 2980 3348 multa
3021 3294 3376 3349 contentione
3420 3292 3686 3348 ὤσει-θηκ-

2085 3380 2243 3436 ’ῑὶοω
2315 3382 2610 3451 explicavit
2658 3383 2815 3438 bonae
2875 3384 3145 3453 malaeque
3198 3384 3684 3453 concupiscentia),

2111 3472 2436 3526 subnectat:
2479 3491 2498 3523 ι
2536 3472 2707 3526 Aufer
2741 3487 2770 3526 a
2800 3481 2852 3526 te
2883 3472 3005 3541 ipso
3039 3488 3263 3554 omnem
3289 3472 3687 3543 concupiscent——

2112 3560 2244 3614 tiam
2276 3561 2473 3615 malam
2503 3560 2569 3625 “,
2628 3559 2862 3615 induere
2883 3576 3019 3616 vero
3046 3577 3166 3618 eam
3197 3578 3321 3634 qua
3350 3561 3493 3617 bona
3522 3573 3608 3619 est
3630 3574 3688 3617 ct

2092 3649 2311 3720 pudica
2336 3651 2402 3702 ⁸⁵.
2439 3669 2457 3701 ι
2514 3650 2627 3705 Hac
2654 3651 2927 3720 siquidem
2960 3652 3252 3711 redimitus
3288 3664 3442 3710 veste
3478 3669 3685 3712 concu-

2109 3742 2413 3813 piscentiae,
2442 3743 2600 3799 facile
2648 3743 2800 3798 illam
2850 3744 3209 3801 exsecrabere
3250 3754 3418 3816 atque
3472 3744 3687 3799 infense

2108 3833 2293 3889 oderis
2322 3848 2445 3904 quae
2478 3834 2727 3904 improba
2756 3843 2843 3891 est
2887 3844 2946 3890 et
2985 3826 3208 3901 'vitiosa,
3260 3850 3474 3906 proque
3516 3836 3684 3892 animi

2110 3925 2189 3980 tut
2216 3924 2486 3980 sententia
2515 3925 2675 3995 quasi
2704 3926 2911 3997 injecto
2933 3924 2991 3980 in
3019 3939 3083 3981 os
3104 3925 3263 3980 freno
3299 3923 3683 3981 moderabere.

2098 4017 2205 4072 ‘Est
2267 4015 2415 4071 enim
2484 4016 2675 4073 isthaac
2733 4017 2976 4089 maligna
3032 4017 3483 4087 concupiscentia
3544 4018 3686 4073 mire

2108 4111 2345 4181 agrestis
2365 4125 2430 4165 ac
2460 4110 2763 4180 praeferox;
2789 4125 2894 4166 nec
2925 4110 3068 4165 citra
3094 4110 3379 4181 negotium
3403 4111 3690 4167 cicuratuv

2111 4211 2208 4255 aut
2244 4202 2562 4256 mansuellt.
2615 4202 2792 4272 Supra
2833 4201 3059 4257 modum
3117 4201 3264 4258 enim
3319 4202 3689 4260 formidabilis

2109 4303 2214 4358 est,
2232 4295 2681 4364 quandoquidem
2715 4303 2945 4350 cunctos
2966 4308 3136 4366 prope
3155 4296 3399 4351 absumit
3425 4310 3492 4351 ac
3518 4297 3687 4352 devo-

2108 4393 2212 4439 rat.
2243 4386 2348 4440 Per
2364 4381 2433 4440 'id
2465 4386 2613 4455 quod
2642 4386 2779 4440 dicit
2811 4404 2824 4439 :
2864 4405 2883 4437 ι
2908 4386 3152 4457 Agrestis
3168 4395 3255 4441 est
3281 4388 3685 4457 concupiscen-

2112 4477 2183 4531 tia
2213 4477 2354 4533 mala
2403 4478 2482 4543 “5;
2534 4498 2551 4527 ι
2591 4477 2840 4532 insinuat
2876 4479 3038 4533 talem
3075 4484 3273 4548 suopte
3311 4481 3475 4549 genio
3501 4493 3686 4535 emer-

2110 4556 2261 4639 gere,
2293 4583 2396 4622 ceu
2445 4570 2649 4623 assolet
2695 4568 2938 4624 emicare
2977 4569 3157 4624 herba
3201 4554 3435 4638 agrestis
3465 4571 3529 4625 in
3554 4587 3685 4641 agro

2111 4660 2340 4714 minime
2371 4660 2645 4727 proscisso
2669 4656 2745 4714 et'
2770 4660 3006 4723 inarato,
3043 4668 3138 4714 aut
3167 4670 3315 4716 certe
3351 4677 3453 4717 ceu
3482 4664 3684 4717 animal

2110 4759 2320 4806 natura:
2349 4751 2603 4821 agrestis,
2645 4739 2792 4820 quod
2834 4766 2895 4807 se
2946 4751 3002 4805 in
3037 4752 3184 4822 agris
3218 4753 3452 4808 exsatiat
3480 4770 3685 4824 pascuo

2110 4842 2375 4915 gramine,
2404 4842 2542 4897 citra
2576 4843 3008 4897 moderationem
3031 4844 3283 4899 rationis.
3309 4845 3442 4912 Quae
3467 4846 3684 4900 tandem

2108 4934 2344 5006 maligna
2381 4936 2495 4991 haec
2515 4944 2597 4989 est
2630 4936 2880 5005 etqualis
2905 4937 3389 5007 concupiscentia?
3409 4937 3683 4993 Caeterum

2110 5026 2403 5095 utriusque
2438 5026 2652 5081 indoles
2679 5027 2838 5082 bona:
2868 5028 3025 5097 juxta
3049 5044 3114 5083 ac
3145 5029 3377 5094 vitiosas,
3427 5044 3681 5083 sermone

2108 5116 2361 5185 proximo
2398 5118 2708 5187 explicatur
2751 5133 2822 5172 eo
2855 5120 3125 5183 exactius,
3152 5127 3213 5171 ut
3250 5120 3539 5187 utriusque
3571 5118 3685 5173 dis-

2109 5206 2342 5260 criminc
2370 5207 2615 5263 lucidius
2638 5209 2932 5276 explicato,
2969 5208 3245 5271 adversati~
3300 5222 3420 5262 eam
3461 5223 3678 5262 onmem

2107 5312 2230 5368 quae
2257 5298 2452 5352 vitiosa
2484 5299 2781 5363 cst,~vitam
2807 5306 3053 5355 nostram
3079 5296 3432 5353 instituamus
3463 5297 3527 5352 ad
3547 5314 3681 5367 pra»

2107 5387 2374 5457 scriptum
2427 5402 2695 5442 canonem
2732 5387 2885 5439 illius
2912 5402 3033 5455 quae
3084 5385 3229 5439 bona
3262 5394 3348 5440 est
3387 5393 3445 5440 ct
3492 5402 3588 5456 per
3622 5404 3681 5441 se

2107 5480 2357 5536 honesta.
2383 5480 2540 5541 Unde
2575 5487 2632 5535 et
2654 5479 2864 5549 lignum
2905 5480 3039 5537 illud
3073 5479 3316 5535 scientia:
3354 5480 3423 5549 aut
3446 5480 3680 5537 infusio-

2108 5587 2230 5625 ncm
2280 5572 2563 5640 pertinens
2618 5569 2969 5642 cognitionis,
3012 5587 3182 5642 capax
3229 5579 3314 5627 est
3358 5578 3413 5628 et
3443 5571 3576 5629 boni
3624 5582 3680 5628 et

500 5728 545 5760 ⁶²
571 5730 697 5801 Sap.
732 5745 801 5798 γι,
840 5731 922 5786 12.
1000 5735 1043 5766 ⁵³
1077 5735 1231 5791 Prov.
1276 5753 1347 5803 ιν,
1384 5739 1432 5790 1.
1511 5738 1554 5770 ⁸⁸
1604 5738 1771 5795 lCor.
1826 5757 1877 5808 ν,
1916 5742 1996 5796 i5.

2106 5747 2119 5775 ³
2190 5746 2224 5796 ὃ
2263 5765 2319 5816 p.
2357 5748 2538 5814 v1.15,
2601 5740 2641 5767 ⁸⁵
2678 5739 2804 5794 illiti.
2832 5739 3052 5806 passim.
