3986 6148
474 303 489 363 :
510 302 610 388 σοι

1753 306 2120 368 ANTIOCHI
2157 302 2503 370 MDNACI-H'

3583 309 3696 374 1652

471 385 632 472 mali;
666 415 724 461 et
757 408 1040 464 hominem
1073 411 1557 481 indicatcapacem
1579 425 1702 468 esse
1732 414 2049 484 cognitioni:

2167 415 2338 478 πάθος
2361 417 2460 485 τῆς
2491 385 2808 485 ἐπιθυμίας,
2846 415 3015 484 λέγεν
3059 435 3079 470 ι
3116 415 3182 472 Ei
3211 413 3269 472 δὲ
3299 417 3393 472 καὶ
3434 416 3509 488 τῷ
3534 417 3698 486 egen-

469 503 530 548 et
555 494 686 550 boni
719 503 776 550 et
803 497 955 552 mali.
990 499 1299 554 Discrimen
1333 516 1465 555 vero
1501 502 1789 572 utriusque
1815 504 2052 574 explicat

469 589 739 657 pressius,
781 607 892 645 non
926 607 993 646 eo
1049 603 1109 646 ut
1139 593 1266 662 quis
1309 597 1515 650 malum
1549 611 1675 664 curn
1729 596 1875 651 bono
1924 611 2053 665 pro-
2083 621 2095 629 -

394 684 398 694 '
470 678 680 732 miscuc
731 689 1027 748 cperetur;
1078 685 1216 752 quin
1269 685 1464 754 magis,
1515 693 1578 740 ut
1635 685 1844 741 faciens
1902 684 2050 756 quod

470 770 674 823 bonum
747 780 854 835 est,
935 773 1178 829 declinet
1254 792 1284 830 a
1355 778 1521 842 malo,
1593 781 1750 848 juxta
1826 786 2050 832 senten-

469 861 602 915 tiam
659 861 896 916 dicentis
953 880 966 914 :
1035 884 1053 916 ι
1109 867 1358 922 Declina.
1397 883 1428 922 a
1495 868 1639 922 malo
1687 876 1745 923 et
1802 869 1888 924 fac
1951 869 2056 924 bo-

455 968 599 1023 num
637 955 702 1006 ⁶⁷.
746 973 764 1004 ι
809 952 914 1008 Sed
945 965 1002 1008 et
1059 957 1318 1024 primaria
1376 959 1468 1013 illa
1509 959 1596 1014 lex
1645 960 1829 1016 edicto
1868 971 2054 1027 cavet,

469 1045 686 1116 1140
708 1065 726 1096 ι
750 1046 830 1100 Ne
849 1046 982 1114 quid
1014 1063 1205 1101 eorum
1224 1052 1588 1119 concupiscas
1618 1068 1739 1121 quae
1763 1061 1893 1107 sunt
1922 1070 2050 1123 pro-

455 1136 598 1196 ximi
619 1137 698 1190 tui
731 1137 794 1191 ⁸⁸.
827 1157 845 1189 ι
874 1139 939 1192 Et
961 1139 1188 1208 quidem
1208 1141 1390 1196 Achas
1413 1143 1854 1199 mandatumhoc
1879 1153 2050 1204 trans-

461 1243 708 1296 gressus,
739 1229 955 1284 vincam
987 1231 1257 1287 Nabuthae
1279 1235 1619 1306 concupivit,
1653 1236 1748 1290 sed
1771 1238 2049 1306 ctjustum

463 1313 679 1369 dedidit
712 1316 858 1379 neci,
888 1316 994 1372 sibi
1041 1327 1226 1372 autem
1275 1335 1339 1374 ac
1376 1321 1566 1376 domui
1605 1339 1717 1378 sua:
1747 1333 2050 1380 extremam

462 1407 675 1468 invexit
706 1408 920 1462 cladem
958 1419 1182 1464 aeternae
1223 1413 1558 1480 perditionis
1603 1417 1667 1468 σθ.
1720 1415 2050 1486 Concupivit

458 1499 695 1568 proinde
734 1502 974 1570 populus
1013 1505 1521 1572 concupiscentiam
1555 1506 1610 1560 in
1637 1507 1880 1574 deserto,
1909 1525 2048 1578 qua-

457 1600 688 1661 prOpter
714 1593 830 1647 illic
859 1595 1223 1662 prociderunt.
1254 1598 1504 1651 membra
1543 1599 1765 1654 illorum
1797 1603 1864 1655 τ’.
1904 1602 2050 1657 Dicit

456 1690 514 1736 et
545 1683 934 1740 Paroemiastes
963 1704 976 1739 ε
1011 1704 1029 1736 ‹
1061 1687 1285 1741 Otiosus
1313 1689 1495 1744 omnis
1516 1690 1572 1744 in
1599 1692 2049 1762 concupiscentia

2162 508 2247 578 μῷ
2279 525 2379 578 μου
2430 507 2899 580 ἐπηκουλούθησεν
2935 511 2986 587 χιι
3038 509 3238 580 καρδία
3275 529 3396 582 μου,
3431 511 3499 562 τὰ
3529 510 3579 563 δέ
3630 529 3696 580 μοι

2159 599 2458 670 σκυθρωπὰ
2491 599 2784 671 συμϐαίνῃ.
2835 619 2854 652 ι
2913 601 3081 671 Φησὶν
3118 602 3210 654 καὶ
3236 603 3264 655 ὁ
3304 601 3586 664 ἀπόστολος
3614 602 3697 653 Πέ-

2158 707 2306 758 τρος,
2339 709 2358 741 ‹
2412 691 2733 761 Ἀγαπητοὶ,
2790 693 3116 762 παρακαλῶ,
3163 693 3238 756 ὡς
3290 693 3576 761 παροῖκους
3627 693 3697 745 καὶ

2158 780 2570 851 παρεπιδήμους
2593 781 2894 851 ἀπέχεσθαι
2947 783 3054 835 τῶν
3093 782 3372 855 σαρκικῶν
3407 781 3694 852 ἐπιθυμιῶν,

2157 872 2359 935 αἵτινες
2408 874 2790 944 στρατεύονται
2863 876 3006 930 κατὰ
3086 875 3185 944 τῆς
3232 875 3433 945 ψυχῆς.
3488 895 3505 926 ι
3541 875 3634 928 Καὶ
3673 877 3694 926 ό

2157 960 2389 1026 Παῦλος,
2450 978 2468 1013 ι
2499 963 2830 1038 Νεκρώσατε
2884 965 2954 1018 τὰ
2994 966 3130 1036 μέλη
3176 965 3329 1038 ὑμῶν
3372 966 3443 1018 τὰ
3496 967 3580 1018 ἐπὶ
3622 966 3693 1030 τῆς

2158 1049 2282 1118 γῆς,
2311 1040 2586 1122 πορνείαν,
2631 1037 2995 1124 ἀκαθαρσίαν,
3050 1037 3251 1120 πάθος,
3295 1037 3586 1124 ἐπιθυμίαν
3621 1074 3693 1106 κει·

2157 1144 2259 1210 κήν
2285 1158 2299 1171 ·
2325 1143 2385 1194 ού
2431 1142 2540 1213 γὰρ
2595 1143 2853 1198 ἐκάλεσεν
2887 1147 3034 1215 ἡμᾶς
3063 1147 3092 1198 ὁ
3125 1145 3256 1208 Θεὸς
3283 1146 3378 1198 ἐπὶ
3405 1145 3692 1215 ἀκαθαρσξᾳ,

2155 1232 2270 1285 ἀλλ’
2301 1233 2359 1285 ἐν
2386 1233 2662 1306 ἁγιασμῷ.
2710 1235 2803 1305 Μὴ
2847 1231 2939 1289 οῦν
2965 1235 3299 1306 βασιλευέτω
3333 1239 3366 1304 ἡ
3417 1237 3694 1305 ἀμαρτξαέν

2155 1324 2234 1394 τῷ
2265 1324 2441 1396 θνητῷ
2481 1325 2639 1396 ἡμῶν
2673 1325 2887 1396 σώματι
2921 1329 2997 1392 εἰς
3045 1317 3104 1380 τὸ
3123 1327 3432 1399 ,ὑπακούειν
3463 1329 3573 1386 ταῖς
3598 1327 3692 1379 ἐπι-

2160 1415 2384 1485 θυμίαις
2439 1419 2644 1484 αὑτοῦ,
2688 1419 2805 1473 ἀλλ’
2854 1419 3145 1474 ἐνδύσασθε
3195 1420 3286 1474 τὸν
3334 1420 3534 1490 Κύριον
3569 1417 3694 1489 ἡμῶν

2170 1507 2376 1578 Ἰησοῦν
2432 1511 2689 1581 Χριστὸν,
2745 1512 2841 1565 καὶ
2898 1513 2997 1582 τῆς
3063 1512 3264 1582 σαρκὸς
3348 1512 3595 1582 πρόνοιαν
3639 1507 3694 1579 μὴ

2157 1600 2394 1653 ποιεῖσθε
2429 1603 2508 1663 εἰς
2538 1602 2852 1672 ἐπιθυμίας.
2891 1621 2909 1654 ι
2948 1605 3059 1657 Καὶ
3088 1600 3266 1667 αὖθις,
3303 1623 3323 1656 ‹
3378 1603 3465 1656 Ἐν
3493 1597 3568 1665 οἷς
3591 1601 3696 1655 πάν-

2157 1705 2267 1753 τες,
2291 1689 2477 1760 φησὶν,
2510 1692 2670 1761 ἡμεῖς
2698 1693 3115 1762 ἀνεστράφημέν
3148 1710 3278 1745 ποτε
3307 1695 3365 1746 ἐν
3396 1695 3512 1756 ταῖς
3541 1691 3695 1744 ἐπιθυ-

449 1773 586 1839 crit,
613 1791 812 1830 manus
839 1783 1026 1831 autem
1060 1777 1284 1832 fortium
1315 1780 1369 1833 in
1417 1779 1705 1851 diligentia
1733 1784 1798 1836 ⁷¹.
1845 1803 1864 1835 ι
1902 1784 2048 1838 Rur-

2154 1780 2305 1850 μίαις
2336 1781 2444 1834 τῶν
2489 1782 2725 1852 καρδιῶν
2787 1783 2964 1854 ἡμῶν,
3020 1784 3297 1847 ποιοῦντες
3331 1784 3400 1838 τὰ
3448 1784 3696 1854 θελήματα

457 1879 553 1920 sus
585 1884 598 1918 :
637 1885 654 1918 ι
695 1868 844 1922 Vana
883 1870 1173 1938 occupatio
1202 1881 1442 1926 mentem
1464 1881 1849 1942 perscrutatur
1872 1883 1928 1930 et
1949 1891 2046 1931 ex-

455 1955 639 2024 plorat
666 1973 777 2012 non
833 1959 1052 2013 malam.
1095 1980 1114 2012 ι
1143 1961 1435 2032 itemque:
1479 1982 1497 2014 ι
1539 1965 1750 2034 impius
1779 1974 1892 2020 tota
1955 1968 2045 2024 die

453 2049 806 2119 concupiscit
877 2052 1363 2122 concupiscentias
1435 2073 1549 2112 non
1605 2058 1803 2124 bonas,
1861 2061 2047 2131 justus

463 2147 651 2194 autem
685 2141 1009 2196 misericors
1039 2151 1098 2198 et
1151 2143 1467 2210 miserator,
1494 2162 1600 2201 nec
1629 2164 1793 2218 parce
1823 2150 1890 2203 τ’.
1921 2168 1940 2201 ι
1978 2149 2047 2204 Ει

454 2232 714 2291 inducit:
761 2252 783 2283 ι
840 2233 919 2292 Ne
967 2244 1021 2291 te
1069 2237 1265 2294 vicerit
1299 2241 1728 2310 pulchritudinis
1781 2244 2047 2313 concupi-

452 2326 689 2390 scentia,
722 2341 902 2396 neque
936 2328 1212 2386 irretiaris
1255 2331 1363 2386 tuis
1393 2332 1675 2402 palpebris
1708 2334 1774 2386 ⁷³.
1810 2334 2043 2391 ιῐηουι-

447 2427 616 2487 palus
659 2434 879 2488 quoque
921 2437 1025 2476 nec
1060 2423 1156 2476 ulli
1197 2423 1472 2479 obnoxius
1497 2425 1916 2495 reprehensioni
1942 2425 2045 2482 Job

450 2508 548 2579 qui
574 2517 632 2562 ct
678 2511 907 2580 pulchre
935 2511 1195 2568 aﬂectum
1239 2515 1387 2571 hunc
1418 2515 1881 2585 concupiscentiae
1910 2533 2043 2587 pro-
2071 2538 2074 2540 ·

451 2601 702 2666 triverat,
762 2604 938 2658 dicit:
985 2624 1002 2657 ι
1039 2605 1097 2660 Si
1131 2607 1354 2662 oculum
1412 2623 1595 2664 meum
1648 2617 1901 2663 secutum
1955 2616 2042 2664 est

447 2708 548 2747 cor
579 2709 760 2749 meum
786 2697 854 2760 ⁷⁸,
892 2716 910 2748 ι
944 2705 1053 2752 etc.
1085 2699 1382 2769 Apostolus
1407 2701 1539 2756 item
1568 2702 1802 2757 Petrus:
1845 2719 1863 2752 ί
1898 2700 2042 2755 Cha-

452 2787 680 2852 rissimi,
704 2788 938 2844 obsecro
961 2805 1062 2844 vos
1094 2797 1354 2860 tanquam
1378 2792 1620 2847 advenas
1642 2801 1699 2846 et
1717 2791 2041 2862 peregrinos

449 2877 733 2934 abstinere
765 2895 864 2934 vos
895 2897 924 2934 a
952 2881 1272 2936 carnalibus
1297 2882 1610 2947 desideriis,
1643 2898 1766 2952 qua:
1799 2882 2040 2936 militant

450 2968 722 3024 adversus
756 2972 1004 3026 animam
1036 2973 1103 3026 ⁷³.
1159 2991 1177 3024 ι
1209 2972 1417 3027 Eodem
1449 2973 1736 3028 contendit
1787 2972 1991 3027 Paulus
2021 2989 2036 3025 :

456 3074 477 3108 ι
513 3055 842 3114 Mortiﬁcate
875 3059 1062 3127 itaque
1089 3061 1334 3114 membra
1362 3069 1543 3116 vestra
1569 3077 1690 3129 qua:
1715 3069 1846 3115 sunt
1869 3075 2039 3130 super

2151 1871 2260 1925 τῶν
2313 1873 2551 1944 καρδιῶν
2598 1875 2693 1927 καὶ
2753 1874 2860 1928 τῶν
2913 1875 3162 1928 διανοιῶν
3219 1877 3400 1946 ἡμῶν.
3449 1895 3467 1928 ι
3509 1876 3567 1928 '0
3620 1873 3694 1928 οὖν

2151 1961 2320 2016 θέλων
2350 1964 2609 2032 ἐκφυγεῖν
2649 1965 2747 2036 τὴν
2799 1965 3124 2036 φθοροποιὸν
3167 1967 3372 2036 ταύτην
3403 1966 3690 2035 ἐπιθυμίαν,

2147 2054 2248 2122 τὴν
2292 2054 2637 2122 κατάγουσαν
2691 2055 2781 2107 τὸν
2822 2055 3108 2126 ἄνθρωπον
3155 2057 3234 2118 εἰς
3291 2056 3537 2126 πυθμένα
3564 2055 3689 2126 ᾅδου,

2145 2143 2239 2198 τὸν
2293 2143 2456 2212 φόϐον
2512 2144 2604 2197 τοῦ
2654 2144 2789 2197 Θεοῦ
2854 2146 3168 2216 κτησάσθω.
3221 2166 3240 2198 ‹
3283 2146 3343 2200 Ὀ
3399 2145 3554 2215 φόόος
3585 2144 3689 2216 γὰρ,

2154 2232 2305 2304 φησὶ,
2347 2233 2552 2304 Κυρίου
2599 2233 2784 2301 ἁγνὸς,
2816 2234 3085 2305 διαμένων
3131 2239 3210 2300 εἰς
3239 2237 3413 2291 αἰῶνα
3443 2237 3638 2312 αἰῶνος.
3670 2254 3686 2288 ι

2149 2321 2262 2375 Καὶ
2296 2321 2480 2389 πάλιν,
2521 2341 2540 2372 ‹
2569 2323 2910 2394 Καθήλωσον
2938 2328 3000 2380 ὲκ
3025 2325 3118 2379 τοῦ
3151 2327 3315 2396 φόϐου
3351 2345 3444 2380 σου
3467 2327 3559 2389 τὰς
3583 2326 3690 2396 σάρ-

2148 2433 2251 2478 κας
2288 2433 2410 2486 μου.
2457 2434 2475 2466 ι
2517 2417 2576 2469 '0
2624 2417 2734 2487 γὰρ
2767 2419 3168 2490 ἐνθυμούμενος
3199 2420 3288 2473 ἀεὶ
3336 2421 3428 2473 τὸν
3468 2420 3686 2482 θάνατον,

2145 2509 2242 2562 καὶ
2273 2507 2333 2561 τὸ
2364 2508 2473 2580 πῦρ
2514 2508 2576 2562 τὸ
2617 2508 2856 2571 αἰώνιον.
2887 2511 2983 2563 καὶ
3013 2511 3104 2564 τὸν
3135 2509 3397 2580 σκώληκα
3432 2511 3519 2564 τὸν
3563 2507 3690 2562 ἀκοξο

2148 2616 2338 2671 μητον,
2367 2602 2462 2654 καὶ
2489 2600 2548 2653 τὸ
2571 2601 2758 2663 σκότος
2783 2601 2842 2655 τὸ
2864 2600 3150 2673 ἐξώτερον,
3185 2603 3280 2656 καὶ
3303 2603 3396 2655 τὸν
3423 2601 3690 2670 κλαυθμὸν,

2144 2693 2237 2745 καὶ
2277 2691 2520 2762 βρυγμὸν
2560 2692 2671 2746 τῶν
2703 2693 2934 2747 ὀδόντων
2957 2733 2973 2758 ,
3006 2694 3104 2749 καὶ
3146 2695 3245 2764 τὴν
3284 2695 3541 2772 αἰσχύνην
3567 2693 3689 2745 ἐκεί·-

2142 2798 2263 2852 νην,
2297 2781 2395 2852 τὴν
2449 2783 2540 2857 ἐπὶ
2592 2783 2684 2835 τοῦ
2732 2783 2966 2857 φοϐεροῦ
3007 2784 3254 2853 βήματος
3309 2784 3406 2837 τοῦ
3460 2779 3684 2854 Χριστοῦ,

2143 2871 2374 2927 ἐνώπιον
2436 2855 2686 2942 ἄγ’γέλων
2738 2877 2832 2928 καὶ
2863 2855 3208 2946 ἀνθρώπων,
3248 2875 3456 2929 διαλύει
3507 2875 3597 2944 μὲν
3636 2871 3686 2924 τὸ

2139 2964 2259 3018 λίαν
2288 2965 2386 3033 τῆς
2427 2967 2641 3036 ἡδονῆς,
2673 2968 2854 3021 πᾶσαν
2882 2966 2937 3020 δὲ
2978 2967 3076 3037 τὴν
3104 2967 3405 3036 ὲπιθυμξαν
3439 2965 3588 3022 αὐτοῦ
3621 2965 3687 3026 εἰς

2140 3055 2276 3108 Θεὸν
2299 3057 2686 3126 μετατίθησιν.
2728 3059 3097 3128 Ἐφαψὼμεθα
3126 3054 3240 3123 οὖν,
3273 3057 3564 3126 ἀγαπητοὶ,
3596 3055 3686 3108 τῶν
3723 3093 3740 3103 ν-

448 3156 662 3203 terram
691 3165 704 3202 :
735 3144 1181 3214 fornicationem,
1236 3151 1665 3214 immunditiam,
1697 3150 2033 3220 passionem,

2152 3145 2474 3214 σωματικῶν
2504 3145 2600 3198 καὶ
2635 3148 3023 3216 πνευματικῶν
3053 3146 3272 3212 κόπων,
3318 3145 3418 3200 καὶ
3458 3148 3490 3214 ἡ
3523 3144 3682 3198 ἐπιθυ-

449 3238 960 3308 concnpiseentiam
995 3239 1194 3293 malam
1233 3241 1308 3306 ’6;
1365 3256 1475 3295 non
1503 3239 1651 3294 enim
1690 3241 1909 3294 vocavit
1934 3254 2037 3296 nos

2152 3231 2236 3284 ιιία
2285 3233 2580 3304 ὑποχωρεῖ.
2629 3233 2946 3304 Ἐπιθυμίαι
3001 3234 3110 3308 {dp
3176 3235 3412 3304 ὀκνηρὸν
3462 3231 3684 3288 ἀποκτεὶ-

449 3329 606 3386 Deus
629 3330 684 3384 in
718 3330 1148 3394 immunditiam,
1195 3331 1290 3386 sed
1324 3331 1384 3386 in
1413 3329 1904 3386 sanctificationem
1943 3332 1987 3362 ""
2017 3347 2034 3397 ;

2152 3339 2335 3376 iOUGW.
2368 3324 2443 3376 Ού
2478 3324 2587 3394 γὰρ
2615 3325 3006 3396 προαιροῦνται
3036 3328 3092 3378 αἱ
3118 3328 3300 3395 χεῖρες
3333 3323 3499 3378 αὑτοῦ
3536 3323 3684 3376 ποιεῖν

449 3436 563 3476 non
596 3420 767 3492 igitur
794 3430 988 3490 regnet
1030 3431 1316 3491 peccatum
1343 3422 1400 3476 in
1429 3431 1616 3484 vestro
1649 3421 1870 3476 mortali
1908 3437 2034 3479 cor-

2152 3429 2206 3465 :t.
2257 3412 2315 3465 '0
2342 3413 2398 3465 δὲ
2433 3413 2734 3484 φιλόψυχος
2761 3415 2965 3486 Κύριος
2980 3418 3197 3485 sancit/,1
3233 3416 3358 3469 Ἐὰν
3379 3418 3408 3469 ὁ
3438 3409 3683 3485 ὀφθαλμός

451 3528 610 3582 pore,
651 3511 706 3568 in
748 3513 855 3567 hoc
905 3513 1292 3569 ut'obediatis
1321 3513 1790 3583 concupiscentiis
1820 3514 1940 3583 ejus
1958 3513 2028 3580 ’³,

2152 3519 2225 3554 που
2257 3503 2286 3556 ὁ
2321 3501 2493 3567 δεξιὸς
2533 3504 2865 3598 σκανδαλίζῃ
2921 3522 3002 3571 σε,
3031 3505 3180 3570 ἔξελε
3215 3507 3397 3571 αὑτὸν,
3445 3507 3534 3559 καὶ
3574 3503 3681 3574 βάλε

450 3601 551 3658 sed
581 3601 878 3658 iuduimini
904 3604 1202 3658 Dominum
1225 3611 1477 3660 nostrum
1506 3603 1694 3658 Jesum
1719 3602 2024 3669 Christum,

2152 3595 2236 3646 ιπδ
2268 3595 2383 3649 σοῦ·
2417 3597 2690 3667 συμφέρει
2741 3595 2850 3668 γάρ
2901 3616 3006 3662 σοι,
3060 3600 3145 3652 ἵνα
3193 3597 3464 3668 ἀπόληται
3506 3597 3559 3650 ἓν
3591 3595 3681 3648 τῶν

439 3703 505 3751 ct
559 3697 744 3754 carnis
794 3712 984 3756 curam
1034 3713 1104 3752 ne
1154 3696 1462 3753 infeceritis
1490 3696 1546 3750 in
1590 3694 1880 3750 desideriis
1903 3696 1968 3749 ⁷⁸.
2003 3712 2022 3746 ι

2152 3685 2309 3739 ιελῶν
2339 3685 2454 3753 σου,
2487 3688 2583 3742 καὶ
2630 3686 2708 3755 μὴ
2736 3689 2858 3742 ὅλον
2892 3689 2954 3743 τὸ
2985 3689 3146 3759 σῶμά
3178 3707 3271 3742 σου
3302 3688 3476 3760 βληθῇ
3505 3688 3576 3749 εἰς
3601 3685 3681 3754 τὴν

449 3785 668 3843 Rursus
704 3804 716 3841 :
755 3805 772 3838 ι
811 3788 870 3842 ln
907 3788 1112 3857 quibus
1145 3802 1338 3842 omnes
1364 3801 1466 3841 nos
1494 3785 2030 3841 convcrsatisumus

2152 3777 2349 3831 'éawav
2373 3798 2392 3830 ι
2411 3775 2526 3851 ίτοῦ
2546 3781 2732 3853 πυρός.
2757 3775 2830 3836 Ob
2853 3780 3237 3853 ρυ[σ]9είημεν
3265 3783 3450 3852 χάριτι
3477 3775 3678 3848 Χριστοῦ

445 3879 748 3949 aliquando
800 3881 858 3934 in
889 3879 1358 3950 concupiscentiis
1403 3879 1660 3932 cordium
1686 3887 2025 3944 nostrorum,

2152 3873 2338 3941 ίυρίου
2390 3874 2594 3947 ὴμῶν.]
2648 3875 2806 3947 Αὐτῷ
2851 3878 2885 3947 ἡ
2920 3877 3049 3941 δόξα
3081 3876 3180 3949 [τῷ
3223 3876 3418 3948 ἀγαθῷ
3449 3872 3583 3946 Θεῷ]
3616 3870 3681 3930 εἰς

444 3967 714 4024 iacientes
740 3969 1055 4024 voluntates
1083 3969 1267 4023 carnis
1295 3976 1352 4023 et
1375 3967 1772 4038 cogitationum
1808 3973 2030 4021 nostra-

2152 3966 2257 4028 τοὺς
2284 3965 2510 4031 αἰῶνας.
2561 3967 2756 4038 Ἀμήν.
3468 3971 3475 3977 ”

445 4073 570 4114 rum
605 4059 671 4112 ⁸⁸.
722 4077 747 4108 ι
791 4058 1055 4127 Quisquis
1101 4058 1269 4128 igitur
1319 4059 1473 4127 cupit
1523 4057 2026 4127 concupiscentiam
2067 4054 2278 4126 fugere,
2343 4058 2513 4113 totius
2553 4058 2884 4128 corruptelae
2913 4058 3203 4124 artiﬁcem,
3242 4075 3367 4130 qua:
3429 4056 3676 4114 hominem

446 4160 598 4207 recta
622 4151 950 4207 transmittit
973 4150 1029 4204 in
1074 4149 1478 4220 penitissimam
1538 4150 1795 4220 abyssum
1862 4148 2089 4212 inferni,
2133 4149 2180 4202 is
2224 4148 2332 4203 sibi
2381 4149 2628 4227 studiose
2651 4156 2808 4218 paret
2845 4149 2942 4204 Dei
2969 4151 3246 4206 timorem.
3278 4170 3297 4201 ι
3331 4151 3521 4205 Timor
3553 4146 3674 4201 enim

445 4244 662 4300 Domini
690 4254 944 4310 sanctus,
977 4258 1308 4313 permanens
1348 4242 1403 4296 in
1434 4243 1694 4297 sacculum
1726 4242 1909 4297 seculi
1939 4241 2006 4310 εί,
2036 4261 2054 4292 ι
2098 4241 2176 4296 ait
2221 4243 2416 4297 David.
2469 4244 2685 4314 Rursus
2741 4245 2887 4301 idem
2945 4261 2960 4298 :
3001 4262 3020 4296 ι
3077 4243 3304 4315 Coniige
3353 4245 3546 4298 timore
3598 4248 3675 4293 tuo

445 4355 642 4395 carnes
669 4354 820 4394 meas
848 4339 918 4391 δ’.
951 4356 976 4390 ι.
1001 4337 1103 4404 Qui
1134 4337 1282 4390 enim
1306 4335 1511 4406 jugiter
1553 4336 1625 4390 ob
1687 4335 1881 4390 oculos
1946 4335 2147 4390 mentis
2175 4337 2330 4404 ponit
2361 4343 2417 4390 et
2446 4335 2705 4391 obversat
2729 4337 3135 4408 impendentem
3207 4346 3466 4400 mortem,
3523 4333 3673 4402 ignem

449 4432 603 4486 illum
688 4441 979 4494 aeternum,
1036 4428 1345 4483 insomnem
1416 4441 1523 4482 nec
1593 4442 1834 4502 unquam
1892 4425 2418 4495 interquiescentem
2509 4442 2755 4490 vermem
2783 4468 2798 4490 ,
2864 4429 2985 4483 illas
3075 4427 3379 4482 exteriores
3429 4424 3672 4484 tenebras,

445 4529 634 4583 ﬂetum
662 4544 726 4583 ac
753 4527 1045 4583 stridorem
1071 4523 1606 4591 dentium,dedecus
1635 4537 1854 4593 quoque
1890 4519 2024 4576 illud
2064 4521 2376 4592 ignominia:
2419 4539 2684 4593 perquam
2755 4525 2978 4594 plenum
3025 4539 3136 4592 quo
3207 4520 3530 4592 aspergendi
3571 4521 3676 4572 sunt

447 4620 692 4688 reprobi,
737 4609 871 4675 ante"
907 4620 1257 4675 formidabile
1331 4606 1540 4674 Christi
1592 4618 1860 4681 tribunal,
1921 4616 2090 4685 inque
2127 4626 2424 4698 conspectu
2455 4626 2511 4672 et
2543 4617 2865 4688 angelorum
2894 4617 3178 4673 hominum
3209 4615 3518 4676 constituti,
3546 4610 3675 4667 nullo

445 4709 668 4779 negotio
708 4712 754 4764 is
779 4711 1073 4779 interpolat
1102 4727 1166 4766 ac
1212 4707 1440 4780 prorsus
1470 4708 1720 4764 dissolvit
1778 4706 2179 4777 quantamlibet
2228 4707 2632 4763 lenocinantem
2715 4707 3034 4762 illecebram
3093 4705 3403 4775 voluptatis
3429 4743 3444 4767 ,
3484 4711 3674 4758 omnem

444 4798 691 4868 denique
717 4800 1222 4869 concupiscentiam
1250 4816 1359 4870 qua
1423 4807 1796 4869 oppugnatur,
1822 4797 1880 4851 in
1913 4812 2158 4851 amorem
2217 4796 2541 4852 transcribit
2602 4796 2720 4852 Dei.
2759 4796 3006 4852 Labores
3069 4794 3238 4865 igitur
3269 4802 3608 4863 capessamus
3633 4790 3676 4838 et

447 4890 703 4961 corporis
735 4899 792 4946 et
817 4891 1066 4959 spiritus,
1097 4899 1154 4946 et
1191 4891 1244 4946 in
1277 4892 1512 4948 articulo
1545 4891 1786 4959 suscepti
1817 4889 2024 4944 laboris
2062 4889 2273 4945 secedit
2319 4889 2790 4959 concupiscentia.
2833 4889 3055 4958 Pigrum
3087 4886 3234 4941 enim
3293 4901 3358 4940 ac
3419 4880 3674 4938 socordem

447 4983 899 5055 concupiscentia
934 4983 1151 5038 occidit
1179 5001 1201 5037 ι·
1244 4999 1356 5038 non
1409 4987 1558 5038 enim
1608 4982 1804 5036 volunt
1867 4995 2063 5036 manus
2095 4983 2216 5052 ejus
2255 4980 2558 5051 quidquam
2623 4980 2862 5051 operari.
2888 4980 3158 5036 Dominus
3182 4979 3492 5072 animarum
3511 4985 3675 5072 amati:

449 5074 696 5130 tissimus
723 5075 836 5129 ait:
887 5093 906 5127 ‹
945 5073 1004 5129 Si
1041 5073 1236 5129 oculus
1276 5080 1406 5128 tuus
1459 5073 1651 5128 dexter
1679 5072 2016 5130 scandalizat
2054 5081 2128 5138 te,
2155 5088 2291 5128 erue
2341 5087 2469 5128 eum
2501 5081 2558 5128 et
2607 5072 2820 5144 projice
2883 5071 2983 5126 abs
3033 5079 3120 5138 te;
3153 5070 3350 5126 melius
3384 5068 3530 5123 enim
3590 5058 3672 5115 tibi

447 5169 540 5232 sit,
583 5167 791 5240 1151
819 5175 881 5222 ut
943 5177 1135 5238 pereat
1203 5180 1374 5222 unum
1421 5164 1795 5220 membrorum
1843 5172 2088 5229 tuorum,
2124 5173 2184 5220 et
2206 5179 2318 5218 non
2350 5171 2524 5220 totum
2551 5177 2754 5233 corpus
2777 5159 3105 5234 proﬁciatur
3139 5161 3198 5216 in
3237 5160 3542 5231 gehennam
3566 5152 3665 5206 “.I

447 5263 552 5335 Ipsi
582 5263 758 5336 gloria
775 5264 833 5318 in
866 5264 1067 5321 saecula
1090 5262 1450 5325 saeculorum.
1474 5260 1670 5316 Amen.

494 5485 548 5562 "_
566 5485 902 5562 Psal.:xxur,
939 5491 1025 5546 15.
1106 5491 1158 5562 εδ,
1200 5491 1371 5562 Exod.
1410 5508 1501 5558 xx,
1532 5492 1618 5562 17.
1696 5490 1755 5562 ⁸³,
1787 5490 1858 5547 Ill
1894 5491 2032 5562 Reg.
2077 5508 2166 5547 xxi
2214 5466 2438 5562 passim.
2515 5491 2561 5523 "
2587 5490 2750 5562 Num.
2783 5506 2871 5562 xi,
2907 5487 3133 5562 passim.
3209 5477 3612 5562 "nPqu._I;.§-

445 5560 491 5588 "
521 5549 916 5645 Promuxx‘nid,
954 5560 1164 5645 iam"
1206 5561 1376 5645 ξιον.
1429 5549 1504 5627 vi,
1737 5561 1924 5645 "Job
1950 5549 2049 5645 3‘3:

2152 5549 2232 5645 ὀξ
2266 5562 2370 5645 "1.
2392 5562 2537 5645 ἰείη·
2571 5576 2629 5626 η’
2666 5549 2875 5645 Ha-"
2907 5549 3368 5645 C2‘°§:.'"z_§:__
3392 5549 3666 5645 “LI”:

447 5643 522 5688 ιν,
552 5628 604 5681 7.
681 5631 726 5662 ’⁸
749 5622 910 5685 Rom.
937 5646 1012 5696 τι,
1042 5629 1127 5684 l2.
1206 5632 1248 5664 "’
1275 5633 1434 5687 Rom.
1470 5622 1582 5701 xm,
1625 5633 1706 5688 14.
1787 5633 1832 5666 ⁸⁸
1865 5633 2049 5703 Ephes

451 5697 642 5750 Natlh.
688 5715 740 5763 v,
774 5699 862 5752 29.

2152 5673 2160 5702 η
2199 5631 2254 5686 5.
2329 5632 2370 5663 ⁸¹
2401 5631 2544 5686 Psal.
2568 5622 2716 5696 xvxu,
2757 5629 2841 5684 10.
2944 5626 2990 5658 ⁸²
3031 5626 3175 5683 Psal.
3210 5641 3389 5695 cxvm,
3431 5622 3550 5678 120.
