3986 6148
452 313 586 380 1855
1717 321 2081 390 ANTIOCHI
2123 326 2466 386 MONACHI
2773 349 2781 356 '
3543 322 3650 392 1656

445 427 770 496 dormiscat,
821 429 1132 488 destertens
1194 432 1415 491 interim
1473 452 1537 493 ac
1607 453 1838 495 securus
1885 457 2024 497 cura

2139 441 2196 496 ιν
2225 442 2397 513 φόσῳ,
2428 446 2523 497 καὶ
2561 444 2888 514 ἀγαλλιᾶσθε
2929 442 3076 514 αὐτῷ
3118 443 3176 495 ὲν
3211 441 3413 514 τρόμῳ⁸
3460 441 3557 504 πᾶς
3582 446 3657 498 ἂν·

447 521 687 576 omnis:
743 522 1000 577 omnibus
1044 524 1190 579 enim
1247 542 1313 581 ex
1367 545 1525 600 mquo
1569 532 1882 589 viviﬁcator
1939 537 2024 592 ille

2140 532 2356 604 θρωπος
2385 533 2650 602 δράξασθε
2683 535 2952 599 παιδείας,
2979 536 3186 605 μήποτε
3221 531 3447 602 ὀργισθῇ
3470 533 3654 604 Κύριος,

449 610 692 680 Spiritus
749 612 853 666 hoc
901 614 1215 682 praescribit
1270 619 1612 676 mandatum.
1653 623 1746 678 Ait
1781 626 1928 679 enim
1962 627 2024 694 is,

2136 625 2230 678 καὶ
2253 625 2540 680 ἀπολεῖσθε
2566 625 2624 690 ἐξ
2646 625 2767 678 ὁδοῦ
2794 625 3028 684 δικαίας.
3068 643 3086 674 ι
3119 624 3230 676 Καὶ
3251 623 3429 682 πάλιν,
3459 642 3474 674 ι
3503 624 3660 677 Μακά-

361 731 363 736 ι
449 717 552 771 per
593 718 658 758 os
702 703 872 758 David
907 720 920 755 :
981 722 1001 754 ι
1038 706 1374 775 Erudimini,
1409 727 1604 768 omnes
1635 717 1728 784 qui
1773 717 2024 786 judicatis

2138 734 2242 788 ριοι
2286 718 2339 770 οί·
2369 717 2733 787 φυλάσσοντες
2762 717 2966 788 κρίσιν,
2999 716 3095 768 καὶ
3128 715 3404 776 ποιοῦντες
3435 714 3660 766 δικαιοσύ-

437 801 662 858 terram,
705 794 912 849 servile
941 795 1174 853 Domino
1194 799 1248 853 in
1274 800 1488 866 timore,
1522 814 1579 860 et
1605 809 1876 862 exsultate
1901 810 1951 862 ei
1978 810 2024 862 in

2135 825 2232 876 νην
2261 809 2319 861 ἐν
2345 808 2510 862 παντὶ
2541 809 2739 879 καιρῷ,
2770 829 2788 860 ι
2823 809 2952 873 Καὶ,
2985 825 3002 857 ι
3036 807 3099 860 Εἰ
3120 805 3336 875 ἀληθῶς
3359 805 3464 872 ἀρα
3489 804 3658 858 δικαιο-

449 892 712 949 tremore,
781 888 1182 956 apprehendite
1251 891 1624 962 disciplinam,
1688 915 1757 953 nc
1813 900 2024 968 quando

2137 899 2302 968 σύνην
2324 899 2556 965 λαλεῖτε,
2586 901 2749 952 εὐθέα
2777 899 3022 970 κρίνατε,
3050 898 3156 950 uio!
3179 897 3288 948 τῶν
3327 895 3616 964 ἀνθρώπων.
3639 916 3654 948 ι

453 981 732 1033 irascatur
762 979 1050 1045 Dominus,
1100 989 1157 1036 et
1210 986 1450 1051 pereatis
1486 985 1554 1042 de
1585 989 1673 1042 via
1714 991 1861 1059 justa
1903 991 1968 1043 ’⁸.
2007 1009 2024 1044 ι

2135 993 2196 1045 EI
2221 991 2437 1061 ἀληθῶς
2469 991 2599 1060 ἄρα,
2643 993 2735 1044 καὶ
2775 992 2850 1061 μὴ
2887 990 3104 1060 ψεῦδος,
3142 989 3279 1059 μηδὲ
3316 988 3437 1041 καθ’
3466 989 3657 1054 ὑπόκρι-

450 1071 669 1125 Rursus
703 1087 716 1124 :
755 1088 772 1120 ι
812 1071 964 1126 Beati
1017 1073 1111 1142 qui
1157 1076 1482 1130 custodiunt
1518 1079 1810 1146 judicium,
1853 1090 1910 1135 et
1953 1083 2024 1137 fa-

2136 1101 2242 1136 σιν.
2273 1083 2338 1136 Τί
2363 1081 2480 1148 οὖν,
2506 1083 2692 1152 φησὶν,
2729 1083 2866 1151 πρός
2901 1099 2987 1152 με,
3027 1082 3116 1134 τὸν
3147 1081 3220 1150 μὴ
3250 1080 3658 1149 ἐμπεπιστευμέ-

364 1227 374 1240 l
445 1161 897 1231 ciuutjustitiam
923 1162 978 1214 in
1007 1163 1155 1216 omni
1182 1173 1428 1233 tempore
1451 1168 1515 1219 ν’.
1560 1187 1577 1218 ι
1603 1168 1670 1220 Ει
1708 1187 1721 1221 :
1764 1188 1782 1220 ι
1814 1168 1868 1224 Si
1902 1186 2024 1225 vere

2132 1190 2221 1226 νον
2253 1171 2574 1242 δικαστικὴν
2618 1173 2829 1243 ἀρχήνς
2870 1172 2942 1224 Τὸ
2985 1171 3360 1241 παράγγελμα
3388 1169 3536 1223 τοῦτο
3574 1170 3660 1237 ἐγώ

449 1254 646 1322 utique
672 1253 946 1323 justitiam
986 1254 1302 1324 loquimini,
1331 1260 1762 1329 rectejudicate,
1803 1263 1899 1315 ﬁlii
1926 1263 2024 1317 ho-

2134 1281 2215 1316 σοι
2238 1263 2367 1332 ἐρῶ·
2406 1264 2462 1316 '0
2485 1263 2619 1326 Θεὸς
2641 1265 2668 1316 ὁ
2696 1261 2888 1325 κτίσας
2910 1263 3002 1316 τὸν
3027 1262 3337 1333 ἄνθρωπον,
3356 1261 3660 1325 αὐτεξούσιον

447 1345 662 1398 minum
698 1345 736 1398 '.
775 1363 794 1396 ›
860 1345 915 1399 Si
965 1362 1095 1402 vere
1130 1347 1341 1418 utique,
1393 1366 1500 1404 non
1533 1354 1912 1409 commentitic
1967 1369 2024 1408 ac

2131 1351 2293 1406 αὐτὸν
2344 1351 2623 1422 ἐποίησεν,
2661 1351 2911 1405 δεκτικὸν
2961 1351 3290 1420 προσϐολῆς,
3350 1351 3559 1422 ἀρετῆς,
3586 1350 3660 1402 καὶ

445 1435 810 1502 mendaciter,
837 1451 1018 1504 neque
1065 1453 1166 1506 per
1212 1439 1548 1508 hypocrisin.
1599 1443 1813 1497 Dixeris
1846 1461 1858 1496 :
1894 1444 2024 1512 quid

2131 1444 2348 1508 κακίας.
2396 1444 2673 1506 Φυτεύσας
2699 1443 2756 1496 δὲ
2788 1443 2891 1505 τὰς
2919 1442 3134 1504 πλείους
3162 1442 3467 1512 αἰσθήσεις,
3506 1441 3660 1510 ὥσπερ

445 1525 616 1595 igitur
650 1525 719 1579 ad
765 1541 855 1580 me
903 1526 1050 1581 istud
1106 1529 1305 1584 attinet
1352 1531 1696 1595 mandatum,
1734 1533 1822 1587 cui
1875 1534 2024 1587 nulla

2129 1533 2186 1586 ὲν
2222 1533 2400 1604 μικρῷ
2431 1551 2540 1586 τινι
2571 1533 2780 1604 χωρίῳ,
2811 1535 2878 1603 τῇ
2913 1532 3032 1600 ὕψει
3066 1532 3386 1602 δορυφόρων
3425 1532 3566 1596 τάξιν
3593 1532 3663 1581 ὲκ·

442 1615 760 1671 concredila
785 1615 1001 1671 functio
1024 1617 1334 1688 judiciariae
1381 1624 1694 1690 potestatis,
1747 1625 1840 1692 qui
1889 1623 2024 1677 nihil

2127 1623 2464 1694 πληρούσας,
2491 1622 2791 1694 ὲνθρονίζει
2821 1624 3032 1686 αὐταῖς,
3071 1620 3262 1690 ὥσπερ
3306 1620 3518 1691 βασιλέα
3552 1621 3662 1686 ἀγα-

442 1707 628 1764 minus
659 1725 824 1779 quam
849 1710 1094 1780 judicem
1124 1711 1430 1780 proﬁteor?
1462 1714 1600 1768 Huic
1618 1715 2016 1784 responderim,

2129 1714 2220 1769 θὸν
2265 1715 2362 1769 καὶ
2411 1715 2640 1780 δίκαιον,
2683 1715 2773 1771 τὸν
2813 1714 3055 1785 ἡγεμόνα
3124 1713 3274 1768 νοῦν.
3320 1709 3662 1783 Κρίνεταιοῦν

443 1797 591 1854 Deus
628 1800 724 1868 qui
780 1800 1059 1854 hominem
1101 1801 1372 1862 condidit.
1400 1804 1530 1859 fecit
1555 1819 1682 1858 eum
1727 1821 1840 1859 sua:
1897 1819 2017 1860 esse

2123 1808 2342 1870 πάντως
2411 1807 2582 1878 ἁρετὴ
2629 1777 2729 1860 ’καὶ
2783 1777 2971 1868 κακία,
3022 1807 3322 1870 τουτέστιν,
3375 1777 3659 1874 σωφροσύνη

442 1890 658 1959 spontis
688 1907 754 1945 ac
779 1891 942 1945 liberi
986 1892 1200 1954 arbitrii
1233 1911 1244 1944 :
1284 1910 1540 1963 capacem
1575 1903 1843 1964 praaterea
1884 1912 2016 1966 pro-

2123 1899 2216 1951 καὶ
2257 1898 2542 1964 ἀκολασία,
2600 1897 3016 1968 γαστριμαργία
3070 1896 3165 1950 καὶ
3232 1896 3463 1964 ἄσκησις
3518 1893 3662 1962 θυμὸς

441 1983 610 2051 positi
653 1983 998 2047 alterutrius,
1021 1993 1114 2037 aut
1146 1984 1368 2038 virtutis
1401 1994 1494 2039 aut
1518 1987 1657 2039 vitii.
1682 1986 1930 2056 Cumque
1961 1987 2017 2040 in

2123 1982 2212 2037 καὶ
2258 1986 2500 2055 πραότης
2560 1984 2837 2049 κενοδοξία
2887 1985 2982 2038 καὶ
3029 1984 3493 2054 ταπεινοφροσύνη
3529 2001 3542 2013 -
3583 1980 3662 2034 καὶ

442 2074 636 2130 faciem
699 2075 942 2130 hominis
1011 2076 1308 2144 inspirans,
1366 2077 1728 2146 multiplicem
1794 2094 2016 2133 sensum

2123 2076 2304 2139 ἅπλῶς
2331 2077 2490 2130 πᾶσα
2524 2077 2691 2147 ἀρετὴ
2747 2076 2907 2147 δίκην
2958 2077 3073 2147 ἔχει
3122 2077 3258 2146 πρὸς
3310 2078 3407 2144 τὴν
3455 2073 3662 2129 ἀντιδια-

443 2164 755 2230 insevisset,
790 2165 1020 2234 perinde
1065 2173 1230 2234 atque
1265 2165 1320 2220 in
1369 2168 1544 2236 agello
1585 2169 1865 2238 quopiam,
1919 2186 2017 2224 ex-

2123 2166 2482 2236 στελλομένην
2511 2167 2650 2237 αὐτῇ
2681 2166 2904 2221 κακίαν.
2951 2167 3077 2220 Ἐὰν
3104 2163 3195 2220 οὖν
3216 2167 3244 2218 ὁ
3277 2166 3402 2227 νοῦς
3427 2161 3662 2232 κατακρί-

2117 2269 2185 2325 νῃ
2222 2257 2320 2327 τὴν
2347 2258 2568 2324 κακίαν,
2594 2256 2869 2327 δικαιώσῃ
2913 2258 2970 2310 δὲ
2992 2259 3091 2328 τὴν
3117 2259 3339 2328 ἀρετὴν,
3365 2256 3518 2310 εὐθέα
3543 2255 3663 2323 ΙΙἐκρι-

2119 2365 2229 2412 νεν,
2267 2348 2365 2403 καὶ
2413 2349 2684 2418 ἐφύλαξεν
2715 2352 2890 2420 κρῖμα
2927 2351 3020 2402 καὶ
3051 2350 3421 2419 δικαιοσύνην.
3452 2349 3510 2401 El
3539 2349 3587 2401 δὲ
3610 2349 3682 2400 ὲκ·

2121 2439 2458 2504 πολυποσίας
2503 2442 2826 2511 ἐπιλάθηται
2872 2441 3103 2505 ἑαυτοῦ,
3146 2442 3336 2495 πίπτει
3384 2444 3445 2494 ὲκ
3487 2438 3571 2492 τοῦ
3595 2438 3662 2490 δι-

2120 2531 2301 2596 καίου,
2344 2532 2420 2594 ὡς
2455 2511 2724 2601 Ὀχοζίαξ,
2760 2534 2854 2586 καὶ
2895 2535 3169 2604 apponat
3201 2532 3511 2604 ἀρρωστίαν
3545 2529 3662 2599 πρὸς

2123 2624 2371 2689 θάνατον,
2401 2625 2679 2678 τουτέστιν
2710 2625 2933 2678 ἀπόλλει
2953 2626 3050 2696 τὴν
3079 2625 3379 2695 διάκρισιν,
3411 2624 3502 2678 καὶ
3527 2623 3660 2676 δίδω·

2123 2732 2207 2769 σιν
2236 2717 2332 2787 τὴν
2354 2699 2593 2772 νικοτσαν
2612 2717 2794 2788 ψῆφον
2816 2721 2881 2788 τῇ
2908 2718 3099 2788 κακίᾳ,
3123 2717 3218 2770 καὶ
3243 2716 3564 2784 ἀποθνήσκει
3585 2711 3661 2764 τδν

444 2255 759 2326 plessetque
808 2258 1105 2312 satellitum
1141 2259 1394 2314 ordinem
1433 2277 1447 2325 ;
1501 2259 1556 2313 in
1602 2261 1799 2315 horum
1836 2261 2018 2317 medio

442 2346 607 2415 jussit
636 2355 880 2402 mentem
925 2347 1175 2403 residere
1210 2349 1530 2418 primariam
1561 2360 1725 2420 atque
1755 2367 2016 2406 sensuum

445 2436 896 2504 moderatricem,
925 2454 1025 2493 ceu
1052 2454 1236 2509 regem
1258 2441 1518 2510 stipatum
1540 2444 1800 2499 satellitio
1820 2446 2016 2514 milite,

453 2545 639 2600 regem
696 2530 882 2600 plane,
919 2546 988 2584 ex
1037 2531 1356 2586 conditione
1408 2532 1615 2587 bonum
1665 2550 1731 2590 ac
1781 2536 2015 2605 justum.

445 2623 621 2676 Penes
649 2637 776 2676 eum
831 2620 1001 2691 igitur
1053 2623 1280 2678 omnino
1321 2631 1405 2678 est
1447 2623 1734 2694 judicandi
1767 2627 2016 2693 libertas,

445 2729 560 2782 quo
579 2713 952 2768 discerniculo
980 2713 1159 2768 virtus
1191 2729 1220 2768 a
1254 2715 1390 2770 vitio
1433 2715 1830 2787 distinguatur,
1885 2726 2017 2788 puta

447 2804 815 2872 temperantia
841 2803 910 2856 ab
943 2803 1138 2860 eil‘reni
1165 2804 1429 2871 libidine;
1465 2807 1736 2878 ingluvies
1764 2810 1834 2864 ab
1863 2824 2022 2864 exer-

2123 2809 2339 2863 αίώνιον
2369 2807 2620 2864 θάνατον.
2657 2810 2882 2873 Τούτοις
2907 2810 2964 2862 δὲ
2996 2812 3370 2880 ἐπιμαρτυρεῖ
3412 2807 3500 2860 καὶ
3521 2807 3546 2858 ὁ
3567 2803 3663 2857 Κύ-

447 2894 578 2950 citio
609 2895 982 2958 abstinentiae,
1034 2896 1113 2949 ira
1143 2911 1174 2950 a
1202 2898 1650 2965 mansuetudine,
1686 2900 1867 2955 inanis
1899 2901 2020 2971 glo-

2127 2917 2270 2970 ριος,
2289 2900 2486 2970 λέγων,
2533 2920 2553 2953 ‹
2591 2902 2656 2954 Τί
2687 2903 2744 2954 δὲ
2778 2901 2872 2955 καὶ
2905 2903 2997 2970 ἀφ’
3030 2902 3240 2954 ἑαυτῶν
3288 2901 3352 2959 οὐ
3393 2899 3588 2968 κρίνετε
3613 2894 3663 2947 τδ

450 2986 547 3040 riae
579 2986 702 3040 sitis
736 2987 806 3040 ab
856 2987 1190 3042 humilitate.
1213 2987 1403 3044 Virtus
1426 2989 1666 3059 denique
1714 2993 1897 3046 omnis
1934 2992 2021 3046 vi-

2123 2988 2359 3053 δίκαιον;
2381 3008 2399 3040 ι
2451 2990 2539 3052 Ὠς
2569 2989 2676 3060 γάρ
2711 2990 2944 3052 ὑπάγεις
2990 2990 3127 3059 μετὰ
3155 2988 3251 3041 τοῦ
3298 2987 3556 3041 ἀντιδίκου
3583 2999 3662 3036 σου

449 3077 589 3133 tium
643 3075 809 3130 habet
857 3077 947 3131 οιιί
1002 3078 1328 3143 reluctetur,
1383 3095 1495 3148 quo
1567 3095 1694 3135 cum
1748 3081 2020 3152 judicium

2123 3078 2211 3131 ἐπ’
2243 3078 2502 3149 ἄρχοντα,
2543 3083 2601 3132 ὲν
2638 3083 2704 3150 τῇ
2753 3080 2858 3149 ὁδῷ
2901 3081 2987 3144 δὸς
3033 3079 3298 3150 ἐργασίαν
3353 3076 3664 3146 ἀπηλλάχθαι

447 3177 721 3225 exerceat.
747 3168 898 3224 Mens
928 3169 1098 3240 igitur
1123 3170 1168 3225 si
1193 3170 1457 3226 malitiam
1499 3173 1851 3237 condemnet,
1879 3173 2020 3229 ferat

2125 3168 2221 3220 ἀπ’
2252 3168 2438 3232 αὐτοῦ,
2493 3169 2703 3240 μήποτε
2761 3170 3042 3240 κατασύρῃ
3090 3187 3149 3221 σε
3181 3171 3322 3239 πρὸς
3350 3169 3439 3222 τὸν
3476 3165 3662 3238 κριτὴν,

444 3270 630 3317 autem
676 3278 777 3333 pro
840 3261 1048 3320 virtute
1109 3263 1468 3328 sententiam,
1525 3273 1674 3319 recte
1727 3265 2017 3335 judicavit,

2123 3259 2218 3313 καὶ
2268 3262 2296 3312 ὁ
2341 3261 2534 3331 κριτὴς
2593 3261 2888 3332 παραδώσῃ
2938 3279 2996 3314 σε
3045 3261 3124 3331 τῷ
3169 3263 3494 3331 πράκτωρι,
3538 3254 3664 3311 καλό

447 3350 690 3420 fecitque
714 3352 986 3424 judicium
1031 3361 1088 3408 et
1115 3353 1412 3426 justitiam.
1449 3355 1606 3422 Quod
1633 3357 1678 3410 si
1709 3371 1809 3424 per
1833 3356 2024 3412 immo-

2123 3349 2383 3421 πράκτωρ
2421 3351 2555 3421 βάλῃ
2607 3368 2666 3404 σε
2717 3355 2796 3416 είς
2837 3353 3106 3423 φυλακήν.
3149 3354 3323 3423 Ἀμὴν
3367 3352 3508 3419 ἀμὴν
3544 3347 3663 3414 λέγω

446 3442 698 3498 deratam
758 3446 1131 3515 sumptioncm
1204 3447 1319 3501 vini
1377 3447 1614 3516 seipsam
1681 3445 1885 3516 fugerit
1959 3461 2024 3501 ac

2123 3458 2224 3508 σοι,
2257 3443 2319 3496 οὐ
2360 3443 2435 3513 μὴ
2471 3443 2690 3515 ἐξέλθῃς
2720 3445 2930 3497 ἐκεῖθεν
2959 3445 3065 3506 ἕως
3090 3437 3152 3497 οὗ
3181 3443 3399 3514 ἀποδῷς
3427 3442 3511 3494 τὸν
3528 3439 3664 3508 ἔσχα-

447 3536 733 3600 nescierit,
757 3537 1012 3608 prolapsa
1040 3539 1152 3608 jam
1185 3546 1272 3593 est
1297 3554 1327 3593 a
1353 3538 1685 3594 rectitudine
1714 3537 1934 3608 judicii,
1965 3545 2024 3592 ut

2123 3551 2212 3588 τον
2247 3535 2569 3606 κοδράντην.
2605 3535 2767 3607 Αὐτῷ
2796 3538 2829 3606 ἡ
2879 3536 3008 3602 δόξα
3037 3536 3114 3606 τῷ
3160 3536 3308 3607 μόνῳ
3353 3533 3664 3603 δικαιοκριτῇ

450 3627 541 3682 ille
567 3628 701 3682 olim
747 3629 1035 3694 Ochozias,
1060 3645 1125 3684 ac
1162 3630 1362 3686 misere
1387 3638 1622 3701 aagrotat
1667 3631 2024 3701 aegrotatione

2123 3626 2344 3696 Χριστῷ
2375 3626 2452 3688 είς
2479 3626 2608 3690 τοὺς
2635 3627 2862 3689 αἰῶνας.
2903 3627 3096 3696 ’Δμήν.

448 3721 519 3776 ad
549 3730 780 3794 mortem
808 3728 876 3777 ἐ
933 3725 1040 3781 hoc
1089 3733 1193 3788 est,
1233 3725 1467 3781 descivit
1496 3741 1526 3780 a
1573 3725 1724 3794 justo
1786 3723 2019 3778 rationis
2051 3719 2284 3792 judicio,
2327 3721 2585 3789 ultroque
2650 3722 2873 3776 malitia:
2921 3721 3085 3775 cessit
3147 3719 3409 3789 palmaris
3452 3712 3666 3770 victoriae

449 3793 738 3880 tesseram,
766 3831 830 3870 ac
863 3831 926 3872 se
957 3825 1177 3872 aeternae
1211 3816 1378 3873 morti
1414 3793 1645 3871 addixit.
1677 3815 1804 3870 Haec
1870 3813 2138 3870 Dominus
2199 3826 2301 3866 suo
2350 3813 2550 3866 astruit
2588 3813 2924 3877 testimonio,
2987 3812 3215 3866 dicens:
3250 3829 3268 3861 ι
3308 3811 3421 3866 Cur
3452 3816 3614 3862 autem
3639 3817 3665 3856 a

452 3905 752 3976 vobisipsis‘
802 3923 915 3963 non
960 3909 1244 3979 judicatur
1304 3909 1451 3979 quod
1494 3910 1705 3980 justum
1758 3915 1844 3963 est
1903 3907 1958 3961 '1
1991 3926 2011 3960 ι
2053 3903 2283 3972 Quando
2311 3903 2467 3958 vadis
2494 3920 2620 3959 cum
2650 3905 2964 3960 adversario
3001 3913 3093 3960 tuo
3153 3903 3220 3958 ad
3279 3902 3592 3972 principem.
3623 3897 3667 3950 in

450 3998 538 4052 via
567 3998 635 4052 da
669 4015 894 4069 operam
940 4000 1164 4060 liberari
1190 4001 1258 4055 ab
1293 4015 1383 4067 eo,
1449 4000 1743 4070 nequando
1776 3999 1957 4055 trahat
2005 4006 2058 4052 te
2124 3995 2190 4050 ad
2219 3995 2484 4066 judicem,
2534 4005 2590 4052 et
2632 3995 3014 4067 judex‘tradat
3049 4005 3102 4050 te
3154 3996 3376 4059 tortori,
3419 4005 3473 4050 et
3516 3999 3669 4048 tortor

453 4089 632 4144 mittat
665 4101 719 4146 te
755 4093 808 4146 in
843 4107 1142 4148 carcerem.
1180 4092 1352 4148 Amen
1401 4107 1562 4146 amen
1592 4092 1716 4148 dico
1743 4092 1865 4158 tibi,
1904 4108 2015 4147 non
2049 4089 2228 4146 exibis
2302 4088 2456 4144 illinc
2519 4089 2698 4146 donec
2741 4089 3051 4146 reddideris
3109 4089 3472 4144 novissimum
3549 4095 3694 4156 qua-'

449 4183 701 4238 drantem
729 4183 905 4253 ‘.lpsi
951 4183 1122 4254 gloria
1167 4183 1266 4238 soli
1288 4185 1441 4254 justo
1469 4182 1644 4254 judici
1667 4183 1889 4240 Christo
1947 4186 2004 4239 in
2043 4186 2261 4240 saecula.
2289 4183 2490 4238 Amen.

825 4321 1034 4394 1143
1071 4322 1354 4378 llOMlLlA
1408 4321 1646 4377 LXXVI.

979 4435 1055 4490 De
1069 4437 1220 4508 justo
1243 4452 1515 4491 mensura.

519 4550 657 4615 Quae
684 4549 830 4618 iusta
886 4555 1018 4602 sunt
1065 4547 1273 4613 omnia,
1310 4564 1578 4618 perquam
1607 4551 1871 4606 amabilia
1903 4551 2020 4608 Deo

2708 4322 2927 4376 ΛΟΓΟΣ
2983 4322 3120 4388 οςν,

2586 4435 2722 4504 Περὶ
2775 4435 3232 4503 δικαιομετρίας.

2195 4549 2382 4604 Πάντα
2408 4548 2478 4603 τά
2524 4547 2709 4602 δίκαια
2748 4545 2974 4616 θεόφιλα
3024 4546 3121 4600 καὶ
3165 4545 3452 4616 εὐάρεστα.
3487 4543 3668 4608 Ὥσπερ

451 4645 586 4693 sunt
608 4645 666 4691 et
690 4617 942 4706 accepta.
969 4636 1040 4692 Ut
1069 4636 1218 4691 enim
1250 4617 1567 4706 aequitatem
1615 4639 1831 4709 judicii,
1862 4640 1936 4696 ita
1965 4649 2022 4697 et

2123 4640 2233 4712 γὰρ
2260 4641 2361 4711 τὴν
2383 4639 2787 4705 δικαιοκρισίαν
2816 4638 3007 4708 ἀγαπᾷ
3040 4639 3070 4691 ὁ
3098 4636 3251 4701 Θεὸς,
3280 4636 3455 4700 οὕτως
3480 4635 3569 4688 καὶ
3586 4629 3669 4701 τὴν

451 4729 510 4784 in
555 4727 836 4783 metiendo
888 4734 1160 4782 servatam
1195 4727 1468 4798 justitiam
1519 4730 1700 4802 diligit
1733 4732 1898 4786 Deus.
1925 4731 2026 4788 Ju-

441 4828 576 4875 stus
611 4819 761 4874 enim
792 4834 917 4873 cum
945 4819 1036 4884 sit,
1069 4820 1127 4873 in
1171 4819 1228 4876 id
1259 4821 1490 4890 respicit
1517 4822 1844 4887 clementer,
1877 4825 2027 4893 quod

448 4914 661 4982 justum
699 4921 802 4965 est.
841 4911 973 4966 Jure
1008 4911 1178 4981 igitur
1201 4913 1358 4985 jubet
1388 4913 1676 4981 Scriptura
1703 4915 2028 4971 servandam

452 5019 574 5060 esse
601 5003 919 5073 aequitatem
940 5013 998 5059 et
1013 5005 1277 5075 ponderis
1305 5015 1363 5060 et
1393 5017 1681 5058 mensurae.
1705 5004 1726 5035 ⁵
1745 5003 2028 5062 Nefarium

455 5107 685 5162 prorsus
761 5101 928 5163 atque
1001 5108 1222 5148 omnem
1300 5108 1614 5163 expurgans
1678 5095 2030 5165 iniquitatem

455 5195 541 5241 est
575 5184 825 5255 duplices
845 5187 1052 5241 habere
1076 5199 1387 5249 mensuras,
1415 5201 1637 5255 parvam
1665 5198 1722 5243 et
1750 5205 2024 5260 magnam.

453 5277 612 5334 Unde
668 5286 726 5333 et
778 5278 1053 5350 propheta
1095 5277 1285 5340 Amos,
1319 5277 1593 5348 ejusmodi
1637 5273 2062 5352 immorigeros’

456 5383 560 5424 nec
588 5369 740 5424 dicto
769 5369 1065 5424 audientes
1091 5366 1346 5423 indicans
1387 5369 1550 5442 longe
1595 5387 1721 5429 esse
1776 5373 2027 5427 miserri-

458 5475 578 5515 mos
608 5477 622 5514 :
667 5479 686 5512 ι
717 5459 812 5517 Va:
859 5459 936 5529 ei,
959 5459 1060 5524 ait,
1096 5460 1190 5529 qui
1243 5458 1530 5517 desiderat
1579 5463 1728 5520 diem
1760 5463 2024 5530 Domini;

2122 4730 2554 4802 δικαιομετρίαν.
2603 4731 2825 4792 Δίκαιος
2881 4727 2991 4798 γὰρ
3056 4726 3154 4793 ὣν,
3196 4728 3420 4799 προνοεῖ
3475 4722 3563 4776 τοῦ
3606 4720 3670 4772 δι-

2123 4821 2302 4876 καίου.
2363 4818 2606 4880 Είκότως
2655 4813 2748 4870 οὖν
2801 4817 2834 4885 ἡ
2888 4815 3080 4886 Γραφὴ
3137 4814 3510 4884 παραγγέλλει
3563 4805 3672 4875 περὶ

2126 4910 2478 4980 ίσοσταθμίας
2517 4910 2611 4964 καὶ
2655 4908 3006 4979 ίσομετρίας”
3049 4907 3306 4978 ἀθέμιτον
3347 4908 3459 4976 γάρ
3524 4906 3670 4964 ἐστιν,

2125 5003 2223 5056 καὶ
2277 5003 2460 5074 πάσης
2503 5003 2721 5066 ἀδικίας
2770 5001 3052 5066 ἐπέκεινα,
3080 5001 3242 5055 δισσά
3296 5001 3471 5071 μέτρα
3523 4997 3669 5066 ἔχειν,

2130 5093 2328 5164 μικρὸν
2357 5093 2452 5147 καὶ
2479 5094 2640 5163 μέγα.
2671 5093 2833 5146 Ὅθεν
2860 5093 2956 5145 καὶ
2989 5094 3018 5146 ὁ
3048 5092 3340 5162 προφήτης
3377 5089 3554 5159 ’Δμὼς
3580 5102 3671 5162 φη·

2128 5200 2234 5250 σιν,
2259 5183 2558 5247 ταλανίζων
2603 5184 2732 5246 τοὺς
2764 5184 3068 5252 ἀνηκόους,
3107 5201 3127 5234 ι
3164 5183 3303 5236 οὐαὶ
3343 5182 3371 5234 ὁ
3410 5173 3671 5246 ἐπιθυμῶν

2125 5275 2226 5346 τὴν
2279 5276 2495 5348 ἡμέραν
2549 5275 2775 5346 Κυρίου,
2819 5277 2914 5330 καὶ
2952 5274 3090 5346 αὕτη
3135 5273 3284 5327 ἐστὶν
3336 5271 3522 5334 σκότος
3547 5287 3559 5300 ·
3591 5263 3668 5319 τοῦ

2127 5358 2574 5443 ποιῆσαιμικρδν
2611 5371 2833 5442 μέτρον,
2859 5369 2954 5424 καὶ
2976 5369 3139 5436 ζυγὸν
3162 5370 3362 5424 ἄδικον.
3401 5384 3421 5418 ι
3463 5359 3670 5432 ὀμοίως

2127 5466 2263 5525 καὶὸ
2291 5464 2556 5535 Μιχαίας,
2596 5480 2616 5515 r
2654 5463 2718 5518 Et
2743 5460 3194 5532 δικαιωθήσεται,
3229 5459 3421 5530 λέγων,
3457 5457 3514 5510 ὲν
3540 5447 3668 5517 ζυγῷ

531 5656 577 5730 _"
597 5657 740 5709 Psal.
767 5655 1040 5730 tuto-Ii
1116 5659 1160 5690 "
1196 5657 1338 5712 Psal.
1369 5673 1454 5724 σι’,
1487 5659 1539 5712 3.
1618 5658 1633 5689 '
1659 5657 1800 5713 Psa'l.
1843 5674 1970 5725 Lvu,
2003 5660 2056 5712 2.
2135 5659 2225 5714 'lV
2257 5660 2389 5730 Reg.
2417 5672 2456 5728 ι,
2479 5659 2532 5714 2.
2613 5657 2631 5690 ³
2669 5656 2802 5713 Luc.
2837 5672 2933 5723 xu,
2975 5656 3064 5712 5'1.
3145 5657 3163 5686 ⁸
3193 5651 3378 5710 Matth.
3403 5667 3456 5716 ν,
3489 5648 3568 5711 95.
3592 5641 3648 5696 ἳθ

461 5722 485 5756 ⁵
523 5725 656 5778 Luc.
687 5741 758 5792 vn,
785 5727 874 5780 58.
