3986 6148
414 348 544 414 l657

1311 351 1642 412 HOMILIA
1679 332 2078 414 Lxxvu;—
2117 355 2213 414 DE
2251 343 2779 421 P(ENITENTIA.

3519 364 3654 429 1658

409 472 628 537 ἄνομος,
670 467 763 521 καὶ
825 465 881 520 ἰν
939 463 1250 536 μαρσίππῳ
1319 465 1558 536 σταθμία
1619 465 1794 520 δόλου.
1835 485 1853 517 ι
1891 465 1972 519 Τὰ

2085 469 2192 536 ipsa
2225 468 2377 522 enim
2417 468 2503 519 est
2540 469 2786 525 tenebrae
2811 473 2872 524 σε
2907 480 2966 525 ιιι
3013 473 3176 528 faciat
3217 488 3443 542 parvum
3495 489 3652 526 meu-

410 561 549 613 αὐτὰ
588 561 679 613 καὶ
719 563 746 613 ὁ
781 556 1122 629 Ψαλμῳδόςο
1164 576 1184 609 ς
1218 558 1450 620 Ψευδεῖς
1498 558 1608 628 γάρ
1666 561 1803 611 εἰσιν
1866 559 1975 610 υἱοὶ

2078 572 2262 611 suram
2302 565 2360 611 et
2411 561 2678 611 stateram
2713 559 2755 612 ⁷.
2792 559 2905 614 Nec
2945 560 3165 614 abludit
3194 559 3493 614 Michreas:
3534 576 3552 608 ι
3591 558 3652 612 Si

410 652 516 704 τῶν
542 650 864 719 ἀνθρώπων.
893 651 949 702 ὲν
975 645 1161 718 ζυγοῖς
1191 647 1287 702 τοῦ
1331 648 1609 718 ἀδικῆσαι.
1646 667 1666 700 ι
1697 649 1810 702 Καὶ
1863 650 1975 702 δει-

2085 648 2466 714 iustiﬁcabitur
2518 649 2576 704 in
2627 658 2836 705 statera
2882 650 3127 720 iniquus,
3155 661 3211 706 et
3257 652 3315 703 in
3369 649 3652 718 marsupio

411 740 586 795 κνύων
612 742 690 793 ὃτι
712 743 809 810 τῆς
829 739 1138 804 πλεονεξίας
1168 741 1315 792 ἐστὶν
1343 739 1403 792 τὸ
1424 739 1657 808 νόσημα,
1675 738 1818 810 [καὶ]
1849 740 1974 792 ἐπι-

409 832 586 901 φέρει,
626 851 644 882 ‹
679 833 841 884 Αὐτοὶ
874 833 937 884 ὲκ
969 833 1326 902 ματαιότητος
1350 833 1442 884 ἐπὶ
1464 832 1524 888 τὸ
1555 832 1687 884 αὐτὸ
1722 831 1797 901 μὴ
1821 830 1974 883 ἑλπί-

409 924 550 988 ζετε,
579 925 663 976 ἐπ’
700 925 912 977 ἀδικίαν
955 925 1050 977 καὶ
1098 925 1191 976 ἐπὶ
1226 925 1494 993 ἅρπαγμα
1534 924 1608 994 μὴ
1641 924 1973 977 ὲπιποθεῖτε.

408 1012 646 1076 Πλοῦτος
677 1012 769 1066 ἐὰν
804 1014 938 1083 ῥέει,
969 1014 1043 1084 μὴ
1074 1001 1432 1083 προστίθεσθε
1467 1015 1717 1084 καρδίαν.
1754 1034 1772 1065 ι
1815 1015 1921 1067 Καὶ
1947 1015 1975 1066 ὁ

410 1102 572 1171 νόμος
603 1103 949 1172 προστάττει,
977 1103 1153 1170 λέγων
1173 1119 1186 1132 ·
1225 1103 1311 1154 Ἐν
1345 1102 1586 1171 μέτροις,
1619 1103 1714 1154 καὶ
1746 1104 1803 1154 ὲν
1845 1106 1976 1155 σται

413 1191 570 1261 θμοῖς
623 1195 717 1245 καὶ
759 1196 814 1244 ὲν
847 1192 1056 1260 ζυγοῖς,
1080 1193 1266 1246 δίκαια
1288 1191 1443 1245 ἔσται
1475 1193 1624 1261 ὑμῖν.
1657 1193 1764 1244 Καὶ
1798 1188 1975 1259 αὖθις,

418 1301 436 1334 ι
483 1283 556 1335 Οὐ
601 1285 988 1354 μετακινήσεις
1037 1283 1224 1354 φησὶν,
1264 1285 1412 1353 ὅρια,
1443 1283 1693 1336 διέθεντο
1732 1285 1778 1336 οἱ
1806 1285 1978 1336 πατέ-

416 1388 506 1441 ρες
556 1388 669 1426 σου.
713 1392 732 1423 ι
775 1373 834 1426 '0
891 1374 948 1426 δὲ
1014 1377 1303 1445 προφήτης
1355 1376 1652 1443 Σοφονίας,
1705 1395 1724 1428 ‹
1788 1378 1978 1447 Κρῖμα

411 1462 732 1534 ἐργάζεσθε,
768 1465 859 1517 καὶ
891 1465 1237 1536 δικαιοσύνην
1268 1467 1565 1538 ζητήσατε,
1588 1469 1736 1532 ὅπως
1772 1485 1980 1521 σκεπα-

415 1556 576 1626 σθῆτε
614 1559 673 1608 ὲν
701 1557 884 1626 ἡμέρᾳ.
912 1559 1082 1628 ὀργῆς
1118 1559 1348 1629 Κυρίου.
1379 1580 1398 1612 ι
1443 1559 1717 1623 Ὡσαύτως
1746 1561 1804 1613 δὲ
1833 1561 1927 1614 καὶ
1953 1563 1984 1614 ὁ

424 1647 700 1717 Ἰεζεκιὴλ,
733 1667 749 1699 ι
780 1650 965 1718 Κρϊμα
988 1653 1081 1702 καὶ
1101 1650 1450 1721 δικαιοσύνην
1471 1652 1758 1721 ποιήσατε,
1776 1651 1972 1720 λέγων,

413 1735 574 1803 ζυγὸν
621 1737 860 1802 δίκαιον,
893 1739 986 1791 καὶ
1021 1740 1220 1811 μέτρον
1273 1740 1516 1805 δίκαιον,
1546 1743 1637 1794 καὶ
1663 1741 1833 1812 χοῖνιξ
1896 1742 1978 1794 δι-

412 1827 541 1880 καία
567 1827 718 1881 ἔσται
750 1829 898 1898 ὑμῖν.
930 1848 948 1881 ι
980 1806 1039 1883 Ὀ
1061 1806 1566 1902 δὲ’Παροιμιαστής
1591 1849 1605 1862 ·
1644 1806 1696 1883 «Π
1741 1833 1865 1900 υγοὶ
1893 1831 1981 1884 δό-
2013 1806 2055 1861 Β

411 1915 536 1981 λιοι,
593 1917 868 1988 βδέλυγμα
922 1921 1152 1974 ἐνώπιον
1200 1923 1432 1992 Κυρίου,
1477 1922 1767 1992 σταθμεϊον
1812 1922 1868 1975 δὲ
1897 1923 1982 1975 δί-

415 2024 564 2061 καιον
590 2010 774 2062 δεκτὸν
803 2011 974 2082 αὐτῷ.
1009 2031 1028 2064 ι
1069 2013 1178 2066 Καὶ
1205 2013 1389 2077 πάλιν,
1418 2031 1437 2062 ‹
1476 2013 1975 2084 Σταθμεϊονμέγα,

421 2099 514 2151 καί
575 2100 790 2168 μικρὸν,
829 2101 924 2153 καὶ
972 2101 1148 2173 μέτρα
1198 2103 1392 2169 δισσὰ,
1421 2103 1706 2174 ἀκάθαρτα
1753 2104 1983 2158 ἐνώπιον

414 2190 643 2259 Κυρίου,
677 2194 769 2246 καὶ
803 2193 1087 2265 ἀμφότερα
1113 2196 1173 2248 ὲν
1204 2197 1316 2258 τοῖς
1341 2195 1768 2266 ἐπιτηδεύμασιν
1803 2197 1984 2249 αὐτῶν

416 2283 965 2353 συμποδισθήσονται.
1003 2303 1022 2336 ›
1061 2269 1220 2348 Ἴσως
1253 2287 1404 2340 δοκεῖ
1424 2287 1596 2340 ταῦτα
1625 2289 1740 2349 τοῖς
1767 2288 1984 2352 πολλοῖς

414 2373 506 2426 τοῦ
541 2373 766 2443 μηδενὸς
797 2375 920 2440 ἄξια
951 2373 1089 2431 εἶναι
1118 2394 1133 2408 ’
1164 2379 1282 2431 ἀλλ’
1310 2381 1465 2434 οὐδὲν
1516 2381 1639 2452 εἰκῆ
1674 2383 1767 2435 καὶ
1809 2384 1984 2454 μάτην

417 2468 472 2520 ai
536 2467 886 2524 θεόπνευστοι
950 2473 1172 2542 Γραφαὶ
1215 2472 1647 2546 διαγορεύουσιν.
1693 2475 1880 2528 Πάντα
1928 2475 1988 2528 δὲ

418 2557 552 2626 πρὸς
586 2560 860 2629 σωτηρίαν
889 2561 1045 2630 ἡμῶν
1077 2565 1171 2614 καὶ
1200 2562 1346 2632 ζωὴν
1375 2561 1592 2616 αἰώνιον
1628 2565 1690 2616 τὸ
1743 2581 1987 2636 προσκυ-

416 2649 576 2717 νητδν
622 2650 1012 2722 ἐνομοθέτησεν
1057 2651 1309 2722 Πνεῦμα.
1370 2653 1740 2723 Φυλαξὼμεθα
1784 2655 1991 2722 τοίνυν,

417 2740 712 2807 ἀγαπητοὶ,
749 2742 810 2793 τὸ
840 2743 1010 2806 πάθος
1064 2745 1164 2815 τῆς
1207 2744 1542 2810 πλεονεξίας,
1579 2746 1677 2814 τῆς
1726 2747 1987 2818 δευτέρας

418 2831 882 2901 είδωλολατρείας.
916 2834 1087 2889 Τοῦτο
1149 2836 1258 2906 γὰρ
1312 2836 1678 2906 παιδευόμεθα
1735 2837 1824 2892 διὰ
1889 2841 1987 2910 τῆς

422 2923 761 2992 ίσομετρίας,
797 2924 868 2987 ὡς
911 2925 1004 2978 καὶ
1029 2927 1058 2978 ὁ
1089 2926 1292 2996 Κύριος
1317 2927 1474 2996 ἡμῶν
1515 2926 1721 2996 Ἰησοῦς
1755 2929 1989 2999 Χριστὸς

418 3016 476 3068 ἐν
504 3007 614 3079 τοῖς
645 3018 998 3086 Εὑαγγελίοις
1040 3021 1366 3089 προστάττει
1416 3023 1547 3091 ἡμῖν
1597 3021 1795 3089 λέγων,
1836 3041 1855 3076 ι
1899 3023 1991 3075 Δί-

2077 749 2282 794 statera
2343 739 2521 795 dolosi
2549 741 2592 796 ⁸.
2632 760 2650 792 ι
2689 741 2944 796 Concinit
3005 741 3092 793 his
3138 741 3327 809 regius
3378 740 3593 792 Psaltes
3632 757 3647 792 :

2085 853 2102 884 ι
2135 832 2426 887 Mendaces
2470 831 2564 885 filii
2613 833 2894 885 hominum
2949 832 3005 884 in
3041 830 3292 892 stateris,
3341 837 3402 881 ut
3441 829 3649 897 injuste

2078 924 2304 993 agant’.
2346 943 2362 975 I
2409 923 2696 992 Simulque
2729 924 3017 977 insinuans
3065 923 3201 975 tales
3243 920 3437 972 morbo
3472 920 3650 987 iunpo-

2080 1013 2250 1066 tentis
2278 1013 2525 1067 avaritia:
2553 1028 2874 1083 aegrescere,
2911 1013 3080 1068 infert
3113 1031 3126 1067 :
3175 1031 3192 1062 ι
3240 1012 3348 1081 Ipsi
3385 1013 3454 1065 de
3489 1012 3648 1065 vani-

2079 1110 2188 1157 tate
2223 1104 2275 1156 in
2319 1103 2560 1172 idipsum
2593 1105 2766 1158 nolite
2815 1119 3056 1172 sperare,
3088 1104 3142 1157 in
3197 1104 3554 1171 iniquitatem
3592 1108 3650 1155 et

2078 1195 2326 1264 rapinam
2375 1196 2542 1248 nolite
2601 1196 3029 1264 concupiscere;
3069 1195 3277 1248 divitia:
3307 1195 3350 1247 si
3400 1193 3648 1255 allluant,

2078 1287 2251 1340 nolite
2279 1301 2375 1340 cor
2407 1301 2687 1356 apponere
2721 1289 2786 1341 '°.
2833 1307 2849 1339 ι
2884 1287 3030 1352 Quin
3052 1288 3140 1340 lex
3165 1287 3282 1354 ipsa
3309 1287 3487 1355 jubet,
3510 1295 3570 1337 ut
3594 1284 3650 1337 in

2079 1377 2384 1440 mensuris,
2424 1377 2478 1430 in
2512 1378 2855 1446 ponderibus
2893 1387 2950 1432 et
3002 1378 3056 1430 in
3087 1378 3314 1432 stateris
3357 1375 3654 1447 justa‘sint

2078 1466 2259 1521 vobis.
2289 1466 2457 1520 Addit
2490 1476 2545 1521 et
2578 1468 2758 1522 illud:
2802 1487 2818 1518 ι
2863 1467 2985 1522 Non
3040 1468 3342 1522 transferes
3387 1466 3654 1520 terminos

2079 1571 2221 1626 quos
2270 1567 2580 1625 posuerunt
2631 1566 2819 1626 patres
2850 1558 2930 1610 tui
2961 1559 3025 1610 ".
3061 1576 3078 1608 ‹
3114 1557 3224 1611 Sed
3255 1565 3312 1610 et
3344 1554 3654 1624 Sophonias

2080 1647 2350 1716 propheta
2387 1665 2401 1700 :
2446 1665 2464 1698 ι
2496 1647 2774 1702 Judicium
2818 1648 3123 1716 operemini
3155 1657 3212 1702 et
3254 1647 3524 1716 justitiam
3560 1659 3656 1698 ex-

2084 1737 2292 1806 quirite
2320 1747 2383 1792 ut
2408 1739 2776 1808 protegamini
2804 1739 2857 1792 in
2889 1739 2979 1792 die
3005 1739 3100 1793 ira:
3137 1738 3354 1792 Domini
3391 1738 3455 1788 η.
3491 1754 3509 1786 ι
3546 1735 3657 1789 Nec

2083 1845 2247 1884 secus
2300 1829 2608 1884 Ezechiel:
2660 1849 2675 1880 ι
2707 1830 2990 1884 Iudicium
3041 1838 3096 1884 et
3145 1829 3424 1899 justitiam
3467 1825 3653 1880 facite.

2083 1920 2300 1974 Statera
2336 1921 2507 1988 justa,
2533 1929 2589 1973 et
2635 1935 2896 1974 mensura
2943 1920 3110 1989 justa,
3143 1927 3201 1971 et
3243 1916 3467 1972 cboenix
3511 1916 3658 1984 justa

2082 2013 2191 2066 erit
2222 2011 2384 2064 vobis
2423 2012 2483 2060 ³³.
2528 2030 2545 2061 ι
2577 2009 2806 2065 Accedit
2837 2011 2923 2064 his
2957 2008 3349 2064 Parcemiastes
3391 2024 3404 2060 :
3439 2006 3656 2060 Statera

2083 2103 2273 2157 dolosa
2299 2103 2640 2157 abominatio
2666 2111 2752 2156 est
2779 2111 2909 2156 ante
2955 2101 3250 2155 Dominum
3269 2139 3284 2162 ,
3312 2097 3530 2168 pondus
3560 2111 3655 2150 λιι-

2085 2194 2422 2263 temjustum
2446 2193 2792 2263 acceptabile
2815 2200 2900 2246 est
2923 2191 2976 2246 ei
3009 2191 3072 2243 ¹¹⁵.
3110 2212 3126 2242 ι
3159 2190 3366 2244 lterum
3395 2205 3409 2242 :
3435 2186 3660 2241 Pondus

2083 2301 2340 2357 magnum
2364 2294 2421 2340 et
2449 2300 2704 2355 parvum,
2732 2293 2788 2338 et
2810 2298 3082 2337 mensurae
3106 2281 3356 2351 duplices
3377 2277 3660 2332 immunda

2084 2391 2215 2439 sunt
2244 2397 2432 2445 coram
2481 2380 2753 2446 Domino;
2787 2387 2846 2432 et
2903 2387 3140 2446 utraque
3188 2376 3244 2430 in
3283 2373 3488 2430 studiis
3515 2373 3655 2426 irre-

2086 2474 2298 2529 tientur
2324 2473 2387 2526 “.
2423 2491 2442 2523 ι
2477 2472 2640 2526 Forte
2689 2471 2806 2524 haec
2843 2467 3282 2540 aliquammultis
3325 2464 3506 2518 videri
3555 2476 3656 2532 po-

2084 2571 2315 2621 tuerunt
2361 2563 2571 2617 nullius
2614 2576 2788 2631 prope
2835 2560 3122 2622 momenti,
3155 2567 3213 2612 et
3254 2557 3482 2625 indigna
3538 2568 3663 2622 qua:

2087 2657 2482 2725 depromantur
2540 2653 2595 2707 in
2666 2667 2898 2707 aerem:
2956 2659 3012 2704 at
3054 2658 3206 2704 certe
3266 2647 3406 2701 nihil
3459 2645 3660 2699 horum

2086 2753 2297 2800 temere
2343 2743 2459 2798 sive
2495 2742 2848 2796 frustratorie
2909 2740 3207 2795 enuntiant
3251 2745 3347 2791 aut
3416 2734 3666 2805 produnt

2088 2833 2392 2902 Scriptum
2429 2831 2704 2886 divinitus
2733 2829 3039 2899 inspirata.
3074 2826 3286 2882 Cuncta
3309 2824 3456 2878 enim
3480 2823 3546 2877 ad
3571 2836 3661 2876 sa-

2087 2925 2260 2980 lutem
2287 2931 2554 2986 nostram,
2587 2930 2850 2976 aeternam
2876 2933 3099 2989 quoque
3129 2917 3429 2986 parandam
3460 2914 3626 2966 vitam
3646 2951 3659 2976 ,

2091 3015 2273 3070 sanxit
2304 3029 2461 3068 sacer
2492 3013 2584 3066 ille
2615 3028 2678 3067 ac
2701 3009 3028 3080 suppliciter
3049 3005 3366 3062 adorandus
3392 3003 3658 3073 Spiritus.

417 3105 556 3170 δοτε,
583 3108 677 3160 καὶ
721 3107 1005 3176 δοθήσεται
1059 3109 1190 3179 ὑμῖν
1215 3123 1229 3138 ·
1265 3111 1463 3181 μέτρον
1499 3112 1662 3166 καλὸν
1691 3114 1982 3165 ὲπιπεπιε-

2091 3103 2286 3173 Magno
2312 3103 2482 3171 igitur
2514 3101 2698 3156 studio
2731 3099 2988 3162 vitemus,
3027 3094 3364 3158 charissimi,
3398 3093 3658 3146 vitiosam

421 3197 636 3266 σμένον,
669 3198 764 3250 καὶ⁵
816 3199 1210 3270 σεσαλεύμενον
1251 3199 1514 3255 δώσουσιν
1551 3205 1632 3266 εἰς
1663 3204 1752 3257 τὸν
1784 3203 1985 3257 κόλπον

2087 3197 2334 3252 avaritiae
2362 3194 2735 3254 affectionem,
2764 3207 2887 3260 quae
2913 3189 3230 3260 (erudiente
3251 3202 3355 3241 nos
3375 3183 3662 3255 Apostolo)

419 3287 594 3357 ὑμῶν.
635 3287 724 3358 Τῷ
783 3289 933 3360 αὐτῷ
986 3291 1095 3360 γὰρ
1138 3291 1322 3362 μέτρῳ
1353 3286 1398 3360 ᾧ
1437 3296 1687 3363 μετρεῖτε
1713 3333 1729 3357 ,
1761 3294 1987 3368 ᾁντιμε-

417 3379 752 3450 τμηθήσεται
795 3381 943 3452 ὑμῖν.
981 3401 999 3434 ι
1030 3381 1191 3453 Αὐτῷ
1219 3384 1253 3453 ή
1296 3382 1422 3448 δόξα
1461 3386 1541 3447 εἰς
1585 3383 1712 3448 τοὺς
1759 3385 1984 3450 αἰῶνας.

431 3470 624 3541 Ἀμήν.
1233 3469 1238 3472 ’

2087 3286 2397 3344 secundum
2452 3283 2846 3347 idololatrian),
2874 3281 3086 3351 primas
3131 3287 3298 3334 tenet.
3344 3297 3360 3329 ι
3403 3279 3560 3341 Date,
3587 3275 3667 3329 ait

2081 3382 2355 3439 Dominus
2388 3379 2442 3433 in
2479 3376 2814 3445 Evangeliis,
2845 3383 2902 3428 et
2943 3373 3168 3428 dabitur
3203 3371 3405 3434 vobis;
3436 3384 3662 3422 mensu-

2083 3488 2200 3528 ram
2221 3471 2446 3532 bonam,
2472 3467 2796 3536 coagitatam
2847 3463 3060 3516 dabunt
3084 3463 3138 3514 in
3159 3462 3342 3514 sinum
3373 3467 3620 3512 vestrum
3647 3475 3661 3510 :

419 3559 614 3615 eadem
648 3559 798 3614 enim
835 3574 1096 3616 mensura
1127 3576 1237 3630 qua
1283 3559 1459 3616 mensi
1509 3560 1750 3626 fueritis,
1818 3564 2142 3620 remetiatur
2191 3558 2354 3615 vobis
2415 3557 2478 3610 ".
2521 3575 2540 3608 ι
2571 3555 2678 3624 Ipsi
2713 3552 2885 3623 gloria
2932 3552 2990 3606 in
3055 3551 3254 3605 saecula
3313 3549 3663 3604 saeculorum.

424 3655 598 3708 Amen
609 3691 624 3703 .

1014 3742 1234 3796 ΛΟΓΟΣ
1270 3742 1391 3795 OZ'.

946 3830 1084 3897 Περὶ
1119 3831 1460 3898 μετανοίας.

503 3938 592 4003 Ὠς
624 3939 851 4005 γλυκεῖά
879 3940 1274 4008 ὲστιν,ἀδελφοί
1309 3959 1430 4012 μου,
1461 3942 1495 4011 ή
1515 3940 1775 4011 μετάνοια
1794 3959 1808 3974 °
1837 3944 1990 3998 οὐδὲν

421 4032 610 4102 ἓτερον
669 4029 785 4084 ἀλλ’
838 4030 872 4101 ἢ
931 4031 1281 4102 φάρμακονί
1326 4033 1491 4104 ζωῆς.
1544 4033 1795 4089 Μάλιστα
1844 4037 1926 4088 δτι
1963 4037 1993 4090 ὁ

426 4126 629 4192 γλυκὺς
687 4124 964 4195 Δεσπότης
1027 4124 1204 4194 ήμῶν,
1245 4124 1644 4194 ἀμνησίκακος,
1697 4125 1938 4194 ἀγαθὸς,
1965 4127 1994 4180 ό

426 4215 744 4286 οἰκτίρμων,
777 4215 805 4268 ὁ
833 4214 1235 4284 φιλάνθρωπος,
1263 4217 1290 4268 ὁ
1313 4216 1627 4286 φιλόψυχος,
1663 4217 1692 4268 ό
1730 4217 1996 4284 φιλόπτω-

427 4324 540 4377 χος,
570 4308 598 4358 ό
652 4306 905 4376 κηδεμὼν
938 4306 1036 4374 τῆς
1089 4307 1365 4376 σωτηρίας
1404 4307 1585 4377 ἡμῶν,
1620 4309 1707 4360 ἀεὶ
1737 4306 1870 4378 διψᾷ
1895 4307 1995 4379 τὴν

430 4399 715 4465 μετάνοιαν
751 4396 927 4466 ήμῶν.
959 4395 1324 4466 Εὑφραίνεται
1363 4396 1472 4468 γὰρ
1511 4398 1603 4450 ἐπὶ
1625 4400 1736 4462 τοῖς
1762 4398 1995 4468 δάκρυσι

2443 3737 2658 3808 11M
2709 3735 2995 3791 HOMILIA
3054 3733 3311 3788 LXXVII.

2655 3828 2728 3882 De
2769 3826 3100 3898 paenitentia.

2158 3943 2434 4011 Quantum
2464 3943 2521 3997 in
2541 3958 2600 3997 se
2634 3942 2803 3996 habet
2825 3940 3095 4007 dulcoris,
3118 3941 3312 3995 fratres
3335 3935 3466 4000 mei,
3489 3933 3670 4004 ι)ωηί-

2091 4035 2287 4100 tentia,
2318 4051 2483 4104 quam
2505 4043 2590 4089 est
2613 4034 2799 4088 suavis
2825 4035 2839 4087 l
2883 4033 3044 4088 Aliud
3080 4045 3310 4101 prorsus
3336 4027 3476 4083 nihil
3503 4040 3669 4096 quam

2091 4127 2402 4184 sarciendae
2442 4128 2569 4182 vita:
2613 4127 2855 4181 salutare
2889 4127 3275 4196 pharmacum,
3310 4128 3373 4175 ut
3402 4136 3469 4175 eo
3499 4117 3674 4172 maxi-

2091 4235 2200 4286 me,
2230 4219 2359 4290 quia
2393 4218 2579 4272 suavis
2621 4226 2707 4273 est
2744 4218 3011 4272 Dominus
3056 4224 3275 4274 noster,
3314 4211 3458 4266 male
3509 4207 3675 4263 nobis

2091 4313 2518 4368 commissorum
2548 4311 2712 4365 facile
2761 4311 3074 4372 immemor,
3107 4308 3384 4377 benignus
3405 4344 3419 4366 ,
3446 4303 3675 4356 misera:-

2093 4411 2206 4468 tor,
2243 4401 2474 4455 humani
2525 4401 2767 4472 generis,
2827 4400 2941 4453 imo
2995 4401 3309 4453 animarum
3353 4405 3672 4449 nostrarum

424 4488 531 4540 τῶν
565 4488 970 4558 μετανοούντων
989 4527 1004 4553 ,
1040 4487 1333 4556 ἀγάλλεται
1362 4487 1456 4540 ἐπὶ
1487 4491 1555 4559 τῇ
1580 4487 1985 4559 ἐξομολογήσει,

2102 4493 2537 4556 amantissimus,
2565 4491 2744 4546 modis
2774 4491 3034 4546 omnibus
3076 4488 3427 4560 prospiciens
3473 4491 3678 4538 nostra:

426 4579 605 4650 χαίρει
667 4578 760 4631 ἐπὶ
815 4583 882 4650 τῇ
929 4581 1364 4652 συντετριμμένῃ
1405 4579 1502 4633 καὶ
1545 4579 1985 4651 τεταπεινωμένῃ

2091 4586 2343 4641 omnium
2387 4583 2697 4638 saluti.Hic
2733 4583 2858 4637 talis
2890 4582 3037 4636 nihil
3078 4592 3188 4635 tam
3233 4580 3353 4633 sitit
3395 4591 3562 4646 quam
3595 4581 3662 4627 ut

432 4667 650 4739 καρδίᾳ,
681 4669 774 4721 καὶ
803 4669 940 4738 μετὰ
969 4668 1346 4739 μακροθυμίας
1375 4669 1582 4739 πολλῆς
1602 4669 1866 4740 ἀναμένει
1895 4669 1985 4740 τήν

2092 4677 2508 4746 resipiscamus,
2536 4691 2747 4745 nosque
2781 4677 3050 4745 paeniteat
3089 4675 3220 4728 vitae
3251 4671 3488 4741 turpiter
3519 4677 3673 4722 actae.

429 4759 768 4828 ἐπιστροφὴν
815 4759 995 4828 ἡμῶν,
1031 4761 1126 4812 καὶ
1162 4761 1262 4814 οὐκ
1305 4759 1593 4814 ἀπολειπει
1622 4760 1728 4824 ἓως
1757 4761 1985 4831 ἐσχάτης

2091 4763 2271 4833 Super
2291 4763 2549 4834 lacrymis
2579 4779 2638 4818 se
2673 4764 3087 4833 recipientium,
3124 4764 3192 4817 ad
3231 4763 3520 4816 meliorem
3551 4757 3680 4810 vita

428 4849 705 4918 ἀναπνοῆς
731 4862 748 4879 ⁸
787 4847 969 4920 [ποθεῖ
997 4847 1168 4902 πολλὰ
1211 4850 1312 4919 τήν
1349 4851 1634 4919 μετάνοιαν
1665 4851 1823 4921 ἡμῶν
1851 4891 1866 4916 ,
1900 4851 1985 4904 καὶ

2093 4855 2306 4927 frugem
2339 4856 2481 4909 mire
2517 4856 2735 4910 laetatur
2775 4865 2834 4908 et
2875 4855 3254 4909 exhilarcscit.
3283 4851 3538 4907 Exsultat
3581 4862 3678 4902 su-

429 4941 506 5005 ὡς
538 4941 630 4994 τὸν
691 4942 1102 5011 μετανοήσαντα
1131 4941 1344 4995 ἄσωτον
1371 4943 1486 4995 υἱὸν
1513 4943 1726 5013 δέχεται
1759 4943 1858 4996 καὶ
1879 4960 1985 4996 αα-

2105 4963 2205 5018 per
2233 4947 2576 5002 confessione
2608 4947 2998 5016 paenitentiam
3038 4963 3208 5016 super
3239 4946 3487 5000 contrito
3507 4940 3679 4996 corde

423 5031 702 5104 ταφιλεϊο]
735 5033 1069 5104 παρακαλῶν
1095 5034 1189 5088 καὶ
1218 5035 1664 5111 προτρεπόμενος
1716 5035 1814 5089 ἕνα
1863 5035 1985 5089 ἕκα-

2107 5049 2165 5094 et
2211 5040 2500 5094 humiliato
2540 5038 2856 5094 incredibili
2895 5040 3097 5110 gaudio
3125 5036 3499 5109 perfunditur.
3535 5031 3678 5097 Quin

429 5136 552 5174 στον
581 5120 738 5191 ἡμῶν
767 5121 907 5193 μετὰ
937 5121 1136 5192 μυρίας
1171 5123 1601 5194 άθεμιτουργίας
1631 5125 1726 5177 καὶ
1761 5124 1985 5178 διαϐολι·

2107 5129 2446 5206 nimisquam
2483 5131 2880 5202 longanimiter
2923 5140 3167 5185 nostram
3219 5127 3473 5196 aperitur
3539 5138 3676 5176 con-

427 5210 530 5274 κάς
553 5211 780 5282 πράξεις
815 5213 951 5284 πρὸς
973 5213 1137 5267 αὑτὸν
1168 5214 1496 5285 ἐπιστρέψαι
1517 5229 1533 5246 ·
1573 5215 1757 5280 καθὼς
1784 5215 1883 5287 βοᾷ
1911 5213 1985 5268 διό

2105 5218 2443 5290 versionem,
2480 5235 2584 5275 nec
2612 5221 2832 5276 interim
2857 5217 3222 5288 conquiescit,
3257 5214 3327 5268 ad
3357 5207 3678 5282 supremum

2715 5380 2757 5410 ¹ο
2787 5375 2922 5430 ibid.
2954 5375 3041 5428 Η.
3169 5364 3365 5422 "Prov
3391 5401 3408 5420 .
3457 5368 3682 5424 xxn28.

2795 5447 2860 5498 ιθ.
2886 5444 3004 5498 Luc
3040 5460 3115 5508 VI,
3144 5443 3233 5497 58.

500 5371 528 5441 ⁸,
552 5371 718 5427 Amos
754 5389 810 5438 ν,
843 5373 955 5428 18.⁴
1031 5373 1052 5404 "
1084 5375 1252 5429 Amos
1278 5390 1391 5434 vm,
1421 5374 1473 5427 5.
1576 5375 1596 5406 ⁸
1624 5375 1788 5430 Micb.
1829 5394 1900 5441 vl,
1963 5379 1985 5432 l

2124 5383 2144 5412 ⁹
2173 5379 2316 5434 Psal.
2352 5396 2456 5440 ιιι,
2509 5377 2595 5432 10.

456 5441 475 5470 ²
508 5440 752 5511 Sophon.
787 5459 844 5507 ιι,
871 5442 924 5496 3.
1005 5443 1047 5475 ⁸³
1080 5445 1289 5499 Ezech.
1343 5461 1438 5502 χιιι
1460 5444 1513 5511 9,
1548 5445 1634 5499 10.
1718 5446 1760 5477 ¹⁴
1796 5440 1985 5502 Ρτσν.

2097 5450 2148 5503 l.
2231 5450 2272 5480 ”
2302 5451 2466 5504 Prov.
2496 5464 2588 5512 xx,
2630 5448 2713 5502 10.

1689 5557 1925 5613 νΑῐιιτΕ
1955 5559 2362 5616 LECTIONES.

507 5674 866 5744 ίΦάρμακον,
915 5671 1085 5744 dictio
1123 5671 1334 5728 medica
1357 5682 1461 5740 est,
1499 5683 1555 5728 ut
1611 5674 1898 5742 probatur,
1946 5676 2023 5730 De
2061 5673 2360 5729 verborum
2412 5671 2645 5744 signitlc.
2697 5670 2738 5726 l.
2793 5670 2918 5744 ass,
2951 5667 3096 5744 ex}
3158 5666 3431 5744 Odyssea.
3470 5662 3568 5719 llic
3624 5663 3676 5717 in

432 5739 863 5816 bonam'partem
903 5743 1140 5798 sumitur
1170 5758 1269 5812 pro
1305 5739 1552 5800 antidoto
1578 5739 1692 5799 sive
1731 5747 1990 5800 remedio.
2030 5745 2131 5816 (Ex
2156 5745 2314 5798 Dion.
2337 5739 2534 5814 Areop.
2559 5743 2730 5816 Epist.
2761 5742 2830 5796 ad
2858 5739 3220 5810 Dorothcum.)
3555 5759 3558 5762 ·
