3986 6148
406 335 542 394 1661

1322 327 1648 388 lIOMILIA
1688 327 1974 388 LXXVII.
1999 326 2186 387 -ΒΕ
2223 314 2738 387 ΡΕΕΝΙΤΕΝΤΙΑ.

3513 310 3646 380 1(θὲ

404 438 614 510 ιχθρᾴς.
665 435 837 506 Ἰησοῦ
863 431 1086 507 Χριστὲ,
1121 434 1372 504 ἀντίσχου
1425 453 1514 504 μοι
1564 435 1658 490 καὶ
1685 435 1844 506 γενοῦ
1879 453 1961 506 μοι

2076 435 2312 509 Signasti
2359 431 2509 490 enim
2566 453 2651 493 me
2685 433 2993 492 arrhabone
3024 430 3195 487 sancti
3232 428 3314 484 tui
3362 426 3598 496 Spiritus
3622 447 3645 480 τ

405 532 612 604 βοηθὸς-
635 530 888 602 κραταιὸς
916 530 972 582 ὲν
997 527 1243 598 πολέμῳ,
1271 529 1351 580 ὅτι
1393 527 1584 590 δοῦλός
1610 531 1734 597 ειμι,
1779 528 1968 604 ἐπιθο-

408 627 556 698 μίας,
587 625 682 679 καὶ
725 622 1070 693 πολεμοῦμαι
1117 622 1212 674 ὑπ’
1237 621 1408 688 αὐτῆς
1438 637 1452 651 ·
1481 613 1615 674 ἀλλά
1654 622 1740 682 air.
1769 621 1964 693 Κύριε,

407 716 483 786 μὴ
509 699 878 785 ἐγκαταλίπῃς
922 730 991 782 με
1029 713 1122 765 τὸν
1151 713 1240 765 ἐπὶ
1270 712 1371 781 γῆς
1397 712 1730 782 ἐρριμμένον
1773 715 1831 765 ὲν
1864 729 1964 766 κα-

403 805 596 877 ταδίκῃ
647 804 823 875 ἔργων
857 820 958 873 μου
989 818 1002 832 ·
1036 802 1400 873 ὲλευθέρωσόν
1453 820 1542 870 με,
1575 804 1836 865 Δέσποτα,
1869 806 1968 874 τῆς

405 899 646 969 πονηρᾶς
669 895 913 963 δουλείας
945 893 1036 949 τοῦ
1066 895 1530 973 κοσμοκράτορος,
1565 896 1660 953 καὶ
1687 895 1968 954 οἱκείωσόν

399 1013 472 1067 με
515 997 574 1048 ὲν
602 997 714 1071 τοῖς
745 995 1128 1066 προστάγμασί
1167 1011 1258 1046 σου
1289 1011 1300 1023 ·
1332 996 1364 1064 ἠ
1396 995 1513 1058 ὁδὸς
1537 996 1643 1064 τῆς
1673 995 1822 1065 ζωῆς
1860 1011 1964 1066 μου

401 1087 431 1140 ὁ
460 1087 692 1156 Χριστός
723 1102 826 1155 μου
859 1102 871 1114 ·
909 1086 1001 1139 καὶ
1045 1085 1104 1137 τὸ
1148 1085 1263 1151 φῶς
1288 1085 1396 1137 τῶν
1429 1085 1725 1154 ὀφθαλμῶν
1754 1103 1876 1155 μου,
1907 1084 1968 1139 τὸ

401 1179 690 1249 πρόσωπόν
739 1195 856 1231 σου.
888 1178 985 1230 Θεὲ
1021 1177 1285 1242 Δέσποτα,
1318 1176 1412 1229 καὶ
1465 1177 1636 1247 Κύριε
1678 1177 1778 1246 τῆς
1823 1175 1968 1245 ζωῆς

404 1287 535 1342 μου,
561 1269 936 1340 μετεωρισμδν
963 1267 1257 1338 ὀφθαλμῶν
1287 1285 1388 1338 μου
1445 1268 1518 1336 μὴ
1546 1267 1688 1337 δῴης
1720 1284 1809 1336 μοι
1840 1283 1854 1299 ’
1873 1267 1968 1320 καὶ

400 1359 697 1428 ἀπιθυμίαν
743 1360 919 1426 κακὴν
977 1358 1291 1426 ἀπόστησον
1337 1359 1432 1411 ἀπ’
1489 1356 1648 1426 ἐμοῦ.
1688 1357 1965 1427 Ἀντίσχου

401 1464 493 1517 με,
515 1447 740 1518 Χριστὲ,
769 1451 832 1518 τῇ
869 1447 1014 1516 χειρί
1045 1463 1139 1499 σου
1168 1449 1236 1515 τῇ
1259 1447 1392 1518 ἁγίᾳ
1412 1461 1428 1476 ⁸
1458 1445 1668 1516 ὀρέξεις
1705 1447 1798 1500 καὶ⁵
1837 1464 1964 1499 συν-

396 1540 684 1609 ουσιασμοὶ
713 1540 786 1610 μὴ
826 1539 1280 1594 καταλαδέτωσάν
1320 1555 1408 1605 με,
1440 1538 1535 1590 καὶ
1567 1539 1710 1609 ψυχῇ
1759 1539 1968 1592 ἀναιδεῖ

325 1663 330 1667 -
401 1628 478 1700 μὴ
505 1627 760 1700 παραδῷς
787 1645 875 1696 με.
908 1626 1135 1695 Δάμψον
1171 1627 1230 1690 ἐν
1266 1628 1390 1696 ἐμοὶ
1434 1627 1495 1679 τὺ
1525 1628 1639 1695 φῶς
1667 1627 1762 1681 τοῦ
1792 1645 1963 1698 προσ-

396 1718 547 1772 ώπου
604 1735 721 1781 σου,
766 1717 958 1786 Κύριε,
990 1718 1078 1771 ἵνα
1137 1719 1277 1788 μὴή
1324 1717 1512 1770 σκοτία
1562 1718 1845 1789 καταλάϐῃ
1874 1735 1961 1787 με,

395 1814 490 1867 καὶ
519 1815 548 1866 δ
572 1812 892 1884 περιπατῶν
929 1813 988 1866 ὲν
1020 1813 1157 1884 αὐτῇ
1185 1813 1488 1883 ὑφαρπάσῃ
1525 1830 1614 1882 με.
1640 1812 1732 1883 Μὴ
1781 1828 1962 1882 παρα-

392 1903 519 1974 δῷς.
546 1903 737 1974 Κύριε,
760 1904 974 1972 θηρίοις
1000 1905 1250 1974 ἀοράτοις
1271 1897 1447 1974 ψυχὴν
1469 1902 1968 1972 ὲξομολογουμένην

397 2011 500 2048 σοι.
533 1994 623 2065 Μὴ
655 1995 943 2066 καταδὲξῃ,
984 1995 1179 2066 Κύριε,
1209 1995 1482 2064 πληγῆναι
1519 1989 1702 2048 δοῦλόν
1734 2009 1829 2048 σου
1863 1992 1968 2047 ὑπὸ

394 2086 573 2140 κυνῶν
603 2085 896 2157 ἀλλοτρίων
919 2101 935 2117 ο
970 2085 1151 2150 ξενίαν
1184 2085 1280 2139 τοῦ
1311 2085 1471 2154 ἀγίου
1505 2103 1602 2139 σου
1650 2083 1968 2155 Πνεύματος

396 2173 730 2241 καταξίωσόν
765 2193 854 2245 με,
886 2177 1068 2246 Πάτερ
1093 2175 1244 2244 ἀγιε,
1271 2175 1546 2245 γενέσθαι,
1575 2175 1676 2230 καὶ
1700 2171 1850 2229 οἷκον
1871 2173 1964 2228 τοῦ

394 2267 631 2338 Χριστοῦ
661 2285 754 2321 σου
778 2284 792 2298 ·
827 2268 1181 2338 οίκοδόμησόν
1215 2285 1304 2338 με,
1341 2268 1370 2320 ὁ
1399 2268 1588 2337 ὀδηγδς
1609 2267 1719 2320 τῶν
1758 2268 1968 2322 πεπλα-

393 2357 647 2427 νημένων
668 2374 682 2388 ·
711 2359 980 2428 δδήγησόν
1032 2375 1122 2427 με,
1153 2358 1242 2412 ἵνα
1280 2358 1354 2428 μὴ
1383 2357 1616 2411 ὲκκλίνω
1639 2346 1720 2421 εἰς
1746 2357 1813 2410 τὰ
1840 2358 1963 2428 ἀρι-

397 2448 564 2518 στερά
584 2465 598 2478 ·
631 2450 925 2518 πρόσωπόν
947 2465 1062 2512 σου,
1090 2448 1284 2518 Κύριε,
1318 2448 1444 2516 ίδεϊν
1467 2447 1734 2501 ὲπιποθῶο
1756 2450 1785 2502 ὁ
1807 2449 1960 2512 Θεὸς,

393 2538 472 2608 τῷ
524 2539 665 2606 φωτὶ
713 2538 806 2592 τοῦ
853 2536 1144 2610 προσώπου
1203 2556 1296 2591 σου
1343 2538 1608 2610 ὁδήγησόν
1681 2555 1749 2607 με
1776 2553 1789 2568 ⁸
1839 2539 1967 2608 ῥοῦν

392 2629 643 2699 δακρύων
675 2630 906 2700 χάρισαί
949 2647 1039 2698 μοι
1068 2629 1154 2700 τῷ
1179 2629 1350 2700 δούλῳ
1382 2647 1498 2694 σου,
1527 2630 1620 2683 καὶ⁵
1648 2629 1850 2699 ίκμάδα
1872 2629 1965 2683 τοῦ

394 2717 554 2786 ἁγίου
617 2737 710 2772 σου
769 2719 1094 2790 Πνεύματος
1138 2719 1380 2789 δὼρησαι
1412 2719 1491 2789 τῷ
1519 2719 1802 2790 πλάσματί
1847 2737 1963 2786 σου,

395 2809 483 2864 ινα
519 2811 594 2879 μὴ
638 2810 890 2878 ξηρανθῶ
928 2810 1005 2873 ὡς
1039 2813 1073 2881 ﬁ
1111 2811 1249 2880 συκῆ
1279 2811 1348 2880 ἢν
1380 2811 1444 2864 σὺ
1498 2811 1804 2881 κατηράσω
1827 2829 1842 2844 ο
1874 2811 1966 2865 καὶ

391 2899 533 2954 ἔστω
551 2900 622 2952 τά
645 2901 856 2971 δάκρυά
897 2918 1000 2971 μου
1033 2903 1113 2965 είς
1137 2901 1271 2970 ἐμὸν
1297 2901 1448 2970 πόμα
1480 2916 1495 2932 ο
1533 2903 1629 2954 καὶ
1665 2903 1698 2972 ὴ
1726 2917 1964 2972 προσευ-

391 2990 461 3060 χή
514 3007 614 3060 μου
649 2990 769 3042 ἀντὶ
817 2990 1092 3060 βρώσεως.
1123 2977 1356 3058 Τρὲψον,
1381 2989 1578 3060 Κύριε,
1601 2990 1693 3043 τὸν
1738 2991 1967 3044 κοπετόν

2077 530 2343 588 reduxisti
2405 528 2554 585 enim
2624 543 2711 584 me
2782 543 2848 608 es
2909 525 3174 580 altissima
3218 521 3478 590 voragine
3513 518 3643 598 ini-

2069 627 2342 697 quitatum
2415 638 2708 690 mearum,
2776 628 2838 680 ut
2898 631 2968 675 ne
3028 615 3084 670 in
3146 612 3331 684 praeda
3390 609 3642 665 abduce-

2068 728 2153 774 ret
2185 732 2273 772 me
2314 716 2591 772 inimicus.
2623 718 2756 774 Jesu
2797 717 3052 783 Christe,
3088 705 3309 774 sulfulci
3353 731 3438 772 me
3471 710 3641 786 atque
3705 748 3745 766 ..

2069 820 2407 878 sustenta,et
2433 820 2552 870 esto
2580 812 2722 890 mihi
2747 811 3051 879 auxiliaris,
3079 823 3138 870 tu
3165 815 3219 869 in
3244 814 3393 868 bello
3417 821 3632 882 potens.

2069 900 2273 962 Servus
2309 906 2459 961 enim
2491 924 2611 964 sum
2656 906 3143 977 concupiscentiae,
3175 905 3242 960 ab
3282 905 3386 959 hac
3437 903 3636 958 misere

2069 1014 2355 1069 oppugnor
2383 1017 2398 1064 ;
2430 1000 2523 1054 sed
2551 1009 2630 1062 tu,
2660 1000 2911 1063 Domine,
2947 1013 3016 1053 ne
3062 1013 3151 1052 me
3199 997 3552 1064 derelinquas
3578 996 3640 1049 in

2069 1096 2273 1144 terram
2300 1087 2613 1159 disjectum,
2631 1087 3080 1158 quandoquidem
3099 1101 3335 1156 agnosco
3357 1093 3413 1139 et
3434 1084 3635 1139 damno

2069 1195 2235 1250 opera
2259 1195 2399 1234 mea.
2433 1180 2865 1248 Emancipa-me,
2891 1178 3143 1242 Domine,
3163 1179 3294 1248 jugo
3311 1177 3632 1247 depressum

2066 1271 2392 1325 miseranda).
2445 1271 2880 1339 servitutis,-qua
2939 1269 3139 1323 mundi
3188 1269 3346 1323 istius
3398 1267 3637 1321 obstrin-

2067 1377 2165 1432 gor
2212 1361 2470 1431 principi.
2508 1361 2638 1416 Tua:
2686 1377 2772 1416 me
2807 1359 3387 1423 ascribito-clientela,
3411 1367 3538 1412 tuus
3575 1366 3636 1413 ut

2069 1455 2172 1510 sim
2219 1469 2319 1523 per
2363 1453 2806 1508 observationem
2860 1452 3243 1506 mandatorum
3289 1460 3544 1513 tuorum,
3575 1459 3635 1504 tu

2068 1545 2176 1614 qui.
2209 1545 2296 1599 via
2332 1561 2394 1600 es
2438 1546 2565 1599 vitae
2612 1560 2769 1611 meae,
2807 1552 2863 1598 et
2908 1544 3164 1600 Christus
3212 1559 3400 1602 meus.
3433 1543 3529 1598 sed
3577 1550 3637 1600 et

2068 1635 2238 1690 facies
2269 1643 2360 1689 tua
2385 1636 2573 1689 lumen
2599 1635 2886 1690 oculorum
2921 1649 3172 1688 meorum
3213 1641 3316 1687 est.
3348 1635 3494 1688 Deus
3525 1633 3635 1686 Do-

2069 1724 2239 1788 mine,
2266 1733 2322 1778 et
2345 1725 2575 1779 Domine
2599 1726 2726 1780 vitae
2751 1740 2905 1788 meae,
2932 1723 3309 1779 extollentiam
3345 1723 3636 1777 oculorum

2072 1831 2320 1872 meorum
2349 1832 2417 1872 ne
2452 1816 2681 1872 dederis
2704 1816 2862 1880 mihi,
2894 1824 2949 1870 et
2976 1815 3480 1885 concupiscentiam
3510 1831 3640 1885 pra-

2079 1923 2205 1962 vam
2235 1915 2424 1962 averte
2458 1923 2486 1961 a
2521 1923 2629 1962 me.
2656 1907 2914 1962 Sustenta
2938 1922 3046 1971 me,
3068 1906 3315 1970 Domine,
3349 1921 3512 1960 manu
3545 1914 3637 1962 tua

2069 2007 2278 2053 sancta.
2307 1997 2596 2067 Appetitus
2629 1996 2841 2052 ventris
2863 2006 2917 2051 et
2947 1995 3282 2052 concubitus
3305 2011 3414 2049 non
3435 2011 3636 2064 appre-

2069 2089 2318 2144 hendant
2349 2105 2456 2153 me,
2478 2098 2539 2145 et
2584 2089 2781 2144 anima:
2833 2090 3160 2143 irreverenti
3195 2103 3266 2142 ne
3304 2087 3488 2142 tradas
3525 2103 3635 2143 me.

2069 2178 2292 2234 Illustra
2324 2179 2378 2233 in
2431 2193 2518 2233 me
2553 2179 2743 2232 lumen
2790 2178 2978 2232 vultus
3019 2177 3121 2239 tui,
3173 2176 3402 2232 Domine
3427 2216 3442 2239 ,
3469 2185 3529 2232 ιιι
3565 2193 3636 2232 ne

2068 2270 2544 2340 comprehendant
2577 2286 2664 2326 me
2689 2269 2949 2328 tenebrae.
2975 2269 3070 2324 sed
3113 2277 3168 2323 et
3198 2269 3291 2338 qui
3319 2269 3639 2324 obambulat

2067 2377 2180 2429 eas,
2217 2379 2285 2418 ne
2313 2363 2666 2417 clanculariis
2693 2363 2808 2415 suis
2840 2361 2984 2415 dolis
3008 2361 3253 2430 abripiat
3282 2377 3390 2416 me.
3420 2360 3498 2415 Ne
3529 2371 3640 2415 tra-

2067 2451 2189 2515 das.
2229 2452 2482 2517 Domine,
2517 2452 2712 2508 bestiis
2754 2451 3128 2506 invisibilibus
3169 2452 3408 2505 animam
3459 2451 3636 2506 confl-

2067 2549 2274 2597 tentem
2325 2541 2546 2597 tibi.Ne
2583 2543 2829 2611 patiaris,
2883 2542 3113 2596 Domine
3141 2581 3155 2606 ,
3199 2557 3418 2596 servum
3481 2551 3634 2596 tuum

2068 2631 2385 2688 immaniter
2408 2633 2655 2702 torqueri
2682 2648 2711 2686 a
2747 2633 2980 2686 canibus
3008 2633 3158 2696 istis,
3199 2633 3294 2701 qui
3329 2647 3358 2686 a
3389 2641 3440 2686 te
3471 2631 3636 2686 alieni

2069 2728 2200 2775 sunt
2253 2729 2311 2775 et
2361 2720 2708 2776 defecerunt.
2750 2721 2982 2790 Dignum
3047 2736 3132 2774 me
3187 2720 3409 2778 eﬂicito.
3474 2721 3641 2774 Pater

2069 2819 2279 2875 sancte,
2311 2809 2580 2880 hospitali
2635 2826 2866 2864 munere
2908 2811 3080 2864 sancti
3117 2810 3194 2863 tui
3239 2810 3499 2879 Spiritus,
3526 2826 3642 2863 mc-

2068 2913 2176 2968 que
2197 2898 2478 2953 exmdiﬁca
2503 2898 2557 2952 in
2584 2898 2925 2953 domicilium
2952 2898 3156 2951 Christi
3182 2898 3280 2950 tui.
3309 2897 3425 2950 Dux
3447 2912 3637 2951 eorum

2070 2991 2164 3059 qui
2229 2997 2552 3054 exerrarunt
2587 3006 2616 3043 a
2664 2991 2775 3050 via,
2808 2989 3034 3058 prmdux
3088 2988 3222 3042 mihi
3272 2997 3390 3042 esto
3451 2997 3506 3042 et
3550 3002 3643 3042 co—

393 3097 492 3154 μου
517 3086 596 3146 είς
617 3082 791 3153 χαρὰν
819 3081 962 3152 ἐμοί’
988 3083 1081 3135 καὶ
1098 3081 1246 3146 δέξαι
1275 3083 1444 3152 μεείς
1476 3082 1576 3146 τὰς
1596 3082 1848 3145 αἰωνίους
1871 3099 1961 3135 σου

2070 3081 2287 3144 mitare,
2355 3087 2415 3134 ut
2468 3096 2536 3134 ne
2605 3079 2670 3133 ad
2728 3079 3012 3133 sinistram
3087 3078 3384 3132 declinem.
3425 3077 3641 3134 Faciem

391 3177 594 3245 σκηνάς
615 3191 628 3203 ⁸
660 3174 917 3242 φθασάτω
944 3191 1012 3244 με
1051 3177 1085 3244 ἡ
1115 3172 1453 3244 ἐλεημοσύνη
1487 3191 1605 3240 σου,
1636 3174 1842 3244 Κύριε,
1865 3173 1960 3226 καὶ

2070 3184 2242 3236 tuam,
2265 3173 2339 3227 mi
2381 3171 2632 3236 Domine,
2660 3170 3021 3240 ﬂagrantibus
3044 3170 3190 3224 votis
3220 3170 3408 3224 videre
3439 3185 3643 3225 concu-

389 3265 441 3318 οῑ
461 3266 733 3334 οἰκτιρμοί
759 3281 853 3318 σου
878 3265 1090 3319 καταλα
1103 3264 1348 3318 ὁέτωσάν
1375 3281 1463 3333 με,
1488 3266 1582 3317 καὶ
1610 3265 1749 3332 ἄφες
1777 3263 1961 3326 πάσας

2075 3264 2254 3333 pisco.
2297 3263 2464 3326 Deus,
2512 3261 2880 3316 illustratione
2902 3262 3092 3316 vultus
3131 3261 3209 3316 tui
3240 3261 3414 3330 dirige
3470 3277 3555 3316 me
3586 3262 3643 3315 in

389 3354 487 3418 τὰς
518 3355 791 3426 ἁμαρτίας
839 3372 966 3426 μου.
993 3356 1070 3408 Σὺ
1105 3355 1213 3425 γάρ
1249 3350 1303 3407 εἷ
1331 3355 1462 3418 Θεὸς
1495 3354 1750 3426 ἀληθινὸς
1779 3354 1957 3424 ἀφιὼν

2065 3353 2252 3417 viam,
2305 3351 2510 3406 flumen
2571 3351 2936 3422 lacrymarum
2997 3350 3219 3419 indulge
3277 3350 3414 3403 mihi
3485 3365 3645 3406 servo

387 3445 633 3514 ἀνομίας.
684 3446 792 3510 καὶ
861 3445 935 3516 μὴ
979 3444 1269 3514 καταδὲξῃ,
1322 3444 1520 3516 Κύριε,
1559 3446 1826 3515 ἀτιμάσαι
1882 3444 1955 3499 τὰ

387 3533 526 3603 ἔργα
545 3535 651 3587 τῶν
676 3535 875 3604 χειρῶν
899 3553 1014 3601 σου,
1031 3536 1118 3588 διά
1142 3535 1211 3587 τά
1232 3535 1408 3604 πλήθη
1427 3534 1536 3588 τῶν
1559 3536 1798 3604 ἀνομιῶν
1821 3552 1960 3603 μου,

387 3622 523 3677 ἀλλά
557 3620 888 3675 ἀνακάλεᾶαί
945 3640 1033 3692 με,
1069 3623 1335 3686 Δέσποτα,
1366 3623 1456 3677 διὰ
1483 3623 1579 3676 τοῦ
1631 3625 1954 3693 μονογενοῦς

390 3730 485 3767 σου
509 3713 639 3767 Υἰσῦ
673 3713 766 3766 τοῦ
794 3714 1046 3783 Σωτῆρος
1073 3715 1230 3783 ήμῶν
1253 3730 1267 3744 ο
1301 3714 1396 3767 καὶ
1416 3713 1630 3783 ἐγειρόν
1662 3732 1729 3784 με
1764 3715 1956 3784 κείμε-

387 3820 476 3856 νον
501 3805 576 3868 ὠς
603 3802 736 3857 Λευτ
764 3805 854 3856 τὸν
880 3802 1118 3874 τελώνην
1141 3820 1157 3835 ⁶
1185 3805 1281 3858 καὶ
1309 3805 1644 3874 ζωοποίησόν
1689 3823 1756 3876 με
1785 3807 1877 3860 τδν
1900 3809 1960 3861 ὲν

388 3895 684 3964 ἁμαρτίαις
723 3894 1124 3965 νενεκρωμένον
1147 3934 1163 3960 ,
1203 3895 1280 3958 ὼς
1331 3898 1430 3965 τῆς
1483 3897 1659 3967 χήρας
1700 3895 1790 3949 τὸν
1821 3897 1957 3962 υἱὸν,

387 3985 470 4039 ὅτι
503 3988 567 4039 σὺ
607 3987 766 4054 μόνος
793 3986 1058 4056 ὑπάρχεις
1091 3987 1125 4057 ἡ
1157 3985 1455 4049 ἀνάστασις
1480 3987 1588 4040 τῶν
1616 3985 1956 4042 τεθνεώτων.

387 4075 501 4129 Καὶ
529 4079 609 4129 σοὶ
631 4077 756 4141 δόξα
783 4075 984 4148 πρέπει
1021 4076 1103 4138 είς
1137 4076 1262 4139 τοὺς
1293 4074 1517 4138 αίῶνας.
1550 4076 1744 4146 Ἀμήν.

2057 3451 2174 3505 ιιιο,
2231 3441 2520 3497 humorem
2582 3441 2755 3494 sancti
2851 3437 2927 3493 tui
3015 3439 3256 3508 Spiritus
3338 3438 3471 3492 huic
3547 3449 3644 3495 tuo

2060 3531 2320 3604 plasmati
2409 3529 2714 3584 liberaliter
2799 3519 3136 3598 impertire,
3209 3537 3272 3582 ut
3363 3545 3434 3585 ne
3518 3545 3642 3584 exa-

2064 3631 2245 3678 rescat
2325 3621 2576 3690 exemplo
2650 3620 2898 3674 ficulneae
2956 3620 3102 3674 illius
3133 3621 3222 3675 cui
3266 3629 3344 3698 _tu
3409 3621 3644 3676 maledi-

2065 3714 2213 3768 xisti.
2273 3713 2535 3768 Pocul-um
2599 3711 2733 3764 mihi
2793 3727 2927 3766 meae
2965 3712 3078 3766 sint
3127 3712 3403 3784 lacrymaa,
3464 3713 3642 3781 vicem

2068 3803 2346 3857 alimoniae
2437 3801 2695 3871 suppleat
2751 3802 2936 3855 oratio
3001 3817 3140 3856 mea.
3206 3801 3425 3871 1146
3476 3801 3642 3855 Verte

2067 3893 2351 3964 planctum
2383 3907 2567 3947 meum
2628 3892 2685 3946 in
2733 3890 2994 3961 gaudium
3056 3890 3190 3944 mihi
3224 3907 3240 3957 ;
3273 3891 3501 3944 admitte
3556 3904 3645 3945 me

2066 3985 2123 4040 in
2179 3993 2386 4040 arterna
2451 3983 2802 4039 tabernacula
2860 3990 2972 4036 tua.
3003 3981 3283 4051 Antieipet
3338 3997 3424 4035 me
3482 3981 3647 4035 misc-

2067 4076 2307 4130 ricordia
2337 4087 2450 4142 tua,
2485 4075 2737 4137 Domine,
2764 4081 2820 4128 ct
2862 4073 3252 4128 miserationes
3303 4080 3407 4126 ture
3449 4085 3646 4141 appre-

393 4171 639 4226 hendant
700 4187 810 4235 me,
869 4180 926 4225 et
971 4170 1192 4225 remitte
1236 4171 1424 4225 omnia
1467 4180 1694 4241 peccata
1759 4185 1902 4226 mea.
1944 4169 2027 4224 Tu
2083 4171 2254 4236 enim,
2321 4171 2466 4225 Deus
2520 4184 2707 4230 verus.
2732 4167 2827 4238 qui
2891 4165 3128 4221 remittis
3179 4166 3518 4234 iniquitates.
3564 4163 3645 4218 Ne

388 4265 636 4334 patiaris,
694 4265 946 4338 Domine,
993 4279 1135 4334 opus
1167 4279 1431 4322 manuum
1464 4271 1682 4319 tuarum
1740 4265 1856 4319 ullo
1909 4265 2182 4322 atrociore
2214 4265 2427 4335 aspergi
2461 4264 2784 4334 opprobrio,
2835 4262 2905 4316 ob
2932 4259 3337 4315 multitudinem
3387 4259 3649 4328 iniquita-

391 4367 508 4413 tum
568 4372 852 4423 mearum;
909 4359 1043 4427 quin
1075 4372 1274 4414 revoca
1311 4372 1398 4411 me
1452 4371 1552 4426 per
1599 4356 1942 4427 unigenitum
2003 4357 2202 4414 Filium
2277 4368 2432 4413 tuum
2499 4365 2704 4415 nostra:
2776 4353 3024 4409 omnium
3104 4352 3296 4406 salutis
3345 4351 3643 4406 vindicem.

393 4454 583 4510 Excita
618 4466 706 4506 me
739 4453 939 4508 misere
983 4454 1277 4523 iacentem,
1309 4460 1370 4506 ut
1391 4453 1520 4508 olim
1555 4453 1712 4507 illum
1757 4454 1999 4509 telonem
2043 4455 2176 4510 Levi
2205 4473 2218 4522 ;
2247 4455 2462 4510 vivifica
2493 4470 2580 4509 me
2625 4461 2974 4523 peccatorum
3007 4461 3183 4507 morte
3211 4450 3648 4518 tabcfactum,ut

387 4558 520 4605 tunc
575 4549 750 4604 ﬁlium
793 4549 1013 4616 viduae;
1049 4558 1108 4604 tu
1160 4549 1315 4605 solus
1355 4549 1693 4604 resurrectio
1734 4564 1798 4604 es
1836 4558 2221 4606 mortuorum.
2257 4551 2382 4605 Tibi
2419 4550 2594 4620 gloria
2627 4549 2682 4602 in
2713 4547 2938 4602 saecula.
2971 4549 3166 4602 Amen.

456 4639 617 4691 Θέλει
667 4639 724 4691 δὲ
764 4641 793 4692 ὁ
823 4641 880 4692 ὲν
925 4641 1154 4712 ἀληθεία
1191 4639 1469 4710 μετανοῶν
1512 4640 1598 4708 ἐφ’
1624 4634 1706 4705 οἷς
1755 4640 1957 4712 ἔπραξε

2139 4640 2306 4712 Optet
2331 4642 2388 4698 in
2421 4641 2640 4711 primis,
2667 4653 2834 4709 quem
2858 4653 2989 4692 vere
3015 4637 3270 4706 poenitet,
3303 4645 3358 4691 et
3390 4651 3448 4690 se
3481 4633 3553 4690 ob
3578 4649 3646 4689 ea

385 4730 576 4797 κακοῖς
607 4727 703 4782 καὶ
726 4729 917 4783 ἑαυτὸν
960 4729 1396 4802 ἐπιμέμφεσθαι,
1419 4732 1514 4784 καὶ
1537 4730 1605 4784 τὰ
1627 4731 1759 4802 παρ’
1782 4731 1957 4785 ἄλλων

387 4821 563 4891 ὀνείδη
607 4821 893 4892 καρτερῶς
940 4822 1128 4892 φέρειν
1152 4839 1166 4854 ο
1203 4825 1460 4892 μετάνοια
1490 4823 1600 4894 γάρ
1635 4824 1752 4879 ἐστι
1783 4825 1844 4878 τὸ
1865 4825 1956 4878 ὑπ’

391 4910 648 4981 ἀφρόνων
670 4911 1052 4980 χλευάζεσθαι,
1075 4913 1168 4967 καὶ
1191 4917 1493 4984 καρτερεῖν,
1511 4914 1607 4966 καὶ
1629 4914 1958 4985 ὁλοκαρδίως

387 5001 723 5074 προσφέρειν
772 5004 853 5074 τῷ
880 5003 999 5074 Θεῷ
1047 5003 1452 5076 ἐξομολόγησιν.
1499 5003 1560 5060 '0
1604 5004 1830 5069 Ἡσαΐας
1865 5023 1961 5060 πο-

385 5093 682 5164 τνιώμενος
714 5096 845 5166 περὶ
877 5095 985 5150 τῶν
1016 5096 1266 5167 σκληρῶν
1303 5097 1396 5151 κιαι⁵
1435 5098 1822 5168 ἀμετανοήτων
1857 5098 1954 5152 -λὲ-

385 5195 474 5247 γει
502 5195 516 5210 °
555 5199 574 5235 ι
629 5184 721 5255 Μὴ
759 5185 860 5239 οὐκ
892 5185 1066 5256 ἰσχύει
1116 5185 1322 5256 Κύριος
1367 5185 1464 5239 τοῦ
1527 5186 1699 5250 σῶσαι
1733 5205 1748 5248 ς
1817 5187 1954 5242 ἀλλά

383 5268 474 5348 διά
513 5270 616 5335 τὰς
661 5264 939 5346 ἁμαρτιας
990 5275 1143 5345 ὑμῶν
1195 5276 1536 5347 ἀπέστρεψεν
1564 5276 1625 5329 τὸ
1661 5275 1954 5344 πρόσωπον

385 5358 548 5414 αὐτοῦ
572 5363 667 5433 ἀφ’
693 5364 868 5433 ὑμῶν.
895 5365 976 5419 ὅτι
1027 5366 1200 5430 οὐδεὶς
1231 5366 1386 5421 λαλεῖ
1425 5367 1634 5432 δίκαια,
1668 5367 1780 5422 οὐδ’
1807 5367 1954 5420 ἐστιν

385 5447 566 5536 ιιρίσις
623 5451 872 5524 ἀληθινή.
916 5473 935 5507 ι
987 5456 1214 5528 ’Έτερος
1259 5457 1318 5514 δέ
1371 5475 1506 5536 φησι
1533 5475 1550 5492 ·
1585 5475 1606 5511 ι
1644 5457 1733 5522 Ὠς
1789 5457 1952 5512 καλὸν

385 5534 706 5609 summa
762 5542 1074 5622 φανερῶσαι
1116 5534 1428 5616 μετάνοιανί
1455 5544 1611 5621 Οὖτιν)
1632 5543 1743 5619 γὰρ
1779 5546 1950 5618 φεύξῃ

462 5693 506 5727 ⁸⁸
527 5693 628 5749 lsa.
663 5710 744 5748 ιιι
767 5737 780 5758 ,
811 5695 918 5750 1-5.

2059 4745 2186 4801 quae
2226 4744 2519 4800 perperam
2569 4725 2760 4798 gessit,
2795 4725 2991 4780 durius
3040 4725 3290 4794 coargui,
3323 4731 3380 4779 et
3415 4738 3538 4793 qua:
3575 4722 3644 4778 ab

2055 4822 2181 4878 aliis
2203 4821 2532 4891 ingeruntur
2553 4817 2872 4888 opprobria,
2895 4830 3162 4886 generose
3174 4813 3316 4869 ferat
3344 4813 3648 4883 ;pmniten—

2057 4913 2133 4968 tia
2157 4911 2306 4967 enim
2341 4919 2428 4965 est
2458 4910 2526 4964 ab
2555 4906 3007 4978 imprudentibus
3040 4903 3374 4959 subsannari
3405 4920 3417 4956 :
3452 4917 3518 4956 ac
3557 4903 3645 4957 in-
3697 4933 3703 4938 ι

2059 4986 2224 5059 terim
2253 5002 2383 5057 dum
2415 5001 2531 5055 haec
2573 5007 2686 5054 toto
2731 4997 2949 5068 perfers
2989 5005 3238 5067 pectore,
3276 5010 3389 5048 non
3435 4994 3645 5048 desinis

2061 5096 2174 5150 Deo
2203 5093 2406 5150 oﬂ‘erre
2433 5091 2866 5147 confessionem.
2899 5088 3068 5144 lsaias
3096 5088 3273 5142 Deum
3311 5083 3642 5151 suppliciter

2058 5183 2347 5240 obtestans
2399 5199 2502 5252 pro
2556 5181 2682 5237 duri
2733 5179 3032 5234 admodum
3065 5174 3249 5229 cordis
3292 5169 3640 5230 hominibus,

2054 5291 2270 5348 proque
2325 5274 2825 5346 impmnitentibus,
2879 5269 3053 5326 dicit:
3105 5285 3124 5319 ι
3186 5262 3464 5332 Numquid
3529 5277 3641 5316 non

2055 5375 2240 5438 potest
2261 5366 2528 5422 Dominus
2547 5379 2645 5418 vos
2664 5363 2847 5418 salvos
2874 5359 3057 5413 facere
3084 5356 3108 5410 ?
3131 5354 3226 5410 sed
3254 5361 3482 5423 propter
3505 5364 3636 5420 pec-

2056 5466 2181 5514 cata
2216 5465 2402 5513 vestra
2436 5453 2641 5510 avertit
2668 5451 2868 5508 faciem
2906 5462 3062 5504 suam
3103 5462 3132 5502 ιι
3167 5443 3346 5508 vobis,
3380 5440 3510 5511 quia
3540 5454 3642 5494 ne-

2054 5563 2154 5604 mo
2174 5547 2323 5621 justa
2361 5542 2635 5616 loquitur,
2662 5555 2847 5612 neque
2871 5546 2956 5597 est
2976 5536 3249 5611 judicium
3285 5547 3479 5589 verum
3506 5529 3574 5588 “.
3611 5545 3636 5588 ι
