3986 6148
434 321 572 386 1663

1701 311 2063 374 ANTIOCHI
2102 307 2447 371 MONACHI

3539 287 3678 354 16M

426 434 535 491 Sed
569 440 625 490 et
656 431 836 486 alter:
876 445 895 480 ι
934 426 1107 494 Quam
1134 427 1340 482 bonum
1381 433 1486 489 est,
1522 438 1650 479 eum
1693 423 1785 492 qui
1833 436 1994 476 coar-

2112 419 2344 472 ἑκούσιον
2400 412 2693 485 ἁμαρτίαν,
2739 429 2757 463 ι
2811 409 2921 462 Kal
2977 408 3171 470 πάλιν,
3209 423 3228 456 ι
3263 405 3572 475 Ἥμαρτες,
3608 402 3682 471 μὴ

425 523 634 597 guilur,
666 519 1016 575 manifestare
1075 514 1498 586 paenitentiam!
1537 512 1619 567 sic
1665 512 1812 567 enim
1855 508 2001 563 ellu-

427 617 545 686 gies
571 611 940 667 voluntarium
970 613 1256 677 peccatum
1287 605 1352 659 ³³.
1396 624 1413 656 ι
1452 603 1708 659 Rursus:
1753 621 1772 653 ι
1806 601 2006 656 Pecca-

429 705 538 761 sti?
562 719 631 758 ne
657 702 828 756 addas
857 703 998 755 ultra
1029 717 1045 768 ;
1080 703 1175 756 sed
1206 712 1262 756 et
1284 717 1385 771 pro
1413 699 1657 770 peccatis
1700 696 1811 751 tuis
1851 694 2004 763 prio-

430 797 583 850 ribus
609 795 915 863 deprecare
945 792 1014 846 ".
1044 811 1063 842 ι
1096 791 1315 847 lnducit
1343 792 1474 846 item
1505 809 1518 845 :
1567 808 1585 840 ι
1629 787 1794 854 Quasi
1817 786 2003 840 afacie

428 886 710 956 serpentis
772 885 894 953 fuge
926 897 956 938 a
1002 894 1228 954 peccato
1251 884 1298 913 "
1332 901 1347 949 ;
1393 901 1412 934 ι
1446 900 1542 931 -ι
1583 879 1815 948 Sapiens
1855 877 2004 931 cnim

429 977 628 1029 timore
674 983 966 1042 correptus
1015 973 1313 1026 declinata
1359 971 1596 1025 malo".
1641 990 1658 1020 ι
1691 969 1796 1022 Job
1823 968 2001 1022 item:

437 1088 454 1116 ι
495 1065 651 1131 Quod
693 1065 737 1120 si
768 1073 1057 1134 postquam
1093 1063 1349 1133 peccavi,
1384 1061 1696 1116 voluntarie
1735 1058 2006 1114 occultavi

432 1166 721 1227 peccatum
751 1171 954 1218 meum,
978 1171 1088 1210 non
1122 1141 1270 1208 enim
1301 1153 1576 1208 reveritus
1629 1153 1709 1206 sic
1741 1167 1862 1206 sum
1909 1165 2005 1204 co-

434 1250 643 1319 piosam
691 1247 1103 1302 multitudinem
1154 1246 1415 1309 civitatis,
1454 1244 1756 1314 quominus
1801 1241 2002 1312 prode-

434 1332 576 1403 rem,
607 1339 905 1395 confiterer
947 1346 1004 1393 et
1047 1338 1363 1408 evulgarem
1415 1336 1551 1390 illud
1589 1336 1644 1389 in
1704 1343 2008 1404 conspectu

434 1433 712 1486 eorum".
739 1451 753 1481 ι
781 1433 849 1486 Ει
880 1431 935 1484 in
963 1430 1192 1484 Actibus
1220 1431 1420 1483 Petrus
1450 1427 1799 1482 multitudini
1824 1425 1963 1479 dixit
1989 1440 2004 1478 :

439 1541 461 1576 ι
495 1522 846 1577 Pmnitemini
880 1521 1046 1591 igitur
1088 1528 1144 1574 et
1174 1519 1599 1582 convertimini,
1626 1529 1688 1571 ut
1717 1517 2008 1571 deleantur

433 1623 658 1684 peccata
685 1621 886 1677 vestra,
923 1612 968 1666 si
1003 1610 1225 1680 quando
1260 1597 1524 1664 venerint
1567 1618 1813 1676 tempora
1841 1605 2010 1660 refri-

433 1706 571 1775 gerii
598 1705 700 1758 ³⁸.)
732 1704 798 1759 Et
838 1719 958 1778 nos,
992 1702 1326 1767 charissimi,
1355 1700 1820 1772 quemadmodum
1848 1713 2013 1766 supe-

393 1811 406 1822 '
433 1798 552 1852 rius
595 1797 734 1851 mihi
786 1797 995 1851 dictum
1031 1808 1136 1858 est,
1188 1812 1296 1850 una
1339 1793 1750 1865 pmniteatvitaa
1777 1791 2003 1860 prioris,

435 1891 603 1944 corde
635 1905 865 1959 prorsus
895 1889 1136 1954 sincero,
1175 1905 1206 1943 a
1235 1888 1394 1941 malis
1420 1901 1542 1956 qua:
1571 1883 1672 1954 ipsi
1701 1883 1969 1954 gessimus
1989 1923 2004 1947 ,

433 1993 735 2036 conversos
778 1978 846 2032 ad
893 1978 1086 2042 Deum,
1137 1993 1201 2032 ac
1261 1977 1555 2031 dicentes:
1610 1974 2005 2040 Peccavimus,

431 2067 708 2139 propitius
753 2075 876 2120 esto
903 2083 918 2130 ;
945 2066 1133 2134 inique
1176 2067 1410 2136 egimus,
1435 2065 1729 2129 eondona;
1771 2063 2008 2119 offendi-

430 2174 576 2223 mus,
604 2157 903 2212 conciliare
959 2166 1018 2210 tu
1079 2157 1260 2212 nobis.
1297 2157 1561 2226 ,Expurga
1598 2171 1723 2219 nos,
1756 2156 2008 2225 exemplo

431 2248 741 2304 meretricis
764 2249 934 2310 illius,
955 2257 1009 2302 ut
1032 2248 1388 2317 publicanum
1409 2247 1562 2300 illum
1585 2262 1686 2300 nos
1707 2247 2008 2300 etiamnum

430 2340 686 2413 iustiﬁca.
717 2339 912 2394 Veniat
944 2355 1111 2408 super
1141 2354 1228 2394 me
1280 2337 1662 2392 misericordia
1689 2347 1803 2403 tua,
1840 2353 2008 2406 super

432 2450 519 2490 me
555 2434 810 2488 roscidus
842 2433 1042 2486 humor
1067 2431 1378 2486 clementiae
1407 2440 1514 2484 tuae
1540 2430 1794 2494 distillet,
1827 2446 2009 2498 neque

431 2529 584 2582 sinas
619 2541 706 2580 me
742 2524 1051 2580 venundari
1103 2523 1284 2592 pretio
1333 2529 1683 2590 peccatorum
1734 2535 2006 2585 meorum,

435 2618 730 2688 nequando
799 2614 1208 2670 obdormiscam
1251 2621 1308 2668 et
1363 2611 1602 2666 emoriar
1665 2609 2011 2664 amarissima

434 2721 612 2767 morte
643 2709 887 2780 peccati;
917 2706 1052 2777 quin
1086 2705 1272 2776 potius
1318 2704 1526 2758 redime
1571 2718 1658 2756 me
1695 2718 1725 2756 a
1752 2700 2010 2770 praesenti

435 2803 638 2858 saeculo
674 2817 929 2870 nequam.
970 2797 1193 2867 lndulge
1238 2796 1371 2869 mihi
1405 2794 1745 2864 paenitentia:
1770 2802 2007 2860 tempus,

436 2896 619 2948 locum
659 2892 953 2963 purgandae
983 2888 1335 2944 conscientia:
1384 2886 1625 2955 imparti.
1657 2903 1674 2935 ι
1713 2885 1832 2939 Non
1861 2883 2010 2938 enim

436 2995 521 3041 est
567 3001 674 3054 pax
719 2985 773 3036 in
823 2979 1040 3037 ossibus
1077 2981 1216 3034 meis
1249 2995 1279 3034 a
1313 2979 1450 3033 facie
1485 2986 1835 3046 peccatorum
1863 2992 2012 3031 nico-

2103 509 2344 580 προσθῇς
2403 507 2508 573 ἔτι,
2533 505 2625 558 καὶ
2674 503 2801 572 περὶ
2831 500 2939 553 τῶν
2987 497 3269 569 προτέρων
3303 513 3398 548 σου
3436 495 3680 565 δεήθητι.

2110 619 2129 652 δ
2168 597 2276 651 Καὶ
2328 598 2542 665 ἐπάγει,
2578 612 2597 646 ι
2645 593 2734 656 Ὠς
2783 590 2890 644 ἀπὸ
2943 585 3242 664 προσώπου
3287 586 3464 653 ϐφεως
3514 585 3682 651 φεῦγε

2104 688 2212 741 ἀπὸ
2261 686 2560 756 ἁμαρτίας.
2619 701 2638 734 ι
2667 712 2739 722 -—
2773 698 2792 732 α
2830 680 2999 748 Σοφδς
3028 680 3137 748 γὰρ
3165 676 3426 746 φοϐηθεὶς
3472 674 3686 739 ἐξέκλι-

2105 795 2194 832 νεν
2239 779 2346 830 ἀπὸ
2374 775 2566 830 κακοῦ.
2604 794 2622 825 ι
2660 775 2826 844 Φησὶν
2846 774 2902 825 δέ
2929 771 3023 824 καὶ
3053 772 3080 823 6
3113 769 3253 833 Ἰὼϐ,
3282 787 3301 820 ‹
3342 769 3404 821 Εἰ
3433 767 3540 835 γὰρ
3587 768 3682 818 καὶ

2109 867 2368 939 ἁμαρτὼν
2413 865 2702 930 ἐκουσίως,
2737 863 2950 933 ἔκρυψα
2983 861 3084 931 τὴν
3135 858 3407 929 ἁμαρτίαν
3445 873 3545 925 μου
3568 871 3584 886 ο
3617 857 3677 907 οὗ

2107 961 2215 1031 γὰρ
2243 959 2538 1029 διετράπην
2557 953 2880 1023 πολυοχλίαν
2911 952 3138 1014 πόλεως,
3159 950 3252 1003 τοῦ
3287 949 3360 1020 μὴ
3390 945 3678 1018 ἐξαυτορεῦ-

2111 1067 2200 1103 σαι
2249 1049 2480 1102 ἐνώπιον
2530 1046 2730 1099 αὐτῶν.
2768 1063 2788 1096 ›
2825 1044 2936 1098 Kal
2969 1046 3026 1096 ἐν
3066 1043 3186 1103 ταῖς
3218 1041 3486 1111 Πράξεσιν
3513 1043 3542 1092 6
3575 1037 3680 1090 ne-

2107 1158 2236 1211 τρος
2268 1139 2344 1209 τῷ
2379 1139 2611 1208 πλήθει·
2641 1156 2660 1189 ι
2684 1136 3071 1204 Μετανοήσατε
3097 1128 3191 1185 οὖν
3221 1132 3317 1185 xal
3348 1130 3678 1199 ἐπιστρέψας

2113 1229 2226 1295 σθε,
2257 1232 2336 1292 είς
2364 1229 2425 1282 r6
2483 1225 2866 1294 ἐξαλειφθῆναι
2898 1223 3051 1293 ὑμῶν
3075 1223 3174 1285 τὰς
3211 1219 3506 1291 ἁμαρτίας,
3533 1221 3683 1282 ὅπως

2111 1322 2178 1375 ἂν
2207 1320 2436 1373 ἔλθωσιν
2468 1319 2650 1389 καιροὶ
2675 1317 3012 1385 ἀναψύξεως.
3054 1333 3073 1367 ›
3107 1315 3218 1367 Kal
3251 1315 3433 1382 ἡμεῖς,
3465 1314 3684 1380 ἀγαπηο

2109 1413 2213 1474 rol,
2252 1411 2436 1472 καθὼς
2463 1410 2813 1480 προείρηται,
2844 1409 2902 1473 ἐξ
2946 1405 3274 1478 εἰλικρινοῦς
3319 1403 3548 1472 καρδίας
3584 1418 3685 1471 με·-

2108 1503 2462 1571 τανοήσωμεν
2517 1500 2623 1563 ἀπὸ
2664 1499 2774 1551 τῶν
2827 1497 3032 1562 κακῶν,
3068 1490 3144 1550 ὧν
3192 1496 3532 1564 ἐπράξαμεν,
3565 1497 3688 1547 ἐπι-

2110 1593 2439 1663 στραφέντες
2462 1592 2596 1661 πρὸς
2613 1590 2703 1643 τὸν
2721 1589 2872 1654 Θεὸν,
2899 1590 2993 1642 καὶ
3013 1588 3284 1655 λέγοντες,
3303 1587 3681 1654 Ἥμάρτομεν,

2115 1681 2361 1750 ίλάσθητι
2384 1695 2398 1708 ·
2427 1683 2802 1750 ήνομήσαμεν,
2852 1677 3206 1748 συγχώρησον
3234 1694 3246 1706 ·
3275 1673 3689 1746 προσεκρούσα-

2040 1751 2084 1806 Β
2115 1791 2234 1845 μεν,
2267 1771 2660 1841 καταλλάγηθι.
2697 1771 2788 1833 Ὧς
2832 1769 2930 1840 τὴν
2985 1770 3194 1838 πόρνην
3242 1768 3539 1839 καθάρισον
3563 1784 3578 1798 ο
3608 1767 3687 1830 ὡς

2109 1865 2199 1918 τὸν
2254 1861 2491 1931 τελώνην
2551 1861 2872 1915 δικαίωσον·
2905 1861 3107 1913 ἐλθέτω
3156 1861 3242 1912 ἐπ’
3274 1860 3374 1925 ἐμὲ
3422 1859 3486 1912 τὺ
3535 1859 3686 1923 ἔλεός

2113 1972 2206 2008 σου
2229 1969 2242 1982 ·
2283 1951 2630 2011 ἐπισταεάτω
2660 1951 2748 2003 ἐπ’
2779 1951 2880 2020 ἐμὲ
2919 1952 2951 2020 ἡ
2997 1949 3375 2020 φιλανθρωπία
3426 1967 3543 2002 σου.
3577 1950 3688 2002 Kal.

2115 2045 2189 2117 μὴ
2251 2045 2579 2115 συγχωρήσῃ
2627 2059 2693 2112 με
2748 2042 3020 2112 πραθῆναι
3059 2043 3178 2104 ταῖς
3227 2041 3523 2110 ἁμαρτίαις
3565 2057 3686 2106 μου,

2115 2136 2238 2207 μηδ’
2261 2135 2505 2188 ὑπνῶσαι
2527 2135 2622 2187 xal
2639 2129 2937 2187 ἀποθανεῖν’
2951 2133 3044 2186 τὸν
3069 2132 3265 2202 πικρὸν
3290 2133 3388 2201 τῆς
3411 2132 3690 2200 ἁμαρτιας

2113 2227 2364 2293 θάνατον,
2413 2226 2528 2279 ἀλλ’
2573 2225 2905 2295 ἐξαγόρασὸν
2962 2242 3030 2295 με
3086 2224 3195 2276 ἀπὸ
3243 2222 3338 2275 τοῦ
3392 2222 3692 2284 ἐνεστῶτος

2113 2321 2308 2384 αἰῶνος
2336 2319 2595 2389 πονηροῦ.
2630 2318 2730 2380 Δός
2763 2334 2854 2386 μοι
2885 2316 3077 2384 καιρὸν
3115 2315 3426 2386 μετανοίας,
3463 2314 3560 2366 καὶ
3599 2313 3695 2364 τό·

2076 2409 2078 2411 ’
2113 2425 2214 2462 πον
2242 2408 2558 2474 ἀπολογίας,
2593 2407 2674 2459 ὅτι
2701 2423 2731 2466 ,ι
2772 2407 2886 2458 Οὐκ
2910 2404 3064 2457 ἔστιν
3092 2408 3282 2476 εἰρήνη
3337 2408 3453 2466 τοῖς
3479 2404 3693 2465 ὀστέοις

2121 2518 2224 2572 μου
2255 2500 2362 2553 ἀπὺ
2393 2499 2687 2564 προσώπου
2718 2497 2827 2550 τῶν
2854 2497 3139 2568 ἁμαρτιῶν
3170 2514 3272 2566 μου
3293 2512 3308 2526 ’
3343 2497 3424 2548 ὅτι
3474 2498 3526 2549 al
3566 2499 3694 2547 ἀνο-

2117 2592 2236 2661 μίαι
2265 2608 2366 2659 μου
2401 2589 2684 2660 ὑπερῆραν
2709 2591 2809 2659 τὴν
2840 2589 3086 2658 κεφαλήν
3116 2605 3240 2658 μου.
3285 2588 3428 2639 Ὠσεὶ
3473 2588 3694 2659 φορτίον

2117 2685 2254 2756 βαρὺ
2279 2680 2777 2753 ἐϐαρύνθησανκέή
2803 2678 2922 2747 ἐμέ.
2954 2680 3081 2732 Ἐὰν
3106 2680 3214 2748 γὰρ
3248 2678 3480 2743 ἀνομίας
3508 2694 3695 2748 παρα-

2114 2777 2379 2846 τηρήσῃς,
2408 2771 2605 2842 Κύριε,
2629 2769 2824 2841 Κύριε,
2855 2769 2941 2832 τίς
2970 2769 3336 2837 ὑποστήσεται
3361 2786 3376 2833 ;
3414 2769 3495 2820 ὄτι
3531 2767 3688 2837 παρά

2118 2866 2210 2918 σοῦ
2243 2864 2468 2934 ἱλασμός
2508 2863 2676 2915 ἐστιν.
2717 2879 2734 2912 ι
2771 2860 3160 2929 Πιστεύσωμεν
3213 2855 3307 2912 οὖν
3353 2859 3427 2928 τῷ
3473 2859 3616 2927 Θεῷ,
3642 2861 3694 2911 οι

2117 2956 2206 3010 διὰ
2251 2956 2351 3018 τὰς
2396 2955 2670 3024 ἁμαρτίας
2728 2953 2886 3022 ἡμῶν
2946 2952 3326 3021 ἀπεγνωκότες
3382 2951 3478 3022 τῆς
3546 2952 3694 3021 ζωῆς

439 3035 519 3041 π-
571 3035 673 3054 τε--
837 3035 879 3037 κ-
1487 3035 1503 3046 _

438 3091 586 3140 rum,
620 3075 747 3144 quia
771 3073 1090 3141 iniquitates
1119 3087 1257 3124 meae
1285 3084 1657 3139 supergressae
1683 3075 1814 3123 sunt
1847 3075 2010 3137 caput

2122 3047 2318 3119 ἡμῶν·
2356 3047 2450 3100 καὶ
2502 3043 2920 3114 ἐπιστρέψωμεν
2976 3035 3118 3114 πρὸς
3173 3039 3383 3114 Κύριον
3433 3044 3523 3096 τὸν
3557 3044 3696 3096 Θεὸν

437 3183 644 3228 meum,
660 3166 804 3220 sicut
825 3180 966 3218 onus
990 3179 1154 3233 grave
1170 3171 1407 3231 gravatae
1428 3170 1555 3214 sunt
1580 3175 1748 3228 super
1766 3174 1853 3212 me
1873 3159 1914 3189 ³¹
1943 3176 1958 3212 ι
1987 3177 2006 3210 ›

437 3257 664 3321 etenim,
705 3275 723 3308 ι
763 3257 1017 3319 Domine,
1051 3255 1096 3310 si
1122 3251 1862 3319 observaverisiniquitates,
1886 3249 2048 3318 quis‘

437 3347 769 3405 sustinebit?
791 3347 922 3418 quia
939 3345 1083 3417 apud
1112 3354 1162 3400 te
1185 3342 1505 3414 propitiatio
1534 3349 1618 3396 est
1641 3341 1707 3394 ³¹.
1743 3358 1763 3390 ›
1801 3338 2014 3410 1147

435 3442 737 3498 Credamus
753 3439 1162 3511 igiturDeo,qui
1176 3433 2018 3508 urgentibuspeccatis,propria:

436 3535 564 3589 vitae
594 3549 747 3604 spem
785 3527 1106 3601 abiecimus,
1133 3538 1190 3584 et
1212 3534 1600 3583 convertamur
1626 3524 1694 3579 ad
1720 3523 2014 3578 Dominum

437 3623 611 3680 Deum
645 3613 712 3675 in
733 3620 1077 3690 plenitudine
1104 3618 1288 3673 cordis
1321 3616 1518 3676 nostri,
1547 3622 1845 3684 operantes
1871 3614 2015 3668 inte-

437 3713 543 3766 rim
570 3709 860 3781 justitiam,
892 3708 1152 3779 quodque
1180 3712 1434 3776 superest
1463 3703 1589 3757 vitae
1618 3702 1784 3756 istius
1811 3709 2015 3756 nostra;

438 3810 717 3856 vertamus
746 3801 799 3853 in
832 3799 1133 3871 legitimam
1162 3797 1340 3866 ipsius
1374 3794 1701 3850 servitutem
1732 3808 1838 3862 pro
1869 3792 2015 3846 bona

437 3895 557 3964 ejus
590 3896 895 3956 voluntate,
928 3897 990 3945 ut
1040 3887 1313 3942 medelam
1363 3883 1591 3940 accuret
1625 3881 2015 3938 oblitterandis

437 3982 636 4052 prioris
684 3983 812 4037 vitae
860 3980 1103 4043 delictis,
1137 3979 1410 4046 nobisque
1433 3977 1696 4030 virtutem
1730 3982 2014 4044 suggerat,

438 4087 548 4143 qua
575 4073 842 4127 adversus
875 4079 1185 4126 commenta
1213 4068 1503 4122 diabolicae
1530 4065 1888 4136 malignitatis
1910 4063 2013 4132 ipsi

438 4163 848 4232 praevaleamus.
901 4159 1378 4214 Terriculamenta
1424 4157 1670 4210 minasve
1713 4155 1834 4225 ejus
1874 4153 2013 4207 nihil

411 4246 666 4307 'omnino
697 4260 782 4306 est
813 4251 960 4322 quod
989 4250 1300 4304 timeamus.
1336 4245 1622 4303 Emarcuit
1665 4244 1814 4299 enim
1868 4244 2014 4301 illius

438 4343 644 4412 impuri
680 4343 879 4404 virtus,
914 4340 1070 4410 quasi
1110 4338 1268 4394 nervi
1318 4335 1684 4408 praemortui;
1729 4333 1863 4398 Quin
1912 4348 2012 4402 po-

2115 3137 2276 3208 ήμῶν
2305 3136 2366 3201 ἐξ
2413 3136 2541 3206 ὅλης
2589 3137 2690 3205 τῆς
2713 3135 2940 3206 καρδίας
2979 3133 3138 3203 ἡμῶν
3159 3149 3174 3163 ⁶
3207 3134 3300 3187 καὶ
3325 3132 3692 3200 ἐργασώμεθα

2113 3227 2214 3299 τὴν
2243 3226 2588 3296 δικαιοσύνην
2614 3227 2714 3288 τὰς
2746 3224 3168 3295 λοιπᾶςήμέρας
3201 3225 3300 3293 τῆς
3338 3224 3485 3292 ζωῆς
3511 3223 3693 3292 ἡμῶν,

2119 3323 2216 3376 καὶ
2248 3321 2622 3391 δουλεύσωμεν
2645 3321 2792 3390 αὐτῷ
2811 3321 2986 3390 ὀρθῶς
3012 3320 3154 3374 κατά
3185 3321 3245 3372 τὸ
3267 3320 3475 3389 θέλημα
3501 3318 3692 3372 αὐτοῦ·

2117 3416 2212 3468 καὶ
2257 3415 2472 3484 ποιήσει
2522 3416 2666 3466 ἴασιν
2715 3415 2827 3475 τοῖς
2874 3412 3160 3483 προτέροις
3198 3411 3358 3482 ἡμῶν
3388 3412 3699 3481 παραπτώ-

2121 3523 2279 3576 μασι.
2311 3505 2421 3558 Kal
2455 3504 2656 3573 ἔχομεν
2699 3502 2926 3570 δύναμιν
2961 3501 3056 3554 τοῦ
3105 3501 3540 3572 κατακυριεῦσαι
3584 3500 3698 3554 τῶν

2116 3597 2294 3668 ἔργων
2325 3596 2418 3650 τοῦ
2446 3595 2714 3650 διαϐόλου.
2754 3595 2866 3664 Τὴν
2902 3594 2958 3646 δὲ
2993 3595 3222 3662 ἀπειλὴν
3252 3594 3418 3646 αὑτοῦ
3445 3594 3586 3657 ὅλως
3622 3593 3696 3663 μὴ

2117 3689 2443 3759 φοϐηθῶμεν
2472 3705 2484 3718 ·
2529 3687 2716 3750 ἄτονος
2747 3688 2855 3756 γάρ
2885 3688 3033 3739 ἐστιν
3059 3728 3073 3750 ,
3105 3684 3293 3755 ὥσπερ
3325 3676 3521 3755 νεκροῦ
3575 3684 3696 3736 νεῦ-

2115 3796 2224 3850 ρα⁹
2280 3778 2415 3831 ἀλλά
2466 3776 2792 3847 φοϐηθῶμεν
2853 3776 3412 3843 τὸν-παντοδὺναμον
3468 3775 3693 3844 Κύριον,

2117 3871 2211 3923 καὶ
2235 3867 2336 3931 τὰς
2371 3867 2592 3931 ἐντολὰς
2635 3866 2797 3920 αὑτοῦ
2845 3865 3189 3936 φυλάξωμεν,
3229 3866 3322 3917 καὶ
3353 3865 3610 3934 ζήσωμεν
3636 3867 3696 3917 ἐν

2116 3957 2286 4028 αὐτῷ.
2346 3956 2455 4010 Kal
2538 3956 2633 4009 ἐὰν
2695 3956 2836 4009 οὕτω
2885 3954 3023 4025 μετά
3074 3954 3396 4022 στεναγμῶν
3460 3955 3552 4007 καὶ
3603 3955 3694 4006 δα-

2117 4050 2298 4120 κρύων
2324 4048 2690 4116 ἱκετεύσωμεν
2716 4047 2851 4116 πρὸς
2881 4046 3065 4110 αὑτὸν,
3083 4046 3225 4112 λέξει
3257 4047 3349 4098 καὶ
3378 4045 3512 4116 πρδς
3545 4047 3693 4116 ἡμᾶς

2116 4142 2204 4195 διὰ
2243 4139 2504 4210 Ἰεζεκιὴλ
2551 4137 2646 4192 τοῦ
2704 4139 2986 4208 προφήτου
3012 4155 3026 4168 ·
3064 4155 3084 4188 ι
3119 4137 3206 4191 Ζῶ
3239 4137 3369 4205 ἐγὼ,
3396 4138 3541 4204 λέγει
3569 4137 3694 4200 ,Κῦ-

2121 4251 2253 4305 ριος,
2289 4233 2350 4285 οὐ
2376 4227 2636 4302 βούλομαι
2669 4231 2762 4283 τὸν
2790 4230 3022 4283 θάνατον
3052 4229 3607 4300 τοῦ²ἀμαρτωλοῦ,ὠς
3627 4230 3696 4282 τὸ

2117 4324 2443 4395 ἐπιπρέψαι
2482 4323 2574 4376 καὶ
2633 4322 2731 4392 ζῇν
2755 4322 2936 4376 αὐτόν.
2975 4341 2994 4373 ι
3029 4323 3139 4376 Kal
3166 4319 3341 4386 αὖθις,
3382 4340 3402 4373 ‹
3444 4322 3528 4374 Ἐν
3621 4321 3698 4372 ἂν

438 4435 551 4490 tius
575 4435 1009 4504 omnipotentem
1034 4431 1324 4487 Dominum
1347 4442 1725 4490 revereamur,
1750 4426 1900 4480 illius
1919 4424 2010 4479 ob-

2119 4417 2301 4488 ὴμέρᾳ
2353 4415 2657 4486 ἐπιστρέψῃ
2692 4417 2719 4467 ό
2765 4414 2964 4484 ἄνομος
2991 4415 3054 4465 ἐκ
3089 4414 3279 4466 πασῶν
3307 4414 3411 4466 τῶν
3448 4412 3700 4480 ἀνομιῶν

439 4542 726 4580 servemus
747 4525 1025 4588 mandata,
1051 4533 1220 4592 atque
1250 4521 1307 4575 in
1343 4521 1450 4574 hoc
1474 4519 1648 4574 vitam
1671 4517 2012 4587 expleamus.

2113 4506 2304 4569 αὐτοῦ,
2341 4507 2436 4559 καὶ
2487 4507 2704 4575 ποιήσει
2739 4504 3108 4574 δικαιοσύνην,
3137 4505 3198 4557 οὐ
3236 4507 3309 4574 μὴ
3361 4503 3580 4574 μνησθῶ
3612 4503 3702 4556 ἔτι

439 4615 495 4669 Si
527 4616 594 4670 ad
624 4632 750 4670 eum
784 4615 1007 4670 modum
1039 4629 1166 4669 cum
1200 4613 1407 4682 gemitu
1438 4626 1504 4665 ac
1539 4609 1797 4680 lacrymis
1821 4608 2010 4677 ipsum

2112 4599 2181 4652 τὰ
2234 4599 2614 4668 ἁμαρτήματα
2660 4595 2844 4649 αὑτοῦ.
2893 4615 2911 4647 ι
2950 4625 3020 4636 --
3053 4613 3071 4646 ‹
3109 4596 3289 4648 Πολλά
3322 4595 3430 4666 γὰρ
3479 4595 3640 4647 ποθεῖ
3669 4597 3702 4647 6

390 4773 410 4789 .
440 4704 718 4773 supplices
769 4705 1032 4758 obtestati
1078 4702 1370 4764 fuerimus,
1417 4700 1613 4769 utique
1655 4696 2015 4767 respondebit

441 4795 590 4866 quod
644 4811 743 4865 per
796 4795 1146 4849 Ezechielem
1209 4793 1541 4863 prophetam
1586 4790 1772 4844 dixit:
1820 4806 1838 4839 ι
1875 4788 2013 4844 Vivo

441 4903 563 4959 ego,
597 4886 732 4941 dicit
764 4885 1053 4950 Dominus,
1088 4886 1215 4954 quia
1241 4885 1370 4937 nolo
1407 4890 1645 4936 mortem
1676 4879 2008 4948 peccatoris,

441 4980 615 5051 magis
664 4987 850 5032 autem
887 4984 948 5030 ut
999 4982 1358 5031 convertatur
1395 4981 1453 5026 et
1491 4971 1641 5025 vivat
1677 4970 1744 5023 ³³.
1792 4988 1811 5020 ι
1856 4969 2010 5022 Rur-

441 5088 588 5128 sus:
633 5091 652 5124 ¢
694 5071 754 5126 ln
807 5083 1139 5141 quacunque
1187 5066 1277 5120 die
1337 5079 1637 5119 conversus
1685 5061 1856 5122 fuerit
1907 5059 2014 5114 ini-

443 5179 588 5234 quus
650 5163 720 5218 ab
781 5162 1042 5218 omnibus
1103 5157 1490 5229 iniquitatibus
1549 5156 1682 5214 suis.
1707 5164 1764 5208 et
1816 5150 2015 5207 fecerit

442 5255 731 5325 iustitiam,
761 5270 874 5308 non
931 5261 1097 5308 erunt
1160 5251 1306 5305 ultra
1368 5249 1422 5303 in
1468 5246 1731 5302 memoria
1791 5255 2016 5312 peccata

443 5346 593 5401 illius
620 5345 686 5400 ⁸⁸⁵.
739 5366 756 5398 ι
809 5345 1091 5399 Desiderat
1123 5363 1142 5394 ι
1183 5344 1451 5398 Dominus
1493 5353 1828 5410 magnOpere
1865 5336 2017 5390 salu-

444 5445 555 5491 tem
616 5445 861 5492 nostram
905 5435 970 5490 ³⁵.
1020 5455 1039 5487 ι
1092 5435 1238 5490 Dixit
1295 5435 1444 5490 enim
1503 5430 1791 5500 discipulis
1844 5427 1958 5483 suis
2002 5445 2015 5480 :

517 5575 565 5606 ⁸⁵
591 5574 758 5629 Eccli.
791 5591 879 5636 xx,
911 5576 964 5627 4.
1040 5573 1085 5605 ²⁶
1114 5574 1282 5627 Eccli.
1347 5574 1539 5637 xx1,l.
1609 5569 1662 5602 λ²⁷
1715 5568 1849 5621 ῙΜά·
1928 5563 2010 5637 ’⁸η

2112 5580 2204 5637 ιν.Δ
2232 5563 2338 5626 xiv,
2374 5561 2529 5637 16.“
2566 5563 2582 5631 ἕ

1973 5636 2016 5666 ³³
2045 5634 2246 5689 Ezech.
2291 5647 2440 5696 xvm,
2466 5633 2558 5685 ‘23.

427 5631 560 5685 θίν’
585 5644 728 5698 Psal.
759 5631 961 5708 xxxvii,
998 5645 1049 5707 εί,
1083 5645 1134 5696 5.
1248 5645 1288 5674 ³³
1322 5631 1463 5696 Ρδηίξ
1497 5656 1675 5705 cum,
1713 5640 1764 5703 5,
1803 5641 1853 5692 ι.

458 5734 514 5783 ll,
546 5713 604 5770 4.

2112 4690 2318 4762 Κύριος
2343 4690 2441 4760 τὴν
2464 4689 2620 4759 ἡμῶν
2646 4688 2940 4758 σωτηρίαν.
2975 4707 2992 4740 ι
3027 4690 3197 4759 Φησιν
3226 4688 3334 4759 γὰρ
3363 4691 3473 4750 τοῖς
3497 4688 3702 4739 ἑαυτοῦ

2116 4783 2405 4855 μαθηταῖς,
2444 4801 2462 4832 ι
2487 4781 2692 4848 Λέγετε
2715 4781 2921 4842 αὐτοῖς,
2939 4782 3271 4834 Μετανοεῖτε
3291 4796 3306 4809 ·
3335 4780 3565 4850 ἤγγικεν
3589 4779 3706 4849 γὰρ

2123 4877 2157 4946 ἠ
2192 4873 2436 4943 βασιλεία
2461 4873 2568 4924 τῶν
2600 4871 2868 4940 οὐρανῶν.
2911 4891 2929 4923 ι
2970 4872 3072 4924 Διά
3120 4872 3278 4924 τοῦτο
3329 4872 3435 4940 γὰρ
3475 4870 3706 4924 καταλι-

2120 4965 2237 5019 πὼν
2259 4966 2327 5018 τὰ
2357 4965 2708 5034 ἐννενήκοντα
2733 4965 2888 5016 ἐννέα
2918 4964 3168 5033 πρόϐατα
3197 4967 3254 5017 ἐν
3281 4963 3358 5032 τῷ
3388 4963 3501 5032 δρει
3521 4964 3552 5014 6
3582 4979 3704 5016 ποι-

2125 5059 2233 5130 μὴν
2257 5058 2286 5108 ὁ
2324 5057 2507 5120 καλὸς,
2561 5056 2848 5126 πορεύεται
2907 5055 3088 5126 ζητῶν
3139 5057 3200 5109 r6
3253 5054 3528 5116 ἀπολωλὸς
3553 5094 3568 5116 ,
3601 5057 3706 5107 καὶ

2113 5147 2289 5220 εὑρὼν
2319 5147 2572 5218 βαστάζει
2623 5149 2715 5199 ἐπὶ
2745 5147 2874 5210 τοὺς
2901 5146 3087 5217 ῶμους
3117 5145 3282 5198 αὐτοῦ
3337 5146 3563 5216 χαίρων,
3597 5146 3705 5195 καὶ

2117 5239 2380 5308 συγκαλεῖ
2436 5240 2534 5300 τὰς
2587 5240 2698 5292 ἄνω
2752 5239 3030 5309 δυνάμεις,
3059 5240 3266 5310 χαίρων
3335 5238 3429 5292 καὶ
3496 5237 3705 5303 λέγων,

2121 5354 2141 5386 ι
2177 5331 2500 5404 Συγχάρηθη
2518 5329 2624 5404 [τέ]
2667 5349 2776 5400 μοι,
2808 5331 2889 5384 ὅτι
2914 5323 3071 5401 εὗρον
3099 5330 3160 5383 τὸ
3196 5328 3492 5390 ἀπολωλός.
3536 5345 3554 5377 ι
3587 5327 3710 5378 Καὶ

2115 5428 2338 5490 ἐπάγει,
2373 5441 2394 5476 r
2439 5423 2600 5492 Λέγω
2631 5423 2762 5492 ὑμῖν
2808 5423 2888 5476 ὅτι
2931 5421 3102 5484 οὕτως
3161 5419 3308 5490 χαρὰ
3334 5417 3487 5470 ἔσται
3530 5417 3590 5468 ἐν
3618 5416 3713 5483 τῷ

2566 5561 2613 5592 ’θ
2644 5560 2746 5616 Job
2809 5577 2954 5623 xxxi,
2987 5560 3077 5620 55,
3111 5557 3199 5612 54.
3279 5555 3474 5623 ‘,°_Act_..
3500 5568 3580 5623 tu,
3613 5554 3710 5604 l0.

2676 5631 2718 5663 ³³
2748 5617 2952 5686 Εκρρίιξ
2979 5617 3163 5690 “sui,
3193 5620 3374 5680 l-i-lfi.
3420 5618 3462 5649 ⁵³
3505 5617 3520 5670 |
3555 5624 3716 5678 ἰ’λιιι,
