3986 6148
405 325 541 391 1365
1340 321 1660 382 HOMILIA
1696 322 1979 383 LXXVII]

2081 346 2102 355 -
2133 321 2230 380 DE
2267 311 2692 381 ΡΛΤΙΕΝΤΙΑ.
3499 323 3636 385 1663

399 431 611 505 οὖρανῷ
653 432 746 484 ἐπὶ
791 431 866 484 ἐνὶ
893 425 1209 498 ἁμαρτωλῷ
1253 429 1600 497 μετανοοῦντι
1630 428 1662 498 ἢ
1694 429 1786 480 ἐπὶ
1813 430 1962 481 ἐννε-

2081 428 2299 483 iDicite
2347 426 2474 481 eis:
2509 426 2898 484 Paenitentiam
2955 430 3120 501 agite,
3175 427 3641 500 appropinquavit

401 529 630 592 νήκοντα
679 522 833 575 ἐννέα
881 517 1132 581 δικαίοις,
1165 518 1363 582 οἵτινες
1419 520 1481 572 ού
1541 520 1728 590 χρείαν
1771 520 1957 590 ἔχουσι

2081 518 2215 572 enim
2268 533 2500 588 regnum
2552 519 2819 574 cwlorum
2849 520 2915 574 ³⁸.
2952 540 2969 571 ι
3007 519 3089 575 Ob
3127 521 3230 574 hoc
3262 521 3408 574 enim
3461 521 3641 578 bonus

405 613 706 684 μετανοίας.
744 629 762 662 ι
795 609 950 680 Αύτῷ
983 610 1017 678 ἡ
1053 608 1182 672 δόξα
1212 611 1290 671 είς
1325 609 1448 671 τοὺς
1502 609 1726 671 αἰῶνας.
1766 609 1956 678 Ἀμήν.

2081 610 2158 663 llic
2222 619 2431 679 pastor,
2466 609 2673 663 relictis
2733 610 3030 680 nonaginta
3083 625 3280 664 novem
3322 611 3540 676 ovibus,
3582 611 3637 664 in

401 712 585 758 monte
618 700 906 756 eri-alicam
936 699 1084 753 illam
1113 698 1207 752 ubi
1233 698 1462 757 invenit.
1501 698 1815 767 impositam
1846 697 2092 751 humeris
2150 697 2319 752 refert
2371 698 2439 752 ad
2494 700 2708 752 caulam
2728 699 2991 769 gaudens.
3044 698 3323 753 Convocat
3377 699 3640 753 sublimes

401 793 521 847 illas
575 792 849 855 virtutes,
906 789 1098 845 dicens
1157 806 1172 842 :
1228 806 1247 840 ι
1288 788 1761 859 Congratulamini
1822 787 1956 842 mihi
1989 788 2119 858 quia
2175 789 2357 842 inveni
2413 789 2683 858 perditam
2741 789 2890 842 illam
2951 788 3225 842 oviculam
3274 789 3339 843 ³⁷.
3378 807 3396 838 ›
3435 788 3503 841 Ει
3555 788 3640 840 iu—

401 884 598 939 ducit:
640 903 658 936 ι
693 885 826 938 Dico
884 883 1064 956 vobis,
1097 882 1226 952 quia
1282 883 1362 936 sic
1413 883 1522 936 erit
1576 883 1840 954 gaudium
1901 882 1958 936 in
2028 883 2168 938 caelo
2241 899 2407 952 super
2479 900 2589 937 uno
2667 891 2956 953 peccatore
3024 883 3403 953 paenitentiam
3447 891 3640 952 agente

404 974 573 1044 magis
605 988 768 1043 quam
818 989 984 1044 super
1035 971 1332 1042 nonaginta
1379 987 1606 1028 novem~
1633 973 1797 1044 justis
1866 973 1962 1044 qui
1995 987 2105 1026 non
2152 973 2399 1044 indigent
2428 975 2839 1043 poenitentia”.
2871 994 2889 1026 ›
2931 975 3040 1044 Ipsi
3094 974 3267 1044 gloria
3310 973 3367 1027 in
3419 973 3642 1027 saecula.

402 1067 596 1122 Amen.

386 1245 398 1260 __
1004 1183 1220 1236 ΛΟΓΟΣ
1259 1164 1385 1236 OH'.

387 1272 402 1355 ἶ
927 1295 1067 1363 Περὶ
1099 1293 1434 1364 ὑπομονῆς.

484 1410 670 1477 Ὀλίγα
709 1407 831 1462 τινὰ
871 1407 1002 1477 περί
1044 1406 1334 1478 μετανοίας
1382 1407 1513 1476 ἡμῖν
1554 1404 1975 1475 προδιαλεχθέν-

403 1520 516 1569 τες,
549 1504 790 1566 εἴπωμεν
816 1498 954 1552 Θεοῦ
995 1497 1385 1569 συνεργοῦντος
1410 1497 1505 1549 καὶ
1542 1500 1668 1567 περὶ
1695 1496 1976 1565 ὑπομονῆς

403 1596 503 1663 τῆς
536 1590 813 1660 σωζούσης
852 1590 944 1642 τὸν
997 1588 1282 1660 ἀνθρωπον
1307 1601 1324 1617 ⁸
1355 1589 1455 1640 ὃσα
1481 1589 1515 1657 ή
1537 1586 1703 1640 αὐτοῦ
1747 1589 1976 1657 παρέχει

409 1678 808 1751 φιλανθρωπία.
849 1675 1058 1746 Χρῄζει
1109 1676 1220 1746 γὰρ
1261 1676 1294 1746 ἡ
1348 1675 1604 1746 μετάνοια
1633 1675 1732 1744 τῆς
1773 1676 1979 1744 ὑπομο-

407 1774 524 1842 νῆς,
563 1771 656 1824 καὶ
689 1771 857 1840 χωρὶς
899 1760 1072 1836 αὐτῆς
1113 1766 1467 1836 τελειωθῆναι
1498 1768 1558 1819 ού
1584 1767 1830 1820 δύναται.
1861 1767 1977 1818 Μο-

408 1865 666 1933 νόπτερος
695 1861 802 1932 γὰρ
831 1861 987 1922 ἀετὸς
1013 1860 1072 1912 ού
1111 1859 1334 1914 δύναται
1362 1863 1441 1922 είς
1467 1858 1602 1928 ὕψος
1635 1861 1970 1928 ἀναπτῆναι·

2553 1177 2836 1232 ΗΟΜΙΗΑ
2875 1178 3157 1233 LXXVIII.

2645 1289 2724 1343 De
2758 1292 3045 1360 patientia.

2141 1401 2212 1456 Et
2245 1399 2464 1471 quidem
2513 1397 2581 1453 de
2623 1400 2952 1467 poenitentia
2987 1416 3109 1454 cum
3147 1416 3422 1470 perpauca
3465 1403 3642 1460 disse.

2075 1494 2351 1548 ruerimus
2395 1490 2552 1545 vobis
2584 1491 2766 1560 priore
2791 1506 3064 1557 sermone,
3092 1504 3364 1562 superest,
3402 1495 3514 1549 Deo
3545 1511 3640 1550 co-

2075 1594 2366 1654 operante,
2399 1586 2653 1639 nonnihil
2709 1593 2769 1639 ut
2815 1584 3060 1639 dicamus
3090 1585 3156 1638 de
3192 1586 3478 1655 patientia,
3520 1603 3642 1657 qua!

2073 1690 2206 1730 sane
2240 1676 2519 1729 hominem
2553 1686 2704 1730 recta
2763 1676 3016 1745 provehit
3059 1676 3127 1729 ad
3171 1677 3365 1731 salutis
3395 1687 3638 1746 portum.

2072 1767 2148 1822 Ea
2180 1769 2370 1836 utique
2392 1767 2662 1832 dicemus,
2690 1783 3033 1838 quacunque
3063 1769 3235 1837 ipsius
3264 1769 3482 1822 Domini
3512 1786 3643 1842 sug—

2071 1865 2224 1928 geret
2256 1857 2584 1928 benignitas.
2610 1857 2936 1912 Paenitentia
2967 1859 3113 1910 enim
3136 1858 3318 1928 indiga
3346 1860 3643 1914 admodum

409 1957 502 2010 xui
541 1953 792 2035 ὑπομονὴ
836 1951 1031 2005 τελειοῖ
1061 1949 1170 2035 τὴν
1201 1951 1509 2020 μετάνοιαν,
1560 1951 1653 2003 καὶ
1711 1967 1975 2020 στεφανη-

2081 1958 2164 2003 est
2200 1949 2502 2019 patientiae,
2539 1949 2676 2004 citra
2738 1949 2896 2019 cujus
2939 1963 3163 2017 operam
3210 1949 3399 2018 perlici
3459 1951 3644 2005 neuti—

409 2047 683 2116 φοροῦσαν
727 2041 894 2112 αὐτὴν
945 2041 1340 2094 ἀναδείκνυσιν.
1392 2040 1467 2093 Οὐ
1519 2044 1677 2110 μόνον
1726 2041 1783 2093 δέ
1829 2043 1974 2094 ἐστιν

410 2139 676 2208 χρήσιμος
721 2136 754 2206 ἡ
804 2132 1052 2204 ὑπομονὴ
1090 2133 1171 2195 εις
1201 2131 1299 2203 τὴν
1335 2133 1432 2201 τῆς
1466 2133 1754 2201 μετανοίας
1783 2135 1974 2202 συνέρ-

409 2245 583 2297 γειαν,
615 2225 728 2281 ἀλλ’
757 2226 864 2278 οὐδ’
884 2224 1020 2288 ὅλως
1061 2224 1259 2294 ἀρετὴν
1289 2223 1322 2295 ἢ
1358 2223 1578 2293 ἐντολὴν
1638 2224 1773 2277 Θεοῦ
1816 2223 1974 2276 δυνά-

305 2357 308 2360 ›
416 2321 553 2392 μεθα
582 2319 750 2389 χωρὶς
805 2318 977 2386 αὐτῆς
1015 2315 1386 2386 κατορθῶσαι.
1423 2315 1494 2367 Τὸ
1545 2316 1842 2384 κεφάλαιον
1879 2311 1973 2368 οῦν

411 2412 519 2463 τῶν
545 2411 602 2462 ὲν
630 2411 760 2478 ἡμῖν
805 2406 1024 2475 ἀγαθῶν
1055 2407 1088 2475 ἠ
1115 2405 1359 2475 ὑπομονὴ
1399 2405 1676 2475 τυγχάνει·
1712 2405 1820 2458 Καὶ
1870 2404 1974 2476 χρὴ

412 2503 592 2554 πάντα
638 2497 944 2570 πειρασμὸν
977 2496 1074 2549 καὶ
1133 2496 1311 2563 θλίψιν
1376 2495 1495 2566 μεθ’
1552 2497 1829 2566 ὑπομονῆς
1880 2497 1975 2549 καὶ

413 2585 764 2664 εὑχαριστίας
817 2586 1236 2660 προσδέξασθαι,
1264 2587 1411 2647 ὅπως
1456 2587 1856 2656 καταλάϐωμεν
1878 2588 1974 2655 τὴν

411 2683 515 2751 γῆν
543 2681 642 2750 τῆς
675 2676 1027 2745 ἐπαγγελίας.
1056 2675 1232 2728 Καλὸν
1256 2675 1310 2728 δὲ
1339 2675 1400 2728 τὸ
1433 2676 1505 2745 μὴ
1537 2674 1882 2744 μεταϐαίνειν
1911 2676 1976 2728 ἐκ

412 2773 578 2826 τόπου
601 2772 680 2832 εἰς
696 2770 877 2823 τόπον.
894 2768 1160 2829 Ἕκαστος
1188 2768 1295 2835 γάρ
1327 2767 1384 2818 ἐν
1409 2759 1452 2832 ᾧ
1479 2764 1705 2834 ἐκλήθη,
1726 2768 1782 2818 ἐν
1801 2764 1976 2834 τούτῳ

419 2864 645 2933 μενέτω.
677 2860 742 2912 Ἦ
767 2857 1011 2928 ὑπομονὴ
1041 2859 1200 2910 πόνον
1225 2857 1548 2920 ἐκδιδάσκει,
1576 2856 1814 2918 καὶτοὺς
1848 2853 1978 2920 ἔξω-

415 2952 506 3006 θεν
531 2948 873 3020 πειρασμοῦς
900 2948 1040 3001 κατά
1072 2948 1167 3016 τῆς
1190 2947 1517 3016 ἐγκρατείας
1562 2944 1847 3015 καρτερῶς
1879 2944 1976 3013 φέ-

411 3044 521 3117 ’ρει.
559 3045 654 3096 Ὃν
682 3042 882 3111 τρόπον
904 3040 1033 3109 γὰρ,
1063 3040 1136 3109 μὴ
1164 3038 1489 3108 θερμανθεὶς
1522 3038 1654 3109 μηδὲ
1683 3037 1976 3108 μαλαχθεὶς

413 3139 443 3190 ὁ
459 3136 625 3206 κηρὸς
659 3135 752 3186 ἐπὶ
787 3132 946 3192 πολὺ,
979 3132 1039 3183 οὑ
1056 3131 1280 3184 δύναται
1300 3131 1398 3201 τὴν
1422 3129 1804 3199 ἐπιτιθεμένην
1829 3129 1977 3198 αὐτῷ

419 3225 688 3295 σφραγῖδα
732 3222 1020 3284 δέξασθαι·
1051 3220 1225 3284 οὕτως
1271 3221 1393 3273 οὐδὲ
1442 3219 1728 3289 ἄνθρωπος
1772 3220 1868 3273 ἐὰν
1901 3219 1976 3289 μὴ

415 3315 505 3368 διὰ
551 3316 726 3368 πόνων
775 3314 869 3366 καὶ
920 3312 1216 3366 ἀσθενειῶν
1266 3313 1593 3382 δοκιμασθῇ,
1641 3313 1703 3366 ού
1755 3311 1977 3364 δύναται

417 3407 662 3478 χωρῆσαι
696 3405 790 3475 τῆς
847 3405 1047 3473 ἀρετῆς
1093 3403 1188 3455 τοῦ
1233 3402 1367 3454 Θεοῦ
1417 3401 1512 3472 τὴν
1561 3403 1849 3471 σφραγῖδα.
1881 3401 1980 3454 Διά

417 3497 574 3550 τοῦτο
601 3498 628 3548 ὁ
659 3495 863 3564 Κύριος
920 3493 1072 3560 ἔλεγε
1126 3492 1202 3561 τῷ
1256 3491 1451 3561 Παύλῳ
1477 3507 1490 3518 '
1534 3510 1552 3542 (
1589 3492 1773 3560 ’Δρκεῖ
1824 3509 1906 3544 σοι
1947 3493 1979 3560 ἡ

421 3589 576 3657 χάρις
611 3602 733 3653 μου.
779 3584 844 3635 Ἦ
873 3583 980 3652 γάρ
1003 3582 1228 3650 δύναμίς
1264 3597 1366 3652 μου
1392 3583 1450 3633 ἐν
1465 3579 1718 3651 ἀσθενείᾳ
1740 3579 1982 3633 τελειοῦ-

418 3696 528 3731 ται.
555 3696 574 3728 ι
615 3678 740 3728 ’Ότε
771 3675 978 3743 ἀφῆκεν
1009 3676 1037 3726 ό
1065 3670 1305 3735 διάϐολος
1338 3671 1429 3724 τὸν
1465 3671 1690 3742 Κύριον,
1719 3673 1840 3724 τότε
1881 3666 1982 3742 ἦλ-

421 3768 512 3820 θον
537 3768 585 3819 οἱ
615 3765 853 3832 ἄγγελοι,
884 3765 980 3816 καὶ
1011 3763 1290 3832 διηκόνουν
1336 3761 1503 3830 αὐτῷ.
1536 3762 1746 3832 ’Ὥσπερ
1782 3758 1875 3815 οῦν
1923 3765 1982 3815 ἐν

419 3857 497 3926 τῷ
523 3853 880 3926 πειράζεσθαι
905 3853 1067 3906 αὐτὸν
1093 3853 1154 3904 ού
1187 3852 1436 3922 παρῆσαν
1459 3852 1509 3903 οἱ
1538 3852 1781 3920 ἄγγελοι,
1811 3853 1981 3915 οὔτως

421 3946 514 4000 καὶ
541 3948 572 4015 ἡ
583 3944 698 4014 μῶν
724 3941 1138 4013 πειραζομένων
1167 3940 1343 4011 καιρῷ
1382 3959 1488 3994 τινι
1515 3940 1890 4012 ὑποχωροῦσιν
1917 3945 1978 3996 οὐ

425 4036 642 4107 μακρὰν
674 4035 724 4088 οἱ
764 4034 858 4086 τοῦ
888 4033 1024 4085 Θεοῦ
1057 4032 1300 4100 ἄγγελοι,
1331 4033 1424 4086 καὶ
1472 4033 1607 4104 μετά
1636 4035 1733 4104 τὴν
1762 4033 1977 4104 ἀναχώ-

421 4143 578 4196 ρησιν
627 4125 734 4176 τῶν
787 4121 1176 4193 πειραζόντων,
1218 4121 1468 4191 ἔρχονται
1523 4123 1660 4194 πρὸς
1689 4124 1834 4193 ἡμᾶς
1861 4122 1980 4175 δια-

419 4216 698 4276 κονοῦντες
726 4211 846 4265 θεῖα
874 4214 1144 4282 νοήματα,
1177 4211 1478 4280 φωτισμὸν,
1511 4213 1822 4279 κατάνυξιν,
1851 4213 1977 4281 γλυ-

419 4306 650 4376 κασμὸν,
681 4305 776 4357 καὶ
803 4304 1080 4373 ὑπομονήν
1098 4318 1114 4334 ο
1140 4305 1234 4356 καὶ
1257 4303 1440 4356 λοιπὸν
1481 4304 1779 4357 άνακτᾶται
1812 4305 1976 4375 ψυχὴ,

418 4395 493 4459 ὡς
522 4395 850 4448 κοπιάσασα.
881 4394 978 4445 Διά
1007 4392 1166 4446 τοῦτο
1191 4393 1285 4446 καὶ
1305 4393 1335 4444 ό
1377 4393 1608 4456 Ἦσαῐας
1635 4393 1816 4462 λέγει·
1859 4411 1878 4444 ι
1916 4395 1980 4447 Ol

422 4486 778 4554 ὑπομένοντες
801 4485 890 4537 τὸν
917 4485 1069 4549 Θεὸν,
1102 4482 1418 4548 ἀλλάξουσιν
1455 4482 1606 4552 ἰσχύν
1628 4500 1643 4515 ο
1672 4484 1980 4554 πτεροφυή-

2079 2054 2241 2109 quam
2292 2039 2486 2108 possit.
2519 2039 2708 2106 Neque
2753 2039 2901 2091 enim
2938 2037 3122 2106 aquila
3152 2039 3354 2092 unialis
3382 2039 3427 2092 si
3453 2049 3548 2094 "est
3587 2048 3645 2093 et

2077 2130 2404 2184 alterutrius
2429 2130 2694 2183 destituta
2732 2128 3009 2198 praesidio,
3039 2137 3206 2197 queat
3234 2145 3474 2198 unquam
3513 2130 3646 2184 sub—

2076 2203 2263 2276 volare
2302 2230 2358 2276 et
2387 2221 2446 2274 in
2490 2220 2726 2275 sublime
2774 2219 3007 2274 sustolli.
3043 2219 3315 2273 Patientia
3366 2221 3642 2289 paeniten—

2079 2311 2209 2367 tiam
2241 2311 2480 2381 perlicit,
2517 2321 2573 2366 et
2608 2326 2728 2365 eam
2753 2311 2905 2364 velut
2955 2309 3137 2363 indice
3176 2319 3417 2364 ostentat
3452 2311 3644 2380 praesi-

2077 2402 2167 2474 gni
2201 2417 2407 2456 corona
2452 2401 2786 2456 redimitam.
2809 2401 2922 2454 Nec
2953 2415 3020 2453 eo
3050 2400 3227 2453 solum
3280 2401 3645 2454 conducibilis

2078 2493 2242 2547 nobis
2276 2492 2552 2547 censenda
2596 2501 2679 2546 est
2727 2492 3012 2560 patientia,
3037 2491 3184 2559 quod
3228 2489 3521 2544 ellicaciter
3549 2506 3643 2545 co-

2079 2592 2345 2654 operetur
2385 2571 2751 2653 pcrliciundm
2789 2583 3148 2652 poenitentiae,
3181 2581 3274 2635 sed
3310 2582 3456 2651 quod
3496 2581 3646 2635 nulla

2078 2689 2336 2746 prorsum
2367 2674 2569 2737 virtus,
2604 2674 2886 2727 nullumve
2919 2673 3015 2727 Dei
3053 2673 3366 2726 mandatum
3409 2674 3513 2726 nisi
3545 2674 3647 2728 hac

2079 2766 2302 2827 comite,
2343 2765 2586 2834 legitime
2636 2763 2827 2833 perfici
2870 2773 3057 2832 queat.
3091 2763 3365 2817 Bonorum
3391 2763 3647 2834 igitur(si

2080 2873 2189 2927 qua
2243 2856 2298 2910 in
2342 2857 2507 2910 nobis
2555 2855 2706 2926 sunt)
2759 2856 2927 2910 cardo
2962 2865 3018 2910 et
3048 2865 3208 2924 caput
3244 2855 3506 2923 patientia
3541 2866 3642 2910 est.

2077 2948 2304 3004 Omnem
2338 2948 2570 3018 proinde
2626 2948 3008 3012 teutationem,
3047 2946 3396 3001 alIlictiouem
3427 2963 3647 3001 omnem

2079 3054 2304 3094 necesse
2351 3039 2421 3092 sit
2468 3046 2528 3090 ut
2571 3038 2936 3106 suscipiamus
2965 3053 3087 3091 cum
3131 3036 3390 3106 patientia
3425 3045 3481 3091 et
3515 3053 3643 3107 gra-

2080 3129 2278 3181 tiarum
2308 3129 2547 3190 actione,
2583 3143 2692 3196 quo
2735 3128 2817 3180 vel
2849 3128 3064 3180 tandem
3100 3129 3316 3197 assequi
3355 3132 3514 3183 detur
3540 3137 3652 3183 ter-

2080 3233 2197 3271 ram
2235 3219 2383 3272 illam
2427 3218 2828 3286 promissionis.
2889 3217 3104 3289 1148
3158 3219 3446 3289 Egregium
3490 3221 3652 3288 plane

2083 3309 2174 3374 sit,
2206 3325 2315 3363 non
2351 3309 2510 3364 facile
2548 3310 2715 3377 (plani
2747 3311 2800 3363 in
2834 3325 3040 3362 morem
3089 3325 3152 3363 ac
3203 3311 3346 3378 vagi)
3386 3327 3415 3365 e
3444 3312 3565 3365 loco
3595 3312 3651 3364 in

2082 3399 2263 3454 locum
2289 3401 2493 3454 diduci.
2535 3401 2922 3468 Unusquisque
2961 3400 3106 3453 enim
3163 3401 3216 3452 in
3247 3401 3392 3469 quod
3422 3412 3653 3457 vocatus

2082 3499 2190 3554 est,
2222 3492 2277 3544 in
2324 3506 2390 3544 eo
2428 3500 2484 3545 et
2516 3499 2754 3544 maneat.
2787 3491 3054 3544 Patientia
3105 3491 3279 3544 solum
3309 3491 3413 3544 hoc
3442 3501 3492 3545 te
3523 3493 3653 3546 edo-

2084 3587 2191 3642 cet,
2219 3595 2316 3647 per
2351 3579 2737 3632 abstinentiam
2778 3578 3012 3631 infracto
3045 3588 3104 3631 ut
3134 3579 3274 3632 feras
3316 3579 3497 3632 animo
3527 3591 3650 3634 ten—

2085 3670 2319 3722 tationes
2361 3684 2482 3737 qua:
2522 3669 2782 3722 "alicunde
2831 3671 3174 3722 extrinsecus
3205 3677 3257 3723 te
3303 3668 3648 3726 adoriuntur.

2085 3757 2557 3822 Quemadmodum
2583 3759 2729 3812 enim
2760 3775 2884 3813 cera
2917 3768 2974 3812 ut
3005 3759 3328 3828 plurimum,
3357 3760 3459 3814 nisi
3492 3778 3648 3816 reca-

2083 3849 2255 3903 lescat
2289 3858 2382 3903 aut
2411 3851 2826 3918 prmmolliatur,
2856 3865 2966 3904 non
3017 3851 3176 3904 facile
3235 3851 3288 3903 in
3337 3867 3392 3905 se
3453 3852 3651 3920 recipit

2084 3936 2249 4011 sigilli
2286 3941 2739 4010 impressionem;
2781 3941 2854 3994 ita
2899 3948 2956 3995 et
2999 3941 3186 4006 homo,
3238 3941 3347 3995 nisi
3398 3942 3650 3997 laborum

2083 4048 2147 4088 ac
2176 4032 2505 4087 multivaria:
2542 4032 2878 4086 infirmitatis
2903 4032 3169 4102 probetur
3201 4033 3500 4099 exercitio,
3519 4050 3654 4088 neu-

2085 4123 2293 4191 tiquam
2325 4124 2470 4177 sinet
2502 4122 2754 4192 insigniri
2798 4140 2857 4178 se
2901 4123 3182 4193 signaculo
3212 4123 3412 4178 divinae
3437 4125 3646 4192 gratia-2

2083 4215 2165 4269 0b
2211 4215 2317 4268 hoc
2364 4214 2536 4268 Paulo
2587 4215 2873 4284 respondit
2917 4214 3221 4268 Dominus:
3263 4214 3514 4269 cSullicit
3551 4216 3647 4268 tihi

2082 4305 2255 4376 gratia
2295 4319 2436 4369 mea,
2467 4305 2642 4358 virtus
2693 4305 2838 4358 enim
2872 4319 2991 4358 mea
3025 4305 3078 4358 iu
3130 4305 3448 4359 infirmitate
3482 4307 3646 4375 perli-

2035 4441 2042 4448 .
2083 4398 2229 4452 citur
2252 4397 2318 4450 ⁸⁹.
2341 4415 2359 4447 ›
2398 4396 2627 4462 Quando
2659 4397 2950 4451 Dominum
2981 4397 3187 4451 dimisit
3217 4397 3488 4461 diabolus,
3519 4406 3650 4452 tunc

2080 4496 2352 4542 venerunt
2392 4488 2591 4556 angeli,
2617 4496 2674 4541 et
2703 4488 3091 4542 ministrabant
3115 4488 3246 4542 ei“.
3281 4487 3647 4554 Quemadmo-

423 4593 604 4630 σουσιν
632 4576 705 4636 ὡς
754 4575 933 4628 ἀετοί⁸
982 4574 1336 4645 δραμοῦνται,
1368 4573 1464 4627 καὶ
1520 4574 1581 4627 ού
1633 4575 1978 4628 κοπιάσουσι·

2085 4577 2216 4630 dum
2246 4577 2414 4646 igitur
2436 4576 2566 4630 dum
2596 4584 2924 4637 tentaretur,
2963 4593 3074 4631 non
3121 4577 3380 4647 leguntur
3425 4577 3653 4632 all'uissc

389 4660 394 4664 ’
423 4663 750 4735 βαδιοῦνται,
788 4665 880 4716 καὶ
909 4665 968 4717 ού
1004 4665 1368 4718 πεινάσουσιν.
1401 4684 1418 4716 ι
1457 4663 1656 4728 Καθὼς
1688 4683 1850 4735 φησιν
1889 4667 1985 4720 καὶ

421 4759 449 4808 ὁ
477 4754 718 4820 Μωῦσῆς
764 4754 898 4823 πρὸς
944 4754 1032 4806 τὸν
1073 4755 1200 4807 λαόν
1222 4739 1265 4806 ἰ
1297 4756 1394 4807 Διά
1429 4755 1585 4808 τοῦτο
1607 4757 1864 4825 ἐπείρασέ
1904 4774 1987 4823 σε,

421 4847 516 4900 καὶ
579 4845 826 4898 ἐκάκωσέ
890 4861 971 4906 σε,
1031 4843 1118 4896 ἵνα
1168 4844 1393 4916 ψωμίσῃ
1429 4863 1488 4898 σε
1539 4847 1602 4899 τὸ
1667 4847 1862 4916 μάννα,
1901 4848 1988 4901 ἵνα

419 4933 638 5004 γνωσθῇ
668 4933 735 4986 τὰ
764 4935 820 4987 ἐν
844 4937 909 5003 τῇ
932 4933 1131 5003 καρδίᾳ
1161 4951 1276 4986 σου.
1309 4934 1397 4997 Ὦς
1427 4937 1479 4988 εί
1504 4953 1586 4998 τις
1618 4936 1862 4989 παιδεύει
1891 4936 1987 4990 ἄν-

423 5023 637 5090 θρωπος
658 5024 748 5076 τὸν
775 5025 887 5077 υἱὸν
909 5023 1098 5089 αὑτοῦ,
1126 5024 1297 5095 οὕτως
1336 5024 1537 5095 Κύριος
1560 5026 1845 5078 ἐπαίδευσέ
1868 5044 1945 5079 σε.
1960 5045 1979 5078 ι

424 5114 532 5166 Καὶ
568 5111 744 5176 αὖθις,
805 5135 822 5165 ι
850 5116 958 5167 Καὶ
1007 5115 1255 5168 ἐκάκωσέ
1307 5133 1366 5168 σε
1425 5116 1646 5186 Κύριος,
1682 5117 1769 5168 ἵνα
1815 5112 1872 5170 εὖ
1901 5135 1985 5171 σοι

424 5206 624 5275 ποιήσῃ
663 5205 747 5257 ἐπ’
793 5206 1061 5276 ἐσχάτων.
1091 5225 1110 5256 ι
1159 5207 1322 5275 Λέγει
1371 5207 1426 5260 δὲ
1478 5207 1572 5259 καὶ
1624 5207 1651 5258 ὁ
1701 5207 1989 5278 προφήτης

424 5294 617 5364 Ναούμ
643 5312 656 5327 ο
693 5292 980 5366 ιΧρήστὸς
1029 5297 1228 5366 Κύριος
1279 5300 1392 5359 τοῖς
1423 5297 1783 5366 ὑπομένουσιν
1827 5299 1988 5351 αὐτὸν

424 5386 479 5436 ἐν
511 5384 692 5454 ἡμέρᾳ
727 5384 976 5454 θλίψεως.
1009 5406 1026 5437 ι
1057 5387 1249 5450 ’Δλλος
1282 5388 1337 5438 δέ
1366 5403 1380 5416 ’
1418 5405 1435 5436 ι
1465 5387 1554 5456 Μὴ
1584 5388 1764 5459 εἴπῃς,
1792 5387 1989 5449 Κακῶς

423 5472 697 5542 χρήσομαι
731 5475 822 5526 τὸν
870 5475 1062 5546 ἐχθρόν
1105 5493 1229 5546 μου,
1279 5475 1391 5529 ἀλλ’
1441 5476 1731 5546 ὑπόμεινον
1761 5477 1850 5528 τὸν
1879 5475 1986 5528 Κύ-

497 5649 541 5682 ιι
575 5613 766 5706 Matth.
800 5669 874 5708 ιιι.
902 5653 954 5707 ε.
1033 5655 1075 5686 δ’
1110 5656 1240 5710 [.uc.
1275 5673 1366 5722 xv,
1398 5657 1451 5710 6.
1529 5657 1571 5687 ³η
1607 5655 1743 5710 ibid.
1778 5655 1830 5708 -ι,

2085 4666 2286 4736 angeli,
2318 4667 2392 4720 ita
2417 4667 2578 4722 nobis
2614 4683 2833 4736 quoque
2882 4667 2936 4722 iu
2962 4668 3263 4723 teutatione
3296 4667 3508 4736 positis,
3534 4677 3653 4721 tan-

2084 4757 2202 4810 tillo
2251 4756 2472 4810 interim
2516 4771 2572 4811 sc
2623 4757 2950 4810 submovent
2997 4765 3264 4826 tempore,
3303 4772 3408 4812 nec
3458 4759 3653 4826 procul

2083 4853 2266 4900 tamen
2299 4846 2576 4921 absistunt
2605 4847 2779 4917 angeli
2807 4848 2924 4902 Dei.
2957 4846 3230 4902 Caeterum
3265 4863 3389 4901 mox
3413 4863 3444 4900 a
3471 4854 3648 4902 tenta-

2083 4935 2220 4988 toris
2250 4950 2492 4998 secessu,
2537 4936 2744 4990 instant
2789 4936 2952 4991 nobis
3007 4945 3362 5007 suggerentes
3406 4951 3527 5003 quae
3584 4934 3653 4986 ad

2089 5025 2290 5080 divinae
2335 5027 2599 5082 bonitatis
2649 5028 3035 5098 cogitationem
3069 5027 3300 5091 faciant;
3338 5033 3488 5092 puta,
3523 5023 3656 5075 illu-

2091 5116 2415 5171 stra-tionem
2464 5119 2682 5183 mentis,
2738 5119 3254 5188 compunctionem,
3307 5113 3658 5166 dulcedinem

2085 5205 2314 5274 spiritus
2361 5215 2416 5260 et
2455 5209 2814 5278 patientiam;
2845 5216 3010 5277 atque
3052 5206 3126 5259 ita
3165 5205 3446 5272 deinceps,
3475 5202 3659 5256 anima

2088 5296 2216 5349 talis
2251 5297 2480 5352 amissas
2523 5299 2756 5352 resumit
2791 5297 2966 5359 vires,
3000 5310 3062 5349 ac
3091 5294 3373 5348 refovetur
3407 5307 3505 5361 pro
3534 5308 3657 5345 mo-

2087 5385 2218 5439 dulo
2249 5389 2492 5442 toleratae
2519 5387 2849 5442 afflictionis.
2870 5387 3098 5454 Propter
3120 5385 3224 5438 hoc
3256 5383 3422 5437 Isaias
3449 5399 3465 5438 :
3500 5401 3518 5432 ι
3547 5379 3657 5434 Su-

2087 5473 2357 5528 stinentcs
2391 5475 2561 5529 Deum
2593 5474 2888 5528 mutabunt
2933 5471 3334 5537 fortitudinem,
3373 5477 3657 5524 assumcnt

1949 5653 2186 5709 "IICor.
2227 5672 2320 5726 xu,
2360 5657 2417 5709 9.
2493 5654 2532 5685 "°
2561 5653 2750 5707 Matth.
2776 5669 2854 5718 ιγ,
2883 5653 2969 5708 Η.
