3986 6148
416 356 549 422 16.37

1659 333 2022 412 ANTIOCHI
2061 350 2406 412 MONACllI

3527 348 3667 414 1668

409 485 617 542 pennas
655 479 716 524 ut
763 467 980 538 aquilzu,
1012 457 1239 521 current
1273 473 1330 520 et
1377 477 1485 517 non
1531 462 1854 542 lassescent,
1885 477 1975 516 va-

2091 478 2203 533 ριον
2239 461 2327 514 ἵνα
2355 477 2439 513 σοι
2468 459 2745 532 βοηθήσῃτ
2777 460 2838 513 οὑ
2879 457 3353 531 καθυποστερήσει
3387 461 3494 531 γὰρ
3529 461 3667 516 ὑπο-

405 539 539 614 dent
565 568 622 616 et
666 574 775 612 non
809 558 1052 612 csurient
1083 557 1150 608 ⁶¹.
1187 574 1204 605 ι
1243 554 1311 608 Ει
1349 553 1530 607 Moses
1564 539 1974 622 ad'populum:

407 671 428 702 ι
460 651 691 719 Propter
727 648 833 702 hoc
884 647 1118 701 tentavit
1149 655 1200 700 te
1234 654 1286 699 et
1321 641 1510 699 afﬂixit
1537 651 1612 709 te,
1641 653 1700 699 ut
1729 652 1981 714 pasceret

403 753 456 798 te
484 758 704 806 manna,
737 729 799 795 ut
822 749 951 794 nota
987 739 1182 794 fierent
1226 755 1346 808 quae
1377 739 1431 792 in
1466 737 1634 792 corde
1670 747 1765 792 tuo
1798 752 1981 792 versa-

399 833 624 896 bantur,
655 832 812 901 quasi
861 831 907 885 si
939 832 1063 901 quis
1105 830 1293 884 erudit
1348 832 1518 884 homo
1563 829 1734 884 ﬁlium
1796 846 1976 896 suum,

401 921 484 976 sic
517 921 786 974 Dominus
833 919 1075 974 erudivit
1119 928 1170 973 te
1193 919 1258 972 ".
1295 937 1313 970 ι
1347 917 1564 973 Rursus
1603 936 1614 970 :
1655 919 1764 972 «Et
1787 919 1981 972 afﬂixit

407 1019 457 1064 te
517 1011 802 1068 Dominus.
859 1020 919 1064 ut
975 1009 1116 1063 bene
1157 1009 1254 1063 tibi
1308 1009 1518 1064 faceret
1568 1009 1624 1063 in
1679 1011 1980 1079 postremis

401 1101 514 1153 tuis
533 1100 600 1151 ”.
637 1120 653 1150 ι
697 1099 838 1154 Dicit
863 1107 1047 1152 autem
1067 1107 1122 1151 et
1151 1099 1419 1168 propheta
1457 1099 1672 1152 Nalium
1700 1115 1712 1151 :
1750 1117 1767 1150 ι
1799 1099 1980 1153 Bonus

401 1191 670 1246 Dominus
716 1190 1167 1258 exspectantibus
1222 1205 1349 1244 eum
1406 1191 1462 1245 in
1516 1191 1604 1245 die
1663 1190 1976 1245 tribulatio-

401 1282 486 1336 nis
511 1281 575 1335 “.
607 1299 626 1334 ι
662 1280 817 1334 Alius
847 1281 975 1335 item
1002 1298 1016 1333 :
1051 1299 1067 1331 ι
1099 1281 1180 1334 Ne
1209 1280 1380 1344 dicas,
1411 1281 1688 1336 Ultionem
1728 1291 1979 1351 expetam

399 1369 469 1426 de
501 1371 727 1425 inimico
762 1387 906 1440 meo,
943 1371 1038 1424 sed
1073 1371 1283 1425 sustine
1311 1372 1604 1426 Dominum
1643 1382 1703 1426 ut
1743 1372 1968 1426 auxilie--

401 1470 492 1516 tur
532 1462 650 1522 tibi.
684 1476 793 1513 non
854 1461 1000 1514 enim
1049 1459 1330 1514 fraudabit
1377 1461 1645 1530 patientia
1695 1461 1818 1530 pios
1847 1463 1918 1514 “’.
1952 1480 1973 1514 ι

397 1552 478 1608 Ad
511 1568 637 1606 eum
673 1553 898 1606 modum
929 1553 1068 1605 nihil
1117 1567 1228 1606 non
1263 1552 1568 1606 sutl‘erebat
1597 1553 1888 1608 lenissimo
1924 1562 1981 1610 et

399 1642 659 1713 placabili
700 1643 887 1696 animo
943 1643 1026 1696 vir
1070 1643 1263 1697 David.
1313 1644 1506 1713 Neque
1555 1645 1704 1697 enim
1759 1645 1808 1698 is
1851 1660 1980 1699 cum

399 1734 746 1788 intoleranda
779 1734 1169 1788 maledicentia
1200 1734 1588 1800 lacesseretur,
1621 1744 1679 1789 et
1713 1735 1978 1791 audiret:

403 1843 421 1874 ι
451 1824 748 1894 Egredere,
784 1825 869 1878 vir
905 1825 1129 1894 iniquus
1148 1825 1213 1891 “,
1241 1844 1258 1876 ι
1298 1826 1471 1880 ullum
1523 1826 1679 1881 dedit
1721 1827 1981 1881 concitati

396 1914 568 1968 animi
597 1914 888 1968 indicium.
923 1914 1030 1970 Sed
1068 1923 1122 1968 et
1162 1916 1530 1970 consobrinus
1563 1916 1738 1986 ipsius
1764 1918 1856 1971 tali
1900 1917 1984 1973 in-

397 2005 664 2076 dignitate
708 2015 1007 2075 .permotus
1059 2022 1186 2061 cum
1236 2007 1489 2074 dixisset,
1550 2007 1726 2074 «Quis
1771 2009 1863 2062 hic
1897 2017 1982 2064 est

393 2098 551 2151 canis
592 2097 686 2166 qui
738 2097 1020 2152 maledicit
1071 2098 1298 2152 domino
1357 2113 1480 2153 meo
1511 2099 1981 2168 regi?Profectus

395 2187 547 2251 hinc,
581 2189 886 2257 percutiam
913 2204 1062 2252 eum,
1104 2189 1440 2244 et-auferam
1471 2197 1636 2258 caput
1659 2189 1928 2260 ipsius";
1955 2208 1974 2241 ι

395 2275 545 2330 hunc
591 2275 788 2330 durius
837 2277 1107 2347 coarguit,
1147 2276 1373 2332 dicens:
1410 2298 1426 2328 ‹
1455 2277 1678 2333 Dimitte
1728 2293 1879 2344 eum,
1919 2288 1981 2334 ut

287 2373 290 2376 '
397 2366 689 2429 maledicat
728 2367 889 2433 mihi,
948 2373 1010 2420 ut
1048 2367 1234 2421 videat
1281 2368 1550 2423 Dominus
1583 2377 1640 2424 et
1671 2385 1773 2438 pro
1811 2371 1980 2426 male-

395 2457 642 2512 dictione
701 2458 806 2512 hac
860 2458 1133 2525 retribuat
1189 2458 1327 2512 mihi
1374 2458 1517 2513 bona
1539 2458 1608 2512 ⁴⁸.
1638 2479 1656 2512 ι
1705 2459 1978 2526 Quocirca

395 2563 506 2602 non
559 2549 658 2603 abs
731 2563 806 2602 re.
845 2547 1159 2617 psallebat:
1203 2568 1220 2600 ι
1252 2548 1597 2619 Exspectans
1659 2553 1976 2620 exspectavi

393 2640 716 2706 Dominum,
750 2647 806 2693 et
837 2639 1077 2693 intendit
1104 2640 1264 2706 mihi,
1295 2649 1352 2695 et
1396 2641 1681 2696 exaudivit
1715 2642 1979 2712 depreca-

395 2730 602 2786 tionem
644 2747 820 2785 meam
843 2730 910 2784 ⁸⁹.
943 2749 962 2782 ι
1004 2730 1242 2803 [Rursus
1281 2747 1294 2785 :
1334 2733 1722 2802 «Exspectabo
1771 2751 1976 2790 nomen

395 2831 574 2886 tuum,
611 2823 872 2891 quoniam
930 2822 1137 2878 bonum
1191 2823 1246 2876 in
1299 2835 1600 2894 conspectu
1652 2835 1974 2882 sanctorum

393 2921 619 2966 tuorum
647 2914 710 2965 '°.
736 2913 782 2983 ι]
809 2913 913 2979 Qui
943 2923 998 2968 et
1024 2930 1126 2968 nos
1165 2915 1232 2969 ad
1263 2916 1590 2993 patientiam
1619 2917 1973 2986 adhortatur,

387 3002 628 3058 dicens:
665 3023 682 3055 ι
705 3005 953 3059 Viriliter
991 3020 1114 3076 age,
1151 3015 1208 3060 et
1241 3006 1590 3061 confortetur
1639 3024 1736 3064 cor
1793 3018 1970 3078 tuum,

2086 551 2222 622 μονὴ
2264 550 2532 614 εὐσεϐεῖς.
2559 571 2578 604 ι
2615 551 2802 615 Οὕτως
2855 551 3120 622 ὑπέμεινε
3170 552 3267 605 καὶ
3299 554 3328 605 6
3355 554 3669 622 πραότατος

2082 641 2244 694 Δαϐίδ
2267 659 2279 672 ·
2316 640 2713 712 κατακείμενος
2757 641 2865 712 γὰρ
2912 642 3006 696 καὶ⁵
3045 627 3400 712 λιθαζόμενος
3431 644 3537 696 ὑπὸ
3569 643 3666 696 τοῦ

2081 734 2269 804 Σεμεῒ,
2311 733 2405 788 καὶ
2435 733 2679 796 ἀκούων,
2721 751 2741 784 ι
2775 733 3025 799 Ἔξελθε,
3059 735 3197 804 ἀνὴρ
3223 735 3252 786 6
3284 735 3658 804 παράνομος,›

2081 827 2181 879 οὐκ
2203 825 2582 896 ἠγανάκτησε.
2617 823 3042 896 Χαλεπήναντος
3093 825 3150 878 δὲ
3202 826 3298 879 ἐπὶ
3341 827 3515 896 τούτῳ
3565 824 3664 878 τοῦ

2083 917 2305 986 ἀνεψιοῦ
2362 917 2551 984 αὑτοῦ,
2604 918 2700 970 καὶ
2743 917 2991 979 είπόντος
3017 934 3030 946 ·
3069 916 3209 980 (Τίς
3254 917 3400 970 ἐστιν
3431 909 3588 979 οὗτος
3634 915 3664 966 6

2082 1006 2227 1060 κύων
2275 1006 2334 1072 ὃς
2389 1011 2703 1080 καταρᾶται
2747 1007 2839 1060 τὸν
2887 1007 3096 1079 Κύριόν
3147 1025 3250 1078 μου
3285 1009 3378 1060 τὸν
3413 1007 3659 1077 βασιλέα,

2081 1097 2369 1168 παρελθὼν
2423 1098 2480 1150 δὲ
2532 1097 2761 1162 πατάξω
2793 1097 2976 1159 αὑτὸν,
3016 1100 3112 1151 καὶ
3142 1096 3330 1167 ἀφελῶ
3362 1097 3461 1168 τὴν
3493 1114 3664 1166 κεφα-

2080 1187 2177 1259 λὴν
2223 1188 2465 1243 αὐτοῦ’»
2530 1190 2865 1261 ἐπετίμησεν
2906 1189 3075 1260 αὑτῷ,
3131 1189 3306 1259 λέγων
3333 1206 3348 1222 ο
3405 1209 3426 1243 ι
3457 1191 3662 1258 ’Ἄφετε

2082 1277 2244 1331 αὑτὸν
2292 1281 2636 1347 καταρᾶσθαι
2689 1297 2783 1350 με,
2811 1282 2962 1344 ὅπως
2993 1280 3080 1354 ῐδῃ
3111 1283 3353 1352 Κύριος,
3391 1283 3486 1337 καὶ
3530 1285 3666 1337 ἀντ·

2081 1371 2335 1442 αποδώσῃ
2363 1389 2451 1441 μοι
2479 1371 2680 1440 ἀγαθά.
2705 1373 2900 1426 »Ὅθεν
2927 1374 3153 1437 εἰκότως
3178 1373 3423 1443 ἔψαλλεν
3447 1393 3468 1426 ‹
3499 1373 3666 1427 Ὑπο-

2085 1460 2263 1530 μένων
2303 1461 2573 1530 ὑπέμεινα
2602 1462 2694 1514 τὸν
2726 1462 2952 1532 Κύριον,
2984 1463 3079 1514 καὶ
3113 1463 3383 1533 προσέσχε
3418 1478 3538 1532 μοι’
3569 1462 3667 1515 καὶ

2083 1551 2404 1621 εἰσήκουσεν
2455 1553 2556 1621 τῆς
2606 1550 2848 1622 δεήσεὼς
2905 1569 3030 1623 μου.
3059 1571 3078 1604 ι
3112 1552 3572 1622 Προτρεπόμενος
3607 1551 3665 1605 δὲ

2083 1643 2253 1711 ἡμᾶς,
2285 1642 2450 1712 φησίν
2479 1655 2492 1669 ·
2537 1661 2557 1696 ι
2594 1643 2867 1713 Ἀνδρίζου
2897 1644 2992 1698 καὶ
3038 1645 3422 1713 κραταιούσθω
3459 1645 3494 1715 ἡ
3525 1661 3668 1716 καρ-

2072 1729 2168 1784 -δία
2211 1749 2329 1795 σου,
2367 1733 2462 1784 καὶ
2488 1733 2779 1803 ὑπόμεινον
2810 1733 2902 1786 τὸν
2945 1733 3171 1804 Κύριον.
3207 1735 3272 1788 Οἱ
3307 1734 3418 1805 γὰρ
3453 1733 3665 1804 ὑπομέ-

2082 1839 2265 1886 νοντες
2296 1823 2386 1876 τὸν
2431 1823 2656 1894 Κύριον,
2685 1825 2842 1876 αὑτοὶ
2889 1824 3366 1896 κληρονομήσουσι
3410 1825 3512 1896 γῆν
3550 1824 3664 1877 τῶν

2082 1911 2323 1978 ζώντων.
2351 1933 2369 1967 ι
2409 1915 2540 1982 Kal,
2573 1933 2591 1965 ι
2619 1915 2694 1968 Οὑ
2725 1915 2799 1986 μὴ
2829 1915 3247 1988 αἰσχυνθείησαν
3277 1917 3326 1969 οἱ
3359 1917 3665 1986 ὑπομένον-

2081 2007 2172 2069 τές
2207 2023 2287 2070 σε,
2346 2005 2542 2076 Κύριε,
2575 2006 2750 2078 Κύριε
2802 2005 2912 2063 τῶἶο
2963 2009 3270 2079 δυνάμεων.
3318 2009 3498 2080 Σκεύη
3552 2012 3666 2082 γὰρ

2081 2095 2371 2164 κεραμέως
2396 2095 2684 2167 δοκιμάζει
2717 2098 2968 2168 κάμινος,
3003 2103 3101 2152 καὶ
3117 2102 3425 2172 πειρασμὸς
3448 2100 3665 2172 ἀνθρὼ-

2083 2204 2186 2240 που
2217 2187 2276 2239 ὲν
2325 2187 2696 2259 διαλογισμοῖς
2721 2190 2912 2247 αὑτοῦ.
2943 2191 3081 2244 Οὐαὶ
3130 2192 3187 2246 δὲ
3233 2195 3346 2256 τοῖς
3389 2191 3666 2247 ἀπολωλε-

2081 2277 2203 2331 κόσι
2233 2278 2332 2348 τὴν
2368 2280 2668 2350 ὑπομονήν.
2699 2281 2812 2344 Καὶ
2845 2283 2901 2334 τί
2925 2285 3228 2353 ποιήσωσιν
3253 2285 3382 2338 ὅταν
3437 2285 3666 2338 ἐπισκέ-

2081 2386 2281 2440 πτηται
2314 2372 2342 2424 6
2373 2369 2614 2442 Κύριος
2658 2372 2725 2426 Ἠ
2780 2371 2888 2444 γὰρ
2937 2373 3187 2444 ὑπομονὴ
3240 2375 3350 2428 τῶν
3410 2377 3665 2444 πενήτων

2079 2460 2180 2514 οὑκ
2221 2461 2504 2516 ἀπολεῖται
2550 2463 2631 2526 εἰς
2662 2463 2833 2526 τέλος.
2861 2482 2880 2515 ι
2938 2465 3048 2519 Kal.
3074 2467 3102 2518 6
3135 2465 3396 2533 Σοφονίας
3419 2483 3432 2497 ο
3477 2485 3498 2519 ι
3532 2466 3664 2521 Ἐὰν

2080 2549 2376 2622 ὑστερήσῃ,
2415 2549 2712 2620 ὑπόμεινον
2769 2552 2970 2605 αὐτόν’
3004 2552 3137 2607 ὅτιὸ
3189 2555 3489 2625 ἐρχόμενος
3515 2556 3662 2627 ἡξει,

2078 2640 2174 2693 καὶ
2200 2640 2262 2694 οὑ
2283 2644 2512 2711 χρονιεῖ.
2538 2659 2557 2693 ι
2593 2642 2727 2708 Kal,
2753 2661 2771 2695 ι
2809 2643 2946 2734 Ἐῇ
2959 2644 3342 2714 ὑποστείληται
3367 2648 3396 2700 6
3427 2646 3662 2712 δίκαιος,

2077 2732 2176 2784 οὑκ
2199 2733 2411 2785 εὐδοκεῖ
2462 2735 2520 2786 ὲν
2549 2732 2698 2804 αὑτῷ
2729 2736 2762 2804 ἡ
2791 2732 2939 2805 ψυχῆ
2976 2752 3102 2804 μου.
3133 2753 3153 2787 ι
3197 2737 3305 2791 Kal
3334 2739 3364 2790 6
3394 2736 3608 2802 Παῦλος
3641 2754 3658 2769 ·

2082 2839 2102 2874 ι
2128 2822 2191 2874 El.
2244 2822 2615 2894 ὑπομένομεν,
2651 2825 2748 2878 καὶ
2795 2825 3328 2904 συμϐασιλεύσομεν.
3355 2847 3377 2882 ν
3418 2830 3530 2882 Kal
3555 2829 3661 2884 πά-

2074 2917 2157 2968 λιν
2185 2929 2200 2945 ·
2238 2933 2258 2966 ι
2297 2915 2613 2987 Ὑπομονῆς
2640 2917 2750 2989 γὰρ
2778 2918 2930 2987 ἔχετε
2979 2921 3189 2990 χρείαν,
3225 2921 3314 2974 ἴνα
3361 2919 3420 2974 τὺ
3449 2921 3660 2993 θέλημα

2073 3003 2170 3056 τοῦ
2207 3003 2342 3057 Θεοῦ
2398 3007 2756 3077 ποιήσαντες,
2783 3008 3054 3080 κομίσητε
3103 3009 3204 3074 τὰς
3261 3011 3655 3079 ἐπαγγελίας.)

386 3101 450 3146 et
496 3093 706 3146 sustine
744 3093 1037 3147 Dominum
1062 3096 1140 3162 ⁵¹;
1184 3097 1527 3151 sustinentes
1571 3099 1719 3152 enim
1782 3101 1972 3156 Domi-

2077 3093 2182 3145 Kal
2210 3095 2238 3146 6
2279 3094 2535 3158 Ἰάκωϐος
2567 3111 2580 3125 ·
2621 3114 2639 3148 ι
2671 3097 2861 3151 Πᾶσαν
2907 3098 3080 3170 χαρὰν
3108 3101 3410 3172 ἡγήσασθε,
3439 3103 3661 3173 ἀδελφοί

393 3198 526 3236 num
555 3183 659 3252 ipsi
688 3184 1100 3239 hatreditabunt
1149 3194 1350 3240 terram
1377 3187 1683 3243 viventium
1706 3191 1772 3244 δ’.
1804 3209 1822 3243 ι
1864 3192 1934 3248 Et
1959 3210 1974 3248 :

400 3289 416 3321 ι
445 3271 566 3326 Νοη
608 3273 1043 3338 conl'undentur,
1098 3276 1194 3342 qui
1251 3285 1576 3345 exspectant
1615 3287 1686 3344 te,
1720 3280 1974 3350 Domine,

387 3361 624 3414 Domine
654 3361 921 3416 virtutum
940 3363 1038 3415 ⁸³.»
1080 3363 1220 3418 Vasa
1245 3363 1396 3417 enim
1433 3363 1580 3434 ﬁguli
1615 3366 1814 3434 probat
1863 3368 1978 3423 for-

379 3468 521 3516 .nax,
555 3460 611 3507 et
656 3453 888 3507 tentatio
923 3453 1172 3508 hominis
1206 3454 1262 3508 in
1302 3455 1736 3525 cogitationibus
1766 3458 1887 3528 ejus
1903 3458 1972 3514 “.

377 3545 486 3600 ’ναι
507 3553 695 3600 autem
736 3545 804 3599 iis
832 3545 928 3614 qui
976 3545 1345 3614 perdiderunt
1371 3545 1584 3618 1149
1622 3549 1968 3618 patientiam.

2079 3200 2203 3253 μου,
2230 3185 2358 3238 ὅταν
2409 3191 2739 3257 πειρασμοῖς
2790 3191 3126 3262 περιπέσητε
3172 3195 3459 3259 ποικίλοις,
3495 3197 3661 3265 γινὼ-

2076 3288 2296 3337 σκοντες
2323 3273 2407 3327 ὅτι
2450 3275 2512 3327 τὸ
2563 3275 2809 3345 δοκίμιον
2855 3276 3009 3348 ὑμῶν
3034 3281 3134 3351 τῆς
3184 3283 3422 3347 πίστεως
3454 3301 3658 3356 κατερο

2071 3363 2300 3431 γάζεται
2361 3365 2682 3434 ὑπομονήνο
2726 3370 2759 3439 ἡ
2813 3369 2872 3421 δὲ
2923 3372 3172 3443 ὑπομονὴ
3228 3373 3390 3444 ἔργον
3449 3376 3660 3430 τέλειον

2072 3454 2263 3524 ὲχέτω.
2289 3474 2308 3507 ι
2351 3457 2463 3510 Καὶ
2495 3457 2714 3528 ἐπάγει·
2758 3477 2777 3510 ι
2804 3461 3089 3532 Μακάριος
3121 3464 3260 3534 ἀνὴρ
3313 3464 3371 3529 ὃς
3394 3466 3659 3536 ὑπομένει

2071 3548 2398 3620 πειρασμὸν,
2426 3550 2510 3603 ὃτι
2538 3549 2759 3619 δόκιμος
2805 3554 3116 3623 γενόμενος,
3139 3555 3373 3626 λήψεται
3406 3559 3496 3611 τὸν
3529 3561 3658 3614 στέ-

394 3635 462 3688 Ει
490 3635 620 3704 quid
656 3635 884 3694 facient.
911 3651 1037 3690 cum
1071 3636 1319 3692 visitabit
1340 3639 1708 3693 Dominus”?
1742 3641 1967 3696 Patien-

2077 3655 2233 3707 φονον
2267 3640 2364 3710 τῆς
2396 3640 2561 3712 ζωῆς.
2591 3661 2610 3694 ι
2661 3644 2718 3696 '0
2751 3644 2809 3698 δὲ
2865 3645 3066 3717 Κύριός
3117 3665 3282 3718 φησιν
3307 3666 3321 3680 ·
3365 3667 3384 3702 ι
3422 3651 3483 3704 Ὀ
3518 3652 3656 3707 ὑπο-

395 3729 470 3782 tia
517 3728 668 3782 enim
710 3743 1010 3797 pauperum
1043 3744 1152 3781 non
1201 3728 1408 3797 peribit
1445 3729 1499 3782 in
1548 3730 1711 3784 tinem
1737 3731 1802 3783 ³⁸.
1826 3751 1844 3782 ι
1877 3732 1972 3786 Ait

2077 3729 2260 3797 μείνας
2281 3730 2360 3794 εἰς
2385 3731 2560 3796 τέλος,
2584 3727 2739 3796 οὗτος
2765 3734 3092 3806 σωθήσεται.
3118 3755 3136 3788 ι
3163 3739 3271 3792 Καὶ
3303 3739 3488 3793 πάλινο
3505 3737 3542 3794 ἰ
3565 3745 3657 3797 Ἐν

390 3827 574 3871 autem
601 3827 658 3871 et
689 3817 999 3888 Sophonias
1030 3834 1042 3870 :
1085 3837 1102 3868 ι
1133 3817 1434 3892 Siqmoram
1469 3819 1677 3882 fecerit,
1713 3830 1969 3889 exspecta

2077 3821 2132 3890 τῇ
2164 3820 2406 3894 ὑπομονῇ
2439 3823 2592 3893 ὑμῶν
2614 3826 2878 3895 κτήσεσθε
2904 3827 3002 3890 τὰς
3039 3827 3218 3898 ψυχὰς
3245 3831 3419 3902 ὑμῶν.
3443 3852 3462 3885 ι
3494 3834 3654 3906 Αὑτῷ

385 3921 520 3963 cum
540 3913 569 3973 ;'
589 3908 718 3977 quia
757 3907 986 3962 veniens
1011 3909 1197 3962 veniet
1229 3919 1286 3963 et
1315 3925 1426 3964 non
1466 3910 1785 3964 tardabit".
1811 3931 1828 3962 ›
1861 3912 1926 3966 Et
1953 3928 1968 3964 :

2077 3915 2101 3983 ἡ
2128 3913 2254 3978 δόξα
2284 3917 2364 3978 εἰς
2394 3918 2522 3979 τοὺς
2545 3917 2766 3982 αίῶνας.
2820 3920 3016 3990 Ἀμήν.

400 4017 416 4050 ι
448 3999 503 4054 Si
532 3999 869 4055 subtraxerit
899 4016 960 4054 se
987 4001 1191 4070 justus.
1226 4018 1334 4057 non
1376 4003 1618 4073 placebit
1644 4005 1697 4059 in
1769 4006 1863 4060 illo
1911 4005 2098 4062 anima
2161 4025 2281 4064 mea
2303 4011 2369 4064 ⁸⁸.
2391 4031 2410 4062 ι
2467 4011 2536 4067 Ει
2558 4011 2758 4068 Paulus
2789 4031 2804 4068 :
2838 4033 2856 4067 ι
2879 4014 2935 4070 Si
2967 4016 3414 4086 sustinuerimus,
3439 4033 3497 4078 et
3521 4039 3650 4077 con-

393 4094 743 4163 regnabimus
761 4096 872 4148 ¹¹⁶.›
945 4093 1210 4149 Rursus:
1275 4116 1292 4148 ι
1342 4098 1615 4153 Patientia
1651 4100 1811 4156 vobis
1858 4103 2172 4157 necessaria
2204 4093 2309 4170 est,
2370 4113 2430 4159 ut
2492 4107 2832 4163 voluntatem
2881 4109 2977 4164 Dei
3035 4111 3303 4168 facientes
3354 4118 3649 4186 reponetis

384 4187 869 4256 promissiones“.
905 4207 922 4239 ι
970 4188 1212 4244 Jacobus
1257 4206 1480 4260 quoque
1511 4209 1530 4245 ε
1596 4193 1807 4251 «Omne
1860 4197 2123 4266 gaudium
2166 4199 2501 4264 existimate,
2571 4201 2774 4259 fratres
2829 4207 2966 4272 mei,
3032 4223 3159 4264 cum
3196 4209 3253 4263 in
3317 4212 3650 4268 tentationes

387 4277 574 4332 varias
613 4277 941 4338 incideritis.
1003 4279 1245 4336 scientes
1315 4282 1465 4350 quod
1512 4283 1768 4353 probatio
1829 4286 2188 4370 ﬁdeivestra:
2244 4289 2572 4359 patientiam
2615 4303 2910 4362 operatur;
2972 4298 3240 4367 patientia
3275 4309 3471 4354 autem
3499 4317 3649 4371 opus

381 4368 697 4436 perfectum
750 4371 951 4424 habeat
974 4372 1040 4424 Μ.
1065 4391 1083 4423 ι
1147 4373 1366 4428 lnducit
1398 4373 1586 4429 idem:
1643 4395 1662 4426 ι
1692 4375 1894 4432 Beatus
1923 4368 1997 4432 vi:
2037 4380 2132 4448 qui
2169 4380 2366 4437 suffert
2410 4383 2793 4451 tentationem,
2853 4389 3142 4456 quoniam,
3211 4405 3336 4444 cum
3384 4368 3650 4461 probatus

376 4455 579 4519 fuerit,
617 4459 847 4529 accipiet
898 4477 1162 4518 coronam
1193 4465 1401 4519 vitai“.
1431 4484 1448 4517 ι
1490 4467 1759 4522 Dominus
1794 4469 1924 4524 item
1954 4488 1968 4524 :
2013 4490 2034 4523 ι
2061 4471 2164 4538 Qui
2200 4475 2532 4530 sustinuerit
2580 4492 2756 4547 usque
2813 4455 3088 4546 inifiuem,
3110 4481 3201 4537 hic
3216 4455 3404 4539 salvus
3419 4485 3642 4541 σῆμ’..

377 4547 590 4602 iterum
623 4565 637 4602 :
683 4568 702 4602 ι
733 4550 793 4605 In
827 4553 1094 4622 patientia
1133 4567 1314 4610 vestra
1361 4558 1716 4626 possidebitis
1755 4562 1967 4618 animas
1997 4575 2214 4622 vestras
2234 4567 2301 4621 “.
2339 4585 2360 4620 ι
2393 4566 2498 4638 Ipsi
2531 4569 2706 4640 gloria
2739 4570 2796 4624 in
2829 4573 3049 4628 saecula.
3077 4573 3275 4632 Amen.

896 4681 1180 4739 HOMILIA
1218 4683 1438 4740 LXXIX
1452 4727 1464 4740 .

1018 4795 1093 4848 De
1130 4813 1320 4868 agone.

447 4901 609 4968 .Agon
632 4903 936 4957 commilito
961 4915 1047 4961 est
1077 4917 1132 4962 et
1166 4925 1398 4965 consors
1429 4903 1965 4981 patientiam-Verius

1919 4697 1921 4700 '
1985 4680 2042 4740 Β

2657 4703 2877 4756 ΛΟΓΟΣ
2929 4703 3049 4760 ΟΘν.

2644 4813 2784 4883 Περὶ
2816 4814 3063 4885 ἀγῶνος.

2149 4917 2206 4970 Ὀ
2247 4918 2417 4986 ἀγὼν,
2471 4924 2883 4996 συστρατιώτης
2942 4931 3091 4982 ἐστὶν
3146 4931 3241 4984 καὶ
3305 4935 3642 5003 συμμέτοχος

377 4993 606 5048 initium
637 5001 722 5049 est
766 5004 822 5050 et
880 4996 1046 5065 ﬁnis;
1096 5015 1162 5055 ac
1218 5017 1388 5071 prope
1435 5003 1694 5070 dixerim,
1727 5004 1964 5073 amplius

2077 5008 2156 5076 ςῆς
2189 5009 2469 5082 ὑπομονῆς
2492 5031 2505 5045 ·
2550 4993 2752 5083 μάλλον
2785 4993 2848 5070 at
2871 5019 3015 5092 ἀρχὴ
3053 5022 3149 5075 καὶ⁸
3189 4993 3491 5085 τέλοςίιίαὶ

371 5085 666 5154 quiddam.
712 5087 867 5144 Adeo
917 5091 1066 5145 enim
1115 5092 1388 5147 alterutra
1426 5094 1656 5151 alterius
1687 5111 1792 5166 ope
1837 5104 1963 5167 eget

381 5191 449 5229 ac
481 5185 671 5231 mutua
699 5184 1052 5251 compagine,
1083 5191 1146 5238 ut
1192 5192 1388 5240 neutra
1425 5186 1609 5255 possit
1637 5187 1728 5242 -ad
1774 5188 1969 5243 victri-

378 5282 506 5322 cem
541 5270 859 5342 pertingere
885 5290 1152 5332 coronam
1187 5277 1306 5333 sine
1354 5294 1453 5334 sua
1500 5295 1780 5350 compare.
1811 5281 1960 5337 Con-

1621 5462 1666 5494 “
1689 5461 1825 5516 ibid.
1854 5463 1940 5517 16.

1281 5529 1325 5561 ⁸³
1358 5531 1500 5585 Psal.
1533 5547 1691 5586 xxxix
1720 5573 1733 5595 ,
1763 5533 1810 5586 1.

465 5450 639 5525 f_‘_l_sa.
659 5470 760 5525 xc,
797 5457 886 5510 51.
963 5458 1008 5489 ι’
1037 5460 1191 5513 Deut.
1227 5475 1343 5519 vm,
1375 5461 1430 5525 2,
1463 5463 1517 5516 5.

387 5521 595 5574 "ibid.
649 5523 702 5576 9.
810 5525 857 5555 “
888 5526 1021 5580 ibid.
1085 5529 1170 5582 10.

389 5739 498 5791 ιιι,
527 5727 592 5780 l9

2051 5465 2098 5496 “
2139 5466 2352 5521 Nabum
2382 5470 2484 5530 t,7.

1923 5534 1969 5566 ⁸⁰
1988 5535 2132 5592 Psal.
2166 5553 2236 5603 ιι,
2275 5538 2361 5591 Η.

467 5589 603 5668 Psal.
629 5607 809 5668 nivi",
837 5596 952 5668 _7.__
979 5598 1045 5668 ’ζ
1067 5597 1236 5652 Eccli.
1293 5584 1456 5668 xxvii.
1484 5584 1544 5655 ϐξ
1613 5584 1659 5632 ⁸⁵
1687 5584 1859 5657 Eccli.
1894 5620 1951 5666 ιι,

2077 5584 2230 5668 ἶς’ᾗὶ

384 5656 759 5750 εις-ὺτληωε.
835 5666 880 5696 η
909 5663 952 5717 n
988 5665 1128 5721 Tim.
1171 5683 1228 5730 u,
1264 5667 1330 5721 te
1425 5656 1975 5736 πηριυωςδθζκ

2077 5656 2332 5742 am
2407 5656 2793 5736 ’σῖ-ιιίέιῖνιέῖ·
2829 5656 3325 5750 οιιιεὲἓζ”χὶἱῖ,”ἷὲῖ

2059 5099 2146 5154 δὺν
2196 5103 2392 5168 εἰπεῖν,
2425 5103 2484 5157 ἓν
2530 5106 2582 5158 τί
2623 5107 2774 5160 ἐστιν
2805 5109 3060 5179 δεόμενον
3107 5112 3211 5182 τῆς
3237 5114 3368 5182 παρ’
3399 5116 3640 5184 ἀλλήλων

2061 5191 2314 5264 βοηθείας
2361 5199 2454 5249 καὶ
2512 5199 2852 5270 συνάρσεως.
2883 5203 3021 5255 Οὐδὲ
3047 5205 3156 5274 γὰρ
3188 5205 3416 5260 δυνατὸν
3448 5209 3639 5276 ἑτέραν

2062 5285 2233 5354 χωρὶς
2267 5285 2500 5357 θατέρας
2534 5292 2968 5363 στεφανωθῆναι.
3007 5295 3376 5366 Ἐναρμονέως
3398 5297 3528 5366 γοῦν
3547 5298 3640 5350 καὶ

2564 5472 2608 5547 ξε
2632 5471 2792 5547 ιξιοον.
2825 5489 2914 5538 xx,
2935 5475 3028 5547 22.
3108 5476 3152 5508 ιε
3177 5477 3218 5530 H
3246 5477 3514 5547 Res-1m.
3582 5479 3636 5547 '1-

2464 5543 2522 5611 "_
2550 5541 2693 5594 Psal.
2747 5558 2889 5609 xxvi,
2925 5545 3010 5598 14.
3121 5549 3164 5579 ⁸²
3191 5539 3355 5600 Ρεειιῖ
3378 5539 3551 5611 xxxvi,
3580 5539 3636 5602 9.

2329 5608 2373 5640 "
2405 5609 2547 5664 Psal.
2591 5626 2664 5676 Ix,
2709 5612 2793 5666 l9.
2905 5614 2950 5645 ⁸⁷
2977 5614 3090 5668 lmo
3122 5616 3403 5680 Habac.u,
3434 5617 3486 5671 5.
3543 5608 3548 5611 ⁷
3594 5617 3638 5650 ⁸⁸

2329 5709 2332 5721 ι
2431 5678 2750 5736 "lbid.12.
2829 5682 3054 5739 “Marc.
3097 5701 3204 5743 xm.
3242 5686 3325 5739 l5.
3427 5687 3470 5718 “
3500 5685 3636 5743 Luc.
