1993 3074
197 170 262 205 16δῦ

721 170 882 202 nonum
901 170 1034 202 Lxx1x.
1047 182 1082 188 —
1097 166 1146 200 DE
1166 159 1307 199 AGONE.

1431 127 1445 143 ε

1745 166 1814 201 1670

194 226 347 258 ἀκολούθως
371 226 521 260 ἔξεύξαμεν
544 226 578 260 τῇ
606 225 728 261 ὑπομονῇ
755 225 803 252 τὸν
817 225 921 260 ἀγῶνα,
938 226 975 252 ὅτι

1031 225 1113 253 cinno
1125 223 1214 260 igitur
1227 223 1325 250 ordine
1345 230 1376 251 ac
1396 221 1494 251 rationi
1505 226 1691 250 consentanea
1703 222 1812 257 patien-

194 273 264 299 κατὰ
289 272 388 303 παντὸς
415 271 518 302 πάθους
541 271 697 298 διαϐολικοῦ
723 271 771 306 τὴν
786 272 864 307 νίκην
879 271 980 305 ἀποφέ-

193 326 297 353 ρονται,
314 316 540 352 συνεπισχύοντος
567 316 614 343 καὶ
637 316 821 351 ἐπαμύνοντος
843 316 889 343 τοῦ
905 317 979 350 ἀγω-

193 362 300 389 νοθέτου
324 362 429 397 Κυρίου
446 361 525 397 ἡμῶν
542 359 630 396 Ἰησοῦ
651 361 780 396 Χριστοῦ.
802 362 831 388 ὐ
847 361 979 395 ἀγωνιζό-

191 415 272 440 μενος
285 406 374 432 πάντα
384 404 604 441 .ὲγκρατεύεται,
620 406 668 432 καὶ
684 406 714 432 οὐ
727 406 856 438 παύεται,
874 406 925 437 ἕως
946 406 979 433 ἂν

189 450 319 487 ἐξαλείψῃ
337 451 437 486 Κύριος
453 451 556 483 πάντας
586 451 649 482 τοὺς
675 451 790 486 ἐχθροὺς
816 452 870 478 ἀπὸ
891 460 977 488 προσ-

189 496 267 523 ώπου
296 496 390 523 αὑτοῦ.
414 496 447 523 Ἠ
470 495 516 523 οὖν
548 496 695 532 ἐγκράτεια
710 496 790 531 διπλῆ
804 497 891 523 ἐστιν.
914 496 978 523 Ἐπὶ

188 542 271 569 τινῶν
287 542 341 577 γὰρ
357 542 398 569 δεῖ
410 534 634 576 ἐγκρατεύεσθαι,
648 541 693 568 ἐπὶ
704 542 784 568 τινῶν
796 542 824 568 δὲ
836 542 866 568 οὺ
877 543 925 569 δεῖ.
942 543 978 569 Τὸ

152 598 156 600 λ
188 588 309 621 πονηρὸν
323 587 376 622 γὰρ
391 587 431 613 δεῖ
446 587 671 622 ὲγκρατεύεσθαι,
685 587 733 613 καὶ
748 587 785 622 μὴ
798 589 886 614 ποιεῖν
900 587 976 617 αὐτό.

187 631 227 659 Τὸ
237 633 266 658 δὲ
281 632 381 666 ἀγαθὸν
394 632 431 668 μὴ
444 633 668 667 ἑγκρατεύεσθαι,
679 633 745 660 ἀλλά
756 634 853 659 ποιεῖν.
862 633 978 667 Ἐγκρά-

186 686 286 704 τευσαι
297 675 342 704 οὖν
353 678 407 704 ἀπὸ
423 678 510 713 πάσης
524 678 666 714 πονηρίας,
676 678 858 714 ἐργαζόμενος
866 679 896 705 τὸ
907 680 977 713 ἀγα-

187 723 254 751 θόν·
270 724 455 760 ὲγκράτευσαι
468 723 522 750 ἀπὸ
533 724 665 759 μοιχείας,
681 723 818 757 πορνείας,
836 724 975 758 μεθύσμα-

186 778 245 803 τος,
258 770 383 804 ἀνομίας,
400 769 453 796 ἀπὸ
481 769 598 804 τρυφῆς,
621 769 675 795 ἀπὸ
704 770 847 804 πονηρίας,
871 770 925 796 ἀπό
948 778 977 796 τε

185 814 345 849 ἐδεσμάτων
357 814 472 845 πολλῶν,
483 815 529 841 καὶ
538 814 843 846 πολυτελείας,πλούτου
854 815 900 841 καὶ
909 823 976 842 καυ-

185 861 305 895 χήσεως,
334 861 558 896 ὑψηλοφροσύνης
570 861 618 888 καὶ
633 861 832 896 ὑπερηφανίας,
848 861 894 887 καὶ
922 860 976 888 ἀπὸ

184 892 409 947 ᾇεύσματοςίκαὶ
421 892 592 938 καταλαλιᾶς
607 892 842 942 καὶὺποκρίσεως,
850 907 897 933 καὶ
906 916 976 943 μνηο
990 892 1014 922 Β

185 950 327 984 σικακίας,
343 951 391 977 καὶ
416 951 507 986 πάσης
531 950 716 987 βλασφημίας,
729 951 895 987 κλέμματος,
907 953 976 980 ἀπο·

185 996 355 1031 στερήσεως.
371 995 619 1032 ψευδομαρτυρίας,
635 997 804 1030 πλεονεξίας,
826 997 976 1032 ἐπιθυμίας

183 1042 320 1075 πονηρᾶς,
337 1041 455 1076 ἀπάτης,
465 1042 629 1074 κενοδοξίας,
653 1041 824 1075 ἀλαζονείας,
853 1043 901 1069 καὶ
925 1043 975 1069 ὅσα

182 1086 293 1117 τούτοις
307 1086 388 1121 ὃμοιά
399 1087 484 1114 ἐστιν.
498 1085 607 1113 Τούτων
616 1086 649 1122 δὴ
663 1086 716 1113 τῶν
725 1086 812 1122 ἔργων
820 1086 861 1113 δεῖ
874 1088 976 1122 ἐγκρα-

182 1131 314 1158 τεύεσοαι
326 1131 371 1157 τὴν
385 1132 538 1166 ἀγωνιστὴν
563 1132 609 1158 κα¹ι
632 1126 724 1159 δοῦλον
739 1131 786 1158 τοῦ
805 1130 883 1159 Θεοῦ.
900 1131 975 1158 Εἰσὶν

181 1176 213 1203 δὲ
230 1176 279 1203 καὶ
294 1176 362 1210 ἔργα
378 1176 469 1211 ἀγαθὰ
483 1176 501 1203 ἃ
513 1176 553 1202 δεῖ
573 1176 740 1212 ἐργάζεσθαι
754 1177 801 1204 καὶ
818 1177 855 1213 μὴ
871 1179 975 1214 ἐγκρα-

181 1221 328 1247 τεύεσθαι·
347 1222 400 1256 πρὸ
428 1221 456 1247 δὲ
481 1222 602 1253 πάντων,
634 1221 736 1254 πίστις,
754 1222 835 1256 φόϐος
860 1223 973 1257 Κυρίου,

182 1267 295 1301 ἀγάπη,
311 1267 433 1301 ὁμόνοια,
450 1267 561 1301 ῥήματα
572 1266 756 1301 δικαιοσύνης,
769 1266 893 1303 ἀλήθεια,
908 1267 975 1294 ὑπο-

184 1311 269 1347 μονὴ,
296 1312 396 1347 χήραις
423 1312 581 1346 ὑπηρετεῖν,
600 1308 743 1347 ορφανοῐδς
762 1313 975 1348 ὑστερουμένους

183 1357 414 1390 ἐπισκέπτεσθαι,
431 1357 460 1389 ἐξ
475 1358 604 1391 ἀναγκῶν
616 1357 779 1393 λυτροῦσθαι
792 1360 854 1390 τοὺς
866 1358 974 1391 δούλους

181 1401 233 1428 τοῦ
251 1401 331 1434 Θεοῦ,
346 1401 484 1436 φιλόξενον
501 1400 582 1434 εἶναι,
603 1402 704 1437 ἥσυχον
715 1422 722 1434 ,
747 1402 915 1438 ἐνδεέστερον
932 1411 974 1438 γε·

182 1448 280 1473 νέσθαι
303 1447 411 1473 πάντων
440 1446 590 1482 ἀνθρώπων
606 1467 614 1478 ,
639 1446 793 1481 πρεσϐύτας
822 1447 949 1474 σέϐεσθαι
965 1467 972 1479 ,

183 1493 283 1519 ἀσκεῖν
303 1491 489 1528 δικαιοσύνην,
509 1492 679 1528 ἀδελφότητα
699 1493 851 1527 συντηρεῖν,
868 1492 973 1527 μακρό-

183 1538 274 1573 θυμον
297 1537 378 1571 εἶναι,
396 1537 577 1573 μνησικακίαν
598 1538 637 1573 μὴ
661 1537 744 1576 ἔχειν,
770 1538 924 1572 κάμνοντας
939 1538 972 1572 τῇ
987 1554 1011 1585 C

182 1584 260 1618 ψυχῇ
277 1583 459 1618 παρακαλεῖν,
483 1583 750 1617 ὲσκανδαλισμένους
776 1583 974 1614 ἀπὸμπίστεως

185 1628 225 1662 μὴ
254 1627 463 1660 amoenum,
486 1627 543 1653 ἀλλ’
570 1627 745 1661 ἐπιστρέφειν
768 1628 815 1653 καὶ
839 1625 975 1661 εὑθύμους

181 1673 287 1703 ποιεῖν,
313 1672 520 1707 ἁμαρτάνοντας
546 1670 692 1703 νουθετεῖν,
708 1670 848 1706 χρεώστας
864 1671 901 1705 μὴ
919 1670 975 1696 ολι-

179 1718 211 1744 6ε
222 1726 246 1743 ιν
261 1717 359 1749 ἐνδεεῖς
370 1725 376 1732 ·
390 1718 436 1743 καὶ
451 1717 478 1743 εῖ
498 1725 559 1743 τινα
573 1717 680 1748 τούτοις
692 1716 773 1751 ὅμοιά
783 1717 867 1743 ἐστιν.
884 1716 976 1742 Ταῦτα

175 1763 244 1797 ’γὰρ
255 1763 302 1789 ἐάν
316 1771 357 1794 τις
382 1762 487 1797 φυλάξῃ
501 1762 548 1789 καὶ
577 1762 615 1797 μὴ
633 1761 850 1797 ὲγκρατεύσηται
861 1762 909 1788 ἀπ’
926 1762 975 1788 αὐ-

176 1808 254 1839 τῶν,
278 1808 390 1842 ζήσεται
415 1807 453 1843 τῷ
474 1807 543 1842 Θεῷ.
570 1806 631 1841 Χρὴ
652 1806 680 1832 δὲ
695 1806 740 1832 τδν
763 1807 914 1841 ἀγωνιστὴν
928 1806 973 1833 καῖ

178 1853 316 1887 ἐκτήκειν
342 1852 386 1879 τὸν
412 1852 557 1879 ἀντίπαλον
583 1852 612 1877 ὲν
640 1852 673 1886 τῇ
693 1851 790 1877 ἑαυτοῦ
818 1852 911 1886 σαρκὶ,
929 1852 972 1877 ἵνα

181 1899 229 1935 μὴ
242 1898 285 1924 διὰ
309 1898 358 1932 τῆς
372 1899 520 1933 ὑγρότητος
532 1897 672 1934 ὀλισθαίνῃ
688 1898 702 1923 ὁ
717 1896 779 1928 νοῦς
802 1897 842 1928 είς
857 1897 888 1923 τὸ
901 1897 972 1923 λεῖον

179 1944 243 1971 τῶν
260 1943 371 1977 ἡδονῶν,
385 1944 459 1976 ὅπως
474 1944 488 1970 ὁ
503 1944 565 1976 νοῦς
574 1945 628 1971 τῶν
641 1944 848 1980 ἀγωνιζομένων
862 1944 913 1971 ὑπὸ
926 1944 972 1971 τοῦ

180 1988 263 2014 θείου
281 1988 369 2022 φωτὸς
391 1990 547 2024 ὲνεργῆται,
564 1990 610 2015 καὶ
633 1989 672 2025 τῷ
689 1989 752 2024 θείῳ
768 1989 842 2025 νόμῳ
857 1989 970 2025 δουλεύῃ

180 2033 237 2060 καὶ
251 2033 409 2068 συνηδηται,
425 2033 495 2060 κατὰ
507 2034 552 2060 τὸν
573 2033 744 2061 Ἀπόστολον.

1031 271 1074 299 tiae
1086 268 1288 298 connexuimus
1309 276 1433 304 agonem.
1453 269 1573 302 Utraque
1593 268 1667 295 enim
1694 268 1812 295 Domino

1029 321 1126 343 nostro
1140 316 1206 343 Jcsu
1229 315 1342 342 Christo
1366 314 1425 349 (qui
1440 313 1593 348 spiritualis
1609 313 1741 348 palaestra:
1765 317 1811 340 to-

1030 361 1084 388 tius
1106 360 1285 396 agonothetes
1312 361 1365 394 est)
1389 359 1462 387 vires
1490 363 1653 394 suggerente
1667 367 1699 385 ac
1714 362 1811 393 prote-

1026 411 1120 442 gente,
1132 407 1281 441 palmarem
1303 406 1446 432 victoriam
1462 408 1585 439 reportat
1602 404 1734 431 adversus
1748 412 1811 431 om-

1028 459 1091 478 nem
1105 451 1247 478 diabolicae
1259 451 1474 486 perturbationis
1488 451 1635 477 violentam
1652 450 1810 484 impressio-

1028 504 1101 523 nem.
1117 496 1168 529 Qui
1185 497 1212 523 in
1227 504 1312 531 agone
1324 495 1478 527 contendit.
1497 495 1531 522 ab
1555 495 1686 522 omnibus
1699 503 1728 522 se
1745 496 1810 523 abs-

1028 541 1107 572 tinet,
1121 548 1172 567 nec
1190 541 1380 575 interquiescit
1401 540 1489 567 donec
1509 540 1634 567 inimicos
1649 540 1811 567 remoliatur

1028 591 1056 613 et
1074 586 1182 613 abolcat
1205 594 1221 613 a
1243 586 1312 613 facie
1337 593 1396 613 sua.
1422 586 1493 613 Sane
1513 587 1691 620 temperantia
1709 585 1810 620 duplex

1028 635 1080 658 est.
1103 631 1232 664 Quaedam
1248 631 1322 658 enim
1340 635 1404 658 sunt
1419 639 1435 658 ιι
1454 631 1555 665 quibus
1575 639 1688 658 necesse
1709 631 1744 658 sit
1760 631 1810 659 tibi

1028 681 1059 704 ut
1071 681 1216 711 temperes,
1227 677 1279 703 alia
1296 677 1361 703 item
1377 681 1441 703 sunt
1454 684 1515 711 quae
1534 684 1603 711 opus
1623 677 1659 703 sit
1683 681 1713 704 ut
1734 685 1810 705 exse-

1027 723 1133 758 quaris.
1148 722 1188 750 Ab
1203 723 1387 758 improbitate,
1403 730 1493 757 operae
1508 723 1543 749 sit
1559 723 1677 757 pretium
1693 728 1723 751 ut
1743 723 1808 751 abs-

1027 768 1125 800 tineas,
1150 776 1201 795 nec
1227 768 1338 803 expleas
1361 776 1444 802 opere
1469 776 1475 794 :
1501 773 1607 800 contra,
1633 768 1668 795 ab
1685 776 1718 796 eo
1734 769 1808 803 quod

1027 813 1129 840 bonum
1156 817 1198 840 est
1222 818 1250 841 et
1276 814 1423 846 honestum
1448 822 1544 841 manus
1572 822 1607 841 ne
1640 815 1807 847 contrahito,

1028 858 1114 893 magis
1130 862 1221 885 autem
1243 866 1291 885 eas
1317 858 1361 886 fac
1382 859 1573 886 accommodes
1594 859 1640 893 pio
1661 860 1749 894 operi.
1767 859 1807 886 Ab

1027 904 1103 931 omni
1119 905 1204 940 igitur
1218 904 1322 931 malitia
1349 912 1447 931 manus
1470 905 1598 931 amolitor
1618 905 1734 933 honesto
1747 905 1809 937 cuj-

1025 950 1099 985 piam
1114 949 1191 984 operi
1208 954 1339 977 attentus.
1358 950 1411 977 Fac
1431 950 1574 977 contineas
1599 951 1633 977 ab
1660 951 1807 983 adulterio,

1026 990 1255 1026 a‘fornicatione,
1280 995 1315 1022 ab
1332 994 1476 1027 ebrietate,
1490 996 1525 1023 ab
1540 996 1684 1031 iniquitate
1695 1001 1724 1024 et
1741 996 1809 1031 legis

1027 1041 1256 1076 transgressione,
1270 1049 1285 1067 a
1302 1041 1403 1076 geniali
1426 1041 1493 1069 luxu
1505 1042 1676 1073 deliciarum,
1691 1042 1726 1069 ab
1738 1043 1810 1071 edu-

1025 1085 1127 1112 liorum
1156 1085 1337 1113 immoderata
1357 1086 1445 1121 copia.
1471 1087 1506 1113 ab
1530 1087 1675 1115 immodico
1703 1093 1809 1122 quaestu

1024 1129 1196 1163 divitiarum,
1212 1130 1246 1157 ab
1267 1131 1412 1166 impotenti
1432 1133 1575 1167 jactantia,
1591 1141 1626 1159 ne
1641 1133 1707 1167 quid
1731 1134 1765 1161 de
1782 1138 1809 1161 te

1025 1175 1146 1203 senseris
1181 1175 1339 1208 sublimius,
1367 1184 1401 1203 ne
1423 1185 1473 1212 per
1495 1178 1654 1212 superbiam
1680 1179 1808 1207 evehere.

1024 1219 1139 1249 Abstine
1161 1229 1176 1248 a
1196 1221 1352 1255 mendacio,
1377 1222 1559 1255 detractione,
1583 1223 1731 1258 hypocrisi.
1754 1224 1809 1252 Ac-

1024 1270 1110 1301 cepta:
1132 1266 1241 1302 injuriae
1273 1274 1379 1294 memor
1402 1275 1436 1294 ne
1460 1272 1530 1295 esto.
1558 1264 1678 1297 Provide
1702 1269 1751 1296 tibi
1779 1274 1810 1296 ut

1026 1313 1161 1346 temperes
1185 1311 1220 1338 ab
1241 1312 1316 1338 omni
1340 1311 1522 1346 blasphemia,
1540 1320 1555 1339 a
1573 1312 1658 1345 furto,
1673 1321 1688 1341 a
1700 1319 1808 1341 vetera-

1025 1357 1095 1384 toria
1121 1357 1228 1390 fraude,
1249 1358 1318 1385 falso
1343 1358 1511 1391 testimonio,
1529 1359 1657 1390 avaritia,
1675 1360 1809 1395 concupi-

1024 1403 1129 1430 scentia
1150 1404 1231 1435 mala,
1260 1403 1413 1438 impostura
1442 1408 1469 1430 et
1503 1404 1748 1437 circumventione,
1775 1405 1809 1432 ab

1024 1448 1115 1475 inanis
1132 1448 1225 1483 gloria
1251 1449 1385 1482 appetitu,
1401 1453 1429 1476 et
1454 1449 1624 1484 arrogantia,
1639 1450 1757 1484 denique
1774 1451 1809 1478 ab

1025 1492 1059 1520 iis
1083 1500 1253 1528 quaecunque
1277 1493 1376 1521 borum
1399 1498 1463 1521 sunt
1485 1503 1616 1529 perquam
1641 1495 1751 1523 similia.
1767 1496 1809 1523 Ab

1026 1539 1086 1566 istis
1101 1538 1184 1574 igitur
1202 1539 1335 1573 operibus
1360 1539 1486 1574 quisquis
1501 1548 1541 1572 es,
1560 1548 1576 1567 ο
1589 1548 1668 1568 serve
1682 1541 1741 1574 Dei,
1760 1542 1808 1576 qui

1024 1582 1175 1617 spiritualis
1190 1582 1253 1609 vita:
1272 1582 1431 1617 aggrederis
1448 1589 1598 1614 certamen.
1613 1582 1701 1612 modis
1717 1586 1809 1612 omni~

1023 1627 1074 1654 bus
1092 1626 1300 1661 temperandum
1328 1635 1438 1654 censeo.
1457 1628 1565 1663 1150
1582 1628 1652 1655 Sunt
1667 1635 1763 1656 contra
1781 1634 1809 1657 ct

1023 1672 1096 1701 bona
1110 1681 1195 1707 opera
1209 1681 1270 1707 qua:
1287 1677 1317 1700 ut
1332 1674 1465 1707 opereris,
1486 1682 1598 1701 necesse
1610 1675 1656 1707 sit,
1671 1683 1725 1702 non
1741 1678 1807 1704 item

1024 1723 1055 1745 ut
1077 1719 1111 1745 ab
1138 1718 1178 1745 eis
1203 1718 1355 1745 contineas.
1380 1717 1508 1744 Omnium
1536 1719 1657 1753 primum
1673 1720 1740 1748 ﬁdes
1754 1726 1807 1754 est,

1027 1763 1128 1790 deinde
1145 1763 1226 1790 timor
1240 1763 1360 1792 Domini,
1386 1763 1516 1796 cbaritas,
1533 1764 1679 1792 concordia
1700 1766 1806 1793 animo-

1026 1816 1098 1839 rum.
1113 1809 1199 1836 verba
1214 1809 1339 1843 iustitiae,
1358 1808 1470 1839 veritas,
1493 1810 1635 1843 patientia,
1651 1811 1808 1839 subservire

1025 1853 1127 1885 viduis,
1145 1853 1265 1888 pupillos
1279 1853 1377 1880 solatio
1392 1853 1538 1882 destitutos
1562 1860 1706 1889 parentum
1723 1857 1809 1884 inter-

1024 1898 1125 1930 visere,
1150 1906 1244 1925 servos
1270 1898 1316 1925 Dei
1343 1898 1440 1933 quavis
1470 1899 1634 1927 necessitate
1663 1908 1810 1935 oppressos

1024 1942 1160 1970 extricare
1181 1950 1214 1969 ac
1237 1942 1383 1975 redimere,
1397 1943 1517 1978 hospitio
1533 1945 1661 1979 excipere
1687 1947 1812 1981 peregri-

1024 1997 1086 2021 nos,
1111 1996 1172 2016 esse
1198 1989 1353 2023 requietum
1380 1993 1408 2016 et
1436 1989 1614 2022 taciturnum,
1628 1995 1767 2025 postremo
1781 1997 1811 2020 ut

1025 2034 1060 2061 de
1085 2034 1215 2060 omnibus
1239 2033 1266 2060 in
1288 2040 1432 2060 commune
1455 2033 1526 2061 bene
1559 2035 1699 2067 mercaris,
1731 2043 1811 2064 senes

181 2084 340 2112 reveretor,
363 2080 499 2115 justitiam
538 2086 693 2114 excerceto,
717 2081 864 2109 fraternam
903 2086 1066 2109 conservato
1094 2081 1283 2108 dilectionem.
1317 2081 1512 2116 Longanimem
1541 2082 1670 2109 convenit
1690 2090 1750 2110 esse
1784 2087 1811 2111 te

181 2132 220 2152 ac
240 2125 412 2157 tolerantem,
427 2126 531 2154 nullius
545 2135 561 2154 a
579 2127 707 2162 quopiam
728 2133 847 2163 acceptae
859 2128 967 2164 injuria
985 2128 1157 2160 memineris,
1171 2128 1214 2155 fac
1241 2135 1289 2154 eos
1309 2128 1460 2154 consoleris
1486 2127 1534 2162 qui
1567 2129 1660 2155 animo
1675 2128 1811 2156 afflictan-

183 2174 235 2197 tur
248 2175 276 2197 et
291 2171 426 2209 laborant.
444 2173 496 2206 Qui
508 2173 661 2200 etiamnum
682 2174 709 2201 in
744 2174 798 2201 ﬁde
830 2174 935 2201 harent
965 2174 1088 2209 perplexi
1102 2178 1129 2201 et
1147 2173 1267 2201 scaudali
1286 2174 1426 2209 quidpiam
1446 2174 1585 2206 adierunt,
1606 2175 1657 2202 hos
1681 2183 1716 2202 ne
1739 2175 1810 2210 abji-

184 2215 256 2247 cito,
273 2216 359 2250 magis
384 2220 476 2244 autem
496 2217 631 2250 adnitere,
658 2217 686 2245 iu
711 2218 781 2246 viam
805 2223 835 2246 ut
857 2219 971 2245 redeant
1004 2218 1079 2251 ﬁdei,
1102 2218 1229 2252 bonoque
1256 2218 1312 2245 sint
1333 2223 1361 2246 et
1392 2219 1477 2246 alacri
1504 2219 1537 2246 ad
1560 2219 1641 2247 ﬁdetn
1658 2219 1761 2247 animo.
1777 2220 1808 2247 lu

182 2269 299 2290 errores
314 2262 410 2290 devios
429 2264 476 2298 qui
497 2265 665 2299 exorbitant,
682 2269 729 2293 tuo
744 2266 855 2294 hortatu
887 2270 915 2293 et
939 2266 1054 2294 consilio
1088 2266 1122 2293 ad
1152 2266 1346 2293 rectitudincm
1369 2274 1476 2294 revoca.
1492 2267 1590 2294 Debito
1614 2268 1742 2301 quopiam
1764 2268 1810 2294 Oi)-

185 2307 302 2335 strictos
324 2307 389 2346 tibi,
406 2308 498 2344 inopia
517 2311 540 2338 si
555 2316 729 2346 premuntur,
761 2319 796 2338 ne
813 2311 948 2345 afﬂictes;
964 2316 991 2339 et
1010 2312 1031 2339 si
1054 2319 1107 2346 qua
1132 2311 1174 2338 his
1209 2311 1329 2338 conﬁnia
1356 2315 1430 2339 sunt.
1457 2312 1553 2340 istbaec
1575 2321 1656 2347 opera
1685 2314 1811 2347 quisquis

187 2354 245 2382 rite
268 2355 464 2390 observaverit,
484 2366 540 2385 non
565 2359 630 2386 item
651 2360 686 2387 ab
709 2359 843 2395 ejusmodi
871 2367 970 2387 manus
996 2359 1166 2386 contraxerit
1183 2367 1232 2394 per
1256 2359 1409 2387 socordiam
1436 2368 1469 2387 ac
1488 2360 1622 2388 lentorem
1644 2360 1738 2393 animi,
1752 2362 1807 2388 uti-

186 2408 245 2435 que
258 2402 332 2430 vivet
350 2403 416 2430 Deo.
430 2403 504 2439 Opus
518 2405 551 2431 ad
566 2405 624 2433 haec
638 2406 740 2439 fuerit,
752 2411 783 2433 ut
797 2406 844 2441 qui
876 2406 904 2433 in
925 2405 1060 2441 spirituali
1082 2412 1169 2440 agone
1188 2405 1323 2437 decertat,
1340 2413 1420 2432 suum
1436 2410 1555 2433 maceret
1584 2411 1611 2432 et
1645 2407 1707 2433 tabe
1726 2407 1808 2433 conli-

186 2446 245 2473 ciat
265 2447 451 2475 adversarium
473 2449 502 2476 iu
526 2457 607 2478 carne
623 2451 734 2486 propria
752 2451 971 2484 delitescentem,
991 2459 1026 2478 ne
1045 2450 1162 2477 humore
1195 2450 1340 2478 exsudanti
1364 2451 1536 2486 periclitetur
1564 2459 1652 2484 mens,
1674 2457 1702 2479 et
1715 2453 1809 2479 conci~

188 2492 239 2518 dat
253 2499 375 2527 przeceps
390 2493 418 2520 in
431 2493 546 2521 livorem
574 2503 606 2522 ac
622 2495 763 2530 planitiem
785 2496 899 2523 illicium
919 2497 1104 2531 voluptatum,
1134 2503 1189 2530 quo
1208 2503 1286 2523 mens
1318 2497 1375 2531 ipsa
1401 2496 1570 2531 spiritualem
1591 2505 1704 2532 agonem
1734 2498 1812 2524 susti.

184 2537 324 2571 nentium,
342 2538 476 2566 illustrata
489 2540 576 2568 divini
598 2541 709 2569 luminis
729 2542 884 2577 splendore,
896 2541 1032 2570 eﬁicacius
1051 2545 1192 2577 operetur,
1202 2541 1255 2577 legi
1267 2542 1458 2575 Deiserviatet
1471 2542 1675 2570 condelectetur
1688 2542 1720 2572 °',
1734 2542 1812 2576 juxla

184 2583 310 2618 Apostoli
326 2585 499 2613 sententiam.

224 2630 270 2656 Δεῖ
293 2627 340 2656 οὖν
365 2632 527 2666 εὐτρεπίσαι
551 2632 596 2659 τὸν
610 2632 672 2660 νοῦν
689 2633 736 2660 καὶ
755 2633 906 2669 μετῳκίσαι
923 2632 972 2668 τὴν

1061 2631 1115 2659 Sed
1142 2637 1171 2660 et
1194 2633 1290 2660 eadem
1308 2627 1466 2660 adornanda
1492 2631 1568 2658 venit
1587 2635 1615 2659 et
1638 2631 1810 2658 immutanda

187 2674 320 2707 διάνοιαν,
348 2677 394 2702 καὶ
414 2677 573 2712 ὑπερκῦψαι
598 2678 644 2704 τὸν
667 2678 790 2713 οὐρανὸν,
817 2678 864 2705 καὶ
883 2678 973 2712 πάσης

1026 2677 1110 2705 animi
1135 2679 1275 2713 cogitatio,
1289 2683 1318 2705 et
1334 2678 1368 2705 ad
1387 2678 1487 2705 cwlum
1511 2684 1596 2711 usque
1621 2677 1810 2704 transcriben-

186 2720 307 2751 κτίσεως
317 2721 446 2756 ὑπεράνω
462 2731 513 2749 που
529 2724 668 2757 γενέσθαι,
681 2725 729 2750 καὶ
740 2724 866 2759 διαπύρῳ
879 2723 972 2749 ὲπιθυ‹

189 2766 250 2801 μιᾳ,
265 2767 468 2804 ἀκαταπαύστῳ
483 2770 516 2804 τῇ
534 2770 637 2805 διανοίᾳ
658 2770 727 2805 πρὸς
750 2771 841 2798 ἐκεῖνα
856 2768 971 2805 προσδε-

230 2844 250 2860 ³¹
266 2844 344 2871 Rom.
355 2852 400 2878 vn,
415 2845 461 2872 22.

1026 2723 1060 2750 da
1080 2728 1121 2750 est
1145 2727 1173 2750 et
1196 2724 1356 2755 attollenda,
1369 2729 1507 2757 supraque
1519 2730 1628 2750 omnem
1654 2727 1810 2750 creaturam

1027 2769 1057 2797 in
1082 2769 1200 2797 sublime
1229 2772 1270 2796 est
1294 2769 1443 2804 erigendus
1473 2768 1581 2796 animus
1596 2789 1603 2801 ,
1627 2772 1655 2796 et
1684 2768 1809 2804 ﬂagranti
