  <div class='ocr_page' id='page_1' title='image "/cluster/home/n/w/nwhite01/storage/ocr_20150623/89/mdp.39015008868328/863.png"; bbox 0 0 3986 6148; ppageno 0'>
   <div class='ocr_carea' id='block_1_1' title="bbox 437 342 604 410">
    <p class='ocr_par' dir='ltr' id='par_1_1' title="bbox 437 342 604 410">
     <span class='ocr_line' id='line_1_1' title="bbox 437 342 604 410; baseline -0.024 0"><span class='ocrx_word' id='word_1_1' title='bbox 437 393 440 396; x_wconf 93' lang='grc'><strong><em>-</em></strong></span> <span class='ocrx_word' id='word_1_2' title='bbox 474 342 604 410; x_wconf 75' lang='lat' dir='ltr'><strong>167i</strong></span> 
     </span>
    </p>
   </div>
   <div class='ocr_carea' id='block_1_2' title="bbox 1737 333 2483 406">
    <p class='ocr_par' dir='ltr' id='par_1_2' title="bbox 1737 333 2483 406">
     <span class='ocr_line' id='line_1_2' title="bbox 1737 333 2483 406; baseline 0.012 -7"><span class='ocrx_word' id='word_1_3' title='bbox 1737 337 2099 400; x_wconf 77' lang='lat' dir='ltr'><strong>ANTIOCHI</strong></span> <span class='ocrx_word' id='word_1_4' title='bbox 2140 333 2483 406; x_wconf 64' lang='lat' dir='ltr'><strong>nomen:</strong></span> 
     </span>
    </p>
   </div>
   <div class='ocr_carea' id='block_1_3' title="bbox 3575 351 3688 418">
    <p class='ocr_par' dir='ltr' id='par_1_3' title="bbox 3575 351 3688 418">
     <span class='ocr_line' id='line_1_3' title="bbox 3575 351 3688 418; baseline 0.035 -4"><span class='ocrx_word' id='word_1_5' title='bbox 3575 351 3688 418; x_wconf 70' lang='lat'><strong>1672</strong></span> 
     </span>
    </p>
   </div>
   <div class='ocr_carea' id='block_1_4' title="bbox 472 447 2057 524">
    <p class='ocr_par' dir='ltr' id='par_1_4' title="bbox 472 447 2045 520">
     <span class='ocr_line' id='line_1_4' title="bbox 472 447 2045 520; baseline -0.006 -9"><span class='ocrx_word' id='word_1_6' title='bbox 472 453 787 515; x_wconf 90' lang='lat' dir='ltr'><strong>desiderio,</strong></span> <span class='ocrx_word' id='word_1_7' title='bbox 831 449 1130 520; x_wconf 69' lang='lat' dir='ltr'><strong>irnquieta</strong></span> <span class='ocrx_word' id='word_1_8' title='bbox 1201 457 1366 516; x_wconf 84' lang='lat' dir='ltr'><strong>atque</strong></span> <span class='ocrx_word' id='word_1_9' title='bbox 1431 449 1645 518; x_wconf 90' lang='lat' dir='ltr'><strong>perpeti</strong></span> <span class='ocrx_word' id='word_1_10' title='bbox 1713 447 2045 517; x_wconf 77' lang='lat' dir='ltr'><strong>cogitatione</strong></span> 
     </span>
    </p>
   </div>
   <div class='ocr_carea' id='block_1_5' title="bbox 2158 447 3690 524">
    <p class='ocr_par' dir='ltr' id='par_1_5' title="bbox 2158 447 3690 524">
     <span class='ocr_line' id='line_1_5' title="bbox 2158 447 3690 524; baseline 0.011 -24"><span class='ocrx_word' id='word_1_11' title='bbox 2158 447 2332 501; x_wconf 72' lang='grc' dir='ltr'>δέσθαι</span> <span class='ocrx_word' id='word_1_12' title='bbox 2367 450 2400 503; x_wconf 81' lang='grc' dir='ltr'>ἃ</span> <span class='ocrx_word' id='word_1_13' title='bbox 2427 452 2521 504; x_wconf 77' lang='grc' dir='ltr'>καὶ</span> <span class='ocrx_word' id='word_1_14' title='bbox 2543 453 2590 504; x_wconf 92' lang='grc' dir='ltr'>οἱ</span> <span class='ocrx_word' id='word_1_15' title='bbox 2613 451 2857 523; x_wconf 64' lang='grc' dir='ltr'>ἀληθινοὶ</span> <span class='ocrx_word' id='word_1_16' title='bbox 2895 453 3197 521; x_wconf 77' lang='grc' dir='ltr'>ἀγωνισταὶ</span> <span class='ocrx_word' id='word_1_17' title='bbox 3223 455 3453 524; x_wconf 78' lang='grc' dir='ltr'>ἔδειξαν,</span> <span class='ocrx_word' id='word_1_18' title='bbox 3487 461 3574 514; x_wconf 70' lang='grc' dir='ltr'>καὶ</span> <span class='ocrx_word' id='word_1_19' title='bbox 3597 465 3690 518; x_wconf 69' lang='lat' dir='ltr'><strong>tae-</strong></span> 
     </span>
    </p>
   </div>
   <div class='ocr_carea' id='block_1_6' title="bbox 471 538 2049 615">
    <p class='ocr_par' dir='ltr' id='par_1_6' title="bbox 471 538 2049 615">
     <span class='ocr_line' id='line_1_6' title="bbox 471 538 2049 615; baseline -0.005 -16"><span class='ocrx_word' id='word_1_20' title='bbox 471 560 575 615; x_wconf 87' lang='lat' dir='ltr'><strong>par</strong></span> <span class='ocrx_word' id='word_1_21' title='bbox 611 552 696 598; x_wconf 87' lang='lat' dir='ltr'><strong>est</strong></span> <span class='ocrx_word' id='word_1_22' title='bbox 743 549 801 594; x_wconf 91' lang='lat' dir='ltr'><strong>ut</strong></span> <span class='ocrx_word' id='word_1_23' title='bbox 846 541 1187 594; x_wconf 76' lang='lat' dir='ltr'><strong>adhaerescat</strong></span> <span class='ocrx_word' id='word_1_24' title='bbox 1236 547 1291 591; x_wconf 95' lang='lat' dir='ltr'><strong>et</strong></span> <span class='ocrx_word' id='word_1_25' title='bbox 1351 538 1684 608; x_wconf 89' lang='lat' dir='ltr'><strong>astringatur</strong></span> <span class='ocrx_word' id='word_1_26' title='bbox 1744 539 2049 606; x_wconf 56' lang='lat' dir='ltr'><strong>praeceptis,</strong></span> 
     </span>
    </p>
   </div>
   <div class='ocr_carea' id='block_1_7' title="bbox 474 631 2049 705">
    <p class='ocr_par' dir='ltr' id='par_1_7' title="bbox 474 631 2049 705">
     <span class='ocr_line' id='line_1_7' title="bbox 474 631 2049 705; baseline -0.004 -15"><span class='ocrx_word' id='word_1_27' title='bbox 474 651 597 705; x_wconf 75' lang='lat' dir='ltr'><strong>quae</strong></span> <span class='ocrx_word' id='word_1_28' title='bbox 644 633 904 705; x_wconf 64' lang='lat' dir='ltr'><strong>agonistaa</strong></span> <span class='ocrx_word' id='word_1_29' title='bbox 960 631 1037 684; x_wconf 87' lang='lat' dir='ltr'><strong>illi</strong></span> <span class='ocrx_word' id='word_1_30' title='bbox 1092 645 1313 684; x_wconf 83' lang='lat' dir='ltr'><strong>veraces</strong></span> <span class='ocrx_word' id='word_1_31' title='bbox 1363 645 1527 699; x_wconf 85' lang='lat' dir='ltr'><strong>opere</strong></span> <span class='ocrx_word' id='word_1_32' title='bbox 1586 631 1702 700; x_wconf 91' lang='lat' dir='ltr'><strong>ipso</strong></span> <span class='ocrx_word' id='word_1_33' title='bbox 1749 645 2049 699; x_wconf 53' lang='lat' dir='ltr'><strong>repraesen-</strong></span> 
     </span>
    </p>
   </div>
   <div class='ocr_carea' id='block_1_8' title="bbox 474 723 2048 793">
    <p class='ocr_par' dir='ltr' id='par_1_8' title="bbox 474 723 2048 793">
     <span class='ocr_line' id='line_1_8' title="bbox 474 723 2048 793; baseline -0.004 -11"><span class='ocrx_word' id='word_1_34' title='bbox 474 735 680 792; x_wconf 89' lang='lat' dir='ltr'><strong>tarunt,</strong></span> <span class='ocrx_word' id='word_1_35' title='bbox 752 739 962 793; x_wconf 88' lang='lat' dir='ltr'><strong>suaque</strong></span> <span class='ocrx_word' id='word_1_36' title='bbox 1006 725 1281 778; x_wconf 84' lang='lat' dir='ltr'><strong>sententia</strong></span> <span class='ocrx_word' id='word_1_37' title='bbox 1337 732 1633 778; x_wconf 81' lang='lat' dir='ltr'><strong>sanxerunt</strong></span> <span class='ocrx_word' id='word_1_38' title='bbox 1700 723 1806 792; x_wconf 89' lang='lat' dir='ltr'><strong>piis</strong></span> <span class='ocrx_word' id='word_1_39' title='bbox 1856 723 2048 777; x_wconf 88' lang='lat' dir='ltr'><strong>obser-</strong></span> 
     </span>
    </p>
   </div>
   <div class='ocr_carea' id='block_1_9' title="bbox 471 815 2048 886">
    <p class='ocr_par' dir='ltr' id='par_1_9' title="bbox 471 815 2048 886">
     <span class='ocr_line' id='line_1_9' title="bbox 471 815 2048 886; baseline -0.003 -13"><span class='ocrx_word' id='word_1_40' title='bbox 471 819 674 882; x_wconf 80' lang='lat' dir='ltr'><strong>vanda,</strong></span> <span class='ocrx_word' id='word_1_41' title='bbox 722 817 854 871; x_wconf 93' lang='lat' dir='ltr'><strong>dum</strong></span> <span class='ocrx_word' id='word_1_42' title='bbox 905 832 962 870; x_wconf 88' lang='lat' dir='ltr'><strong>se</strong></span> <span class='ocrx_word' id='word_1_43' title='bbox 1006 831 1178 886; x_wconf 83' lang='lat' dir='ltr'><strong>agone</strong></span> <span class='ocrx_word' id='word_1_44' title='bbox 1237 815 1510 884; x_wconf 90' lang='lat' dir='ltr'><strong>spirituali</strong></span> <span class='ocrx_word' id='word_1_45' title='bbox 1579 824 1916 869; x_wconf 85' lang='lat' dir='ltr'><strong>exercerent.</strong></span> <span class='ocrx_word' id='word_1_46' title='bbox 1965 815 2048 870; x_wconf 86' lang='lat' dir='ltr'><strong>Illi</strong></span> 
     </span>
    </p>
   </div>
   <div class='ocr_carea' id='block_1_10' title="bbox 474 910 2050 978">
    <p class='ocr_par' dir='ltr' id='par_1_10' title="bbox 474 910 2050 978">
     <span class='ocr_line' id='line_1_10' title="bbox 474 910 2050 978; baseline -0.004 -12"><span class='ocrx_word' id='word_1_47' title='bbox 474 913 621 966; x_wconf 90' lang='lat' dir='ltr'><strong>enim</strong></span> <span class='ocrx_word' id='word_1_48' title='bbox 685 912 902 966; x_wconf 87' lang='lat' dir='ltr'><strong>eminus</strong></span> <span class='ocrx_word' id='word_1_49' title='bbox 959 921 1018 964; x_wconf 90' lang='lat' dir='ltr'><strong>et</strong></span> <span class='ocrx_word' id='word_1_50' title='bbox 1065 925 1094 963; x_wconf 94' lang='lat' dir='ltr'><strong>e</strong></span> <span class='ocrx_word' id='word_1_51' title='bbox 1173 910 1476 978; x_wconf 79' lang='lat' dir='ltr'><strong>longinquo</strong></span> <span class='ocrx_word' id='word_1_52' title='bbox 1552 915 1882 977; x_wconf 90' lang='lat' dir='ltr'><strong>prospectu,</strong></span> <span class='ocrx_word' id='word_1_53' title='bbox 1952 923 2050 976; x_wconf 91' lang='lat' dir='ltr'><strong>per</strong></span> 
     </span>
    </p>
   </div>
   <div class='ocr_carea' id='block_1_11' title="bbox 475 997 2051 1070">
    <p class='ocr_par' dir='ltr' id='par_1_11' title="bbox 475 997 2051 1070">
     <span class='ocr_line' id='line_1_11' title="bbox 475 997 2051 1070; baseline -0.003 -14"><span class='ocrx_word' id='word_1_54' title='bbox 475 1002 640 1056; x_wconf 82' lang='lat' dir='ltr'><strong>ﬁdem</strong></span> <span class='ocrx_word' id='word_1_55' title='bbox 717 1002 1071 1070; x_wconf 85' lang='lat' dir='ltr'><strong>contemplati</strong></span> <span class='ocrx_word' id='word_1_56' title='bbox 1143 1000 1570 1069; x_wconf 88' lang='lat' dir='ltr'><strong>promissiones,</strong></span> <span class='ocrx_word' id='word_1_57' title='bbox 1637 999 1844 1052; x_wconf 78' lang='lat' dir='ltr'><strong>nullam</strong></span> <span class='ocrx_word' id='word_1_58' title='bbox 1914 997 2051 1052; x_wconf 80' lang='lat' dir='ltr'><strong>afﬂi-</strong></span> 
     </span>
    </p>
   </div>
   <div class='ocr_carea' id='block_1_12' title="bbox 476 1091 2053 1161">
    <p class='ocr_par' dir='ltr' id='par_1_12' title="bbox 476 1091 2053 1161">
     <span class='ocr_line' id='line_1_12' title="bbox 476 1091 2053 1161; baseline -0.003 -12"><span class='ocrx_word' id='word_1_59' title='bbox 476 1096 722 1150; x_wconf 90' lang='lat' dir='ltr'><strong>ctionum</strong></span> <span class='ocrx_word' id='word_1_60' title='bbox 754 1094 1126 1147; x_wconf 89' lang='lat' dir='ltr'><strong>accessionem</strong></span> <span class='ocrx_word' id='word_1_61' title='bbox 1163 1091 1679 1161; x_wconf 63' lang='lat' dir='ltr'><strong>prolixitudinemve</strong></span> <span class='ocrx_word' id='word_1_62' title='bbox 1725 1099 2053 1144; x_wconf 80' lang='lat' dir='ltr'><strong>recusarunt</strong></span> 
     </span>
    </p>
   </div>
   <div class='ocr_carea' id='block_1_13' title="bbox 476 1181 2048 1255">
    <p class='ocr_par' dir='ltr' id='par_1_13' title="bbox 476 1181 2048 1255">
     <span class='ocr_line' id='line_1_13' title="bbox 476 1181 2048 1255; baseline -0.004 -16"><span class='ocrx_word' id='word_1_63' title='bbox 476 1185 742 1255; x_wconf 83' lang='lat' dir='ltr'><strong>perferre.</strong></span> <span class='ocrx_word' id='word_1_64' title='bbox 799 1185 1015 1238; x_wconf 87' lang='lat' dir='ltr'><strong>Etenim</strong></span> <span class='ocrx_word' id='word_1_65' title='bbox 1066 1183 1279 1236; x_wconf 81' lang='lat' dir='ltr'><strong>lidelem</strong></span> <span class='ocrx_word' id='word_1_66' title='bbox 1331 1197 1450 1236; x_wconf 84' lang='lat' dir='ltr'><strong>esse</strong></span> <span class='ocrx_word' id='word_1_67' title='bbox 1503 1197 1627 1234; x_wconf 89' lang='lat' dir='ltr'><strong>eum</strong></span> <span class='ocrx_word' id='word_1_68' title='bbox 1675 1181 2048 1245; x_wconf 86' lang='lat' dir='ltr'><strong>crediderunt,</strong></span> 
     </span>
    </p>
   </div>
   <div class='ocr_carea' id='block_1_14' title="bbox 478 1273 2050 1346">
    <p class='ocr_par' dir='ltr' id='par_1_14' title="bbox 478 1273 2050 1346">
     <span class='ocr_line' id='line_1_14' title="bbox 478 1273 2050 1346; baseline -0.003 -16"><span class='ocrx_word' id='word_1_69' title='bbox 478 1275 571 1346; x_wconf 89' lang='lat' dir='ltr'><strong>qui</strong></span> <span class='ocrx_word' id='word_1_70' title='bbox 618 1275 961 1344; x_wconf 84' lang='lat' dir='ltr'><strong>repromisit;</strong></span> <span class='ocrx_word' id='word_1_71' title='bbox 1014 1283 1392 1340; x_wconf 83' lang='lat' dir='ltr'><strong>exspectantes</strong></span> <span class='ocrx_word' id='word_1_72' title='bbox 1439 1274 1660 1327; x_wconf 90' lang='lat' dir='ltr'><strong>interim</strong></span> <span class='ocrx_word' id='word_1_73' title='bbox 1705 1273 1846 1326; x_wconf 88' lang='lat' dir='ltr'><strong>diem</strong></span> <span class='ocrx_word' id='word_1_74' title='bbox 1899 1273 2050 1326; x_wconf 87' lang='lat' dir='ltr'><strong>illum</strong></span> 
     </span>
    </p>
   </div>
   <div class='ocr_carea' id='block_1_15' title="bbox 477 1365 2049 1435">
    <p class='ocr_par' dir='ltr' id='par_1_15' title="bbox 477 1365 2049 1435">
     <span class='ocr_line' id='line_1_15' title="bbox 477 1365 2049 1435; baseline -0.003 -13"><span class='ocrx_word' id='word_1_75' title='bbox 477 1367 751 1422; x_wconf 90' lang='lat' dir='ltr'><strong>Dominici</strong></span> <span class='ocrx_word' id='word_1_76' title='bbox 813 1366 1083 1420; x_wconf 85' lang='lat' dir='ltr'><strong>adventus</strong></span> <span class='ocrx_word' id='word_1_77' title='bbox 1147 1366 1347 1435; x_wconf 82' lang='lat' dir='ltr'><strong>insigni</strong></span> <span class='ocrx_word' id='word_1_78' title='bbox 1413 1365 1664 1419; x_wconf 87' lang='lat' dir='ltr'><strong>claritate</strong></span> <span class='ocrx_word' id='word_1_79' title='bbox 1708 1365 2049 1434; x_wconf 77' lang='lat' dir='ltr'><strong>praelustrcm</strong></span> 
     </span>
    </p>
   </div>
   <div class='ocr_carea' id='block_1_16' title="bbox 478 1456 2049 1526">
    <p class='ocr_par' dir='ltr' id='par_1_16' title="bbox 478 1456 2049 1526">
     <span class='ocr_line' id='line_1_16' title="bbox 478 1456 2049 1526; baseline -0.002 -14"><span class='ocrx_word' id='word_1_80' title='bbox 478 1458 744 1518; x_wconf 82' lang='lat' dir='ltr'><strong>futurum,</strong></span> <span class='ocrx_word' id='word_1_81' title='bbox 780 1473 890 1526; x_wconf 90' lang='lat' dir='ltr'><strong>quo</strong></span> <span class='ocrx_word' id='word_1_82' title='bbox 940 1471 1070 1510; x_wconf 90' lang='lat' dir='ltr'><strong>suos</strong></span> <span class='ocrx_word' id='word_1_83' title='bbox 1110 1457 1342 1510; x_wconf 83' lang='lat' dir='ltr'><strong>famulos</strong></span> <span class='ocrx_word' id='word_1_84' title='bbox 1380 1456 1604 1524; x_wconf 87' lang='lat' dir='ltr'><strong>publico</strong></span> <span class='ocrx_word' id='word_1_85' title='bbox 1643 1457 1920 1524; x_wconf 62' lang='lat' dir='ltr'><strong>praconio</strong></span> <span class='ocrx_word' id='word_1_86' title='bbox 1950 1456 2049 1509; x_wconf 91' lang='lat' dir='ltr'><strong>de-</strong></span> 
     </span>
    </p>
   </div>
   <div class='ocr_carea' id='block_1_17' title="bbox 479 1545 2052 1614">
    <p class='ocr_par' dir='ltr' id='par_1_17' title="bbox 479 1545 2052 1614">
     <span class='ocr_line' id='line_1_17' title="bbox 479 1545 2052 1614; baseline -0.002 -11"><span class='ocrx_word' id='word_1_87' title='bbox 479 1549 790 1603; x_wconf 89' lang='lat' dir='ltr'><strong>claraturus</strong></span> <span class='ocrx_word' id='word_1_88' title='bbox 812 1557 916 1607; x_wconf 87' lang='lat' dir='ltr'><strong>est,</strong></span> <span class='ocrx_word' id='word_1_89' title='bbox 949 1563 1072 1602; x_wconf 86' lang='lat' dir='ltr'><strong>cum</strong></span> <span class='ocrx_word' id='word_1_90' title='bbox 1099 1547 1314 1600; x_wconf 85' lang='lat' dir='ltr'><strong>venerit</strong></span> <span class='ocrx_word' id='word_1_91' title='bbox 1352 1546 1408 1598; x_wconf 90' lang='lat' dir='ltr'><strong>in</strong></span> <span class='ocrx_word' id='word_1_92' title='bbox 1441 1545 1682 1599; x_wconf 87' lang='lat' dir='ltr'><strong>nubibus</strong></span> <span class='ocrx_word' id='word_1_93' title='bbox 1709 1546 1854 1608; x_wconf 73' lang='lat' dir='ltr'><strong>cceli,</strong></span> <span class='ocrx_word' id='word_1_94' title='bbox 1886 1547 2052 1614; x_wconf 91' lang='lat' dir='ltr'><strong>inque</strong></span> 
     </span>
    </p>
   </div>
   <div class='ocr_carea' id='block_1_18' title="bbox 483 1637 2055 1708">
    <p class='ocr_par' dir='ltr' id='par_1_18' title="bbox 483 1637 2055 1708">
     <span class='ocr_line' id='line_1_18' title="bbox 483 1637 2055 1708; baseline -0.002 -17"><span class='ocrx_word' id='word_1_95' title='bbox 483 1655 651 1692; x_wconf 90' lang='lat' dir='ltr'><strong>unum</strong></span> <span class='ocrx_word' id='word_1_96' title='bbox 683 1653 814 1693; x_wconf 88' lang='lat' dir='ltr'><strong>suos</strong></span> <span class='ocrx_word' id='word_1_97' title='bbox 845 1637 1161 1708; x_wconf 82' lang='lat' dir='ltr'><strong>aggregabit</strong></span> <span class='ocrx_word' id='word_1_98' title='bbox 1199 1645 1442 1700; x_wconf 90' lang='lat' dir='ltr'><strong>sanctos,</strong></span> <span class='ocrx_word' id='word_1_99' title='bbox 1486 1637 1748 1689; x_wconf 88' lang='lat' dir='ltr'><strong>nimirum</strong></span> <span class='ocrx_word' id='word_1_100' title='bbox 1798 1637 2055 1704; x_wconf 82' lang='lat' dir='ltr'><strong>spiritua-</strong></span> 
     </span>
    </p>
   </div>
   <div class='ocr_carea' id='block_1_19' title="bbox 476 1727 2054 1798">
    <p class='ocr_par' dir='ltr' id='par_1_19' title="bbox 476 1727 2054 1798">
     <span class='ocr_line' id='line_1_19' title="bbox 476 1727 2054 1798; baseline -0.001 -16"><span class='ocrx_word' id='word_1_101' title='bbox 476 1728 559 1784; x_wconf 81' lang='lat' dir='ltr'><strong>les</strong></span> <span class='ocrx_word' id='word_1_102' title='bbox 590 1729 867 1798; x_wconf 82' lang='lat' dir='ltr'><strong>agonistas</strong></span> <span class='ocrx_word' id='word_1_103' title='bbox 897 1738 953 1782; x_wconf 91' lang='lat' dir='ltr'><strong>et</strong></span> <span class='ocrx_word' id='word_1_104' title='bbox 981 1728 1384 1797; x_wconf 85' lang='lat' dir='ltr'><strong>integerrimos.</strong></span> <span class='ocrx_word' id='word_1_105' title='bbox 1413 1727 1646 1781; x_wconf 80' lang='lat' dir='ltr'><strong>Necesse</strong></span> <span class='ocrx_word' id='word_1_106' title='bbox 1679 1727 1846 1796; x_wconf 74' lang='lat' dir='ltr'><strong>igitur</strong></span> <span class='ocrx_word' id='word_1_107' title='bbox 1879 1735 1960 1780; x_wconf 89' lang='lat' dir='ltr'><strong>est</strong></span> <span class='ocrx_word' id='word_1_108' title='bbox 1995 1735 2054 1780; x_wconf 90' lang='lat' dir='ltr'><strong>ut</strong></span> 
     </span>
    </p>
   </div>
   <div class='ocr_carea' id='block_1_20' title="bbox 481 1819 2053 1888">
    <p class='ocr_par' dir='ltr' id='par_1_20' title="bbox 481 1819 2053 1888">
     <span class='ocr_line' id='line_1_20' title="bbox 481 1819 2053 1888; baseline 0 -16"><span class='ocrx_word' id='word_1_109' title='bbox 481 1819 832 1874; x_wconf 86' lang='lat' dir='ltr'><strong>decertemus</strong></span> <span class='ocrx_word' id='word_1_110' title='bbox 860 1837 872 1871; x_wconf 94' lang='lat'>:</span> <span class='ocrx_word' id='word_1_111' title='bbox 904 1829 959 1873; x_wconf 92' lang='lat' dir='ltr'><strong>et</strong></span> <span class='ocrx_word' id='word_1_112' title='bbox 991 1819 1214 1888; x_wconf 86' lang='lat' dir='ltr'><strong>quidem</strong></span> <span class='ocrx_word' id='word_1_113' title='bbox 1245 1834 1446 1888; x_wconf 88' lang='lat' dir='ltr'><strong>corpus</strong></span> <span class='ocrx_word' id='word_1_114' title='bbox 1475 1819 1748 1873; x_wconf 78' lang='lat' dir='ltr'><strong>continua:</strong></span> <span class='ocrx_word' id='word_1_115' title='bbox 1773 1819 2053 1888; x_wconf 85' lang='lat' dir='ltr'><strong>asperitati</strong></span> 
     </span>
    </p>
   </div>
   <div class='ocr_carea' id='block_1_21' title="bbox 475 1907 2056 1978">
    <p class='ocr_par' dir='ltr' id='par_1_21' title="bbox 475 1907 2056 1978">
     <span class='ocr_line' id='line_1_21' title="bbox 475 1907 2056 1978; baseline 0.002 -18"><span class='ocrx_word' id='word_1_116' title='bbox 475 1908 856 1978; x_wconf 70' lang='lat' dir='ltr'><strong>obiiciendum</strong></span> <span class='ocrx_word' id='word_1_117' title='bbox 883 1907 1148 1962; x_wconf 88' lang='lat' dir='ltr'><strong>adversus</strong></span> <span class='ocrx_word' id='word_1_118' title='bbox 1175 1917 1359 1962; x_wconf 89' lang='lat' dir='ltr'><strong>autem</strong></span> <span class='ocrx_word' id='word_1_119' title='bbox 1392 1907 1668 1976; x_wconf 90' lang='lat' dir='ltr'><strong>improbas</strong></span> <span class='ocrx_word' id='word_1_120' title='bbox 1700 1909 2056 1978; x_wconf 76' lang='lat' dir='ltr'><strong>cogitationes</strong></span> 
     </span>
    </p>
   </div>
   <div class='ocr_carea' id='block_1_22' title="bbox 475 1999 2058 2069">
    <p class='ocr_par' dir='ltr' id='par_1_22' title="bbox 475 1999 2058 2069">
     <span class='ocr_line' id='line_1_22' title="bbox 475 1999 2058 2069; baseline 0.001 -17"><span class='ocrx_word' id='word_1_121' title='bbox 475 1999 633 2052; x_wconf 86' lang='lat' dir='ltr'><strong>omni</strong></span> <span class='ocrx_word' id='word_1_122' title='bbox 677 1999 977 2053; x_wconf 87' lang='lat' dir='ltr'><strong>securitate</strong></span> <span class='ocrx_word' id='word_1_123' title='bbox 1025 2006 1080 2053; x_wconf 93' lang='lat' dir='ltr'><strong>et</strong></span> <span class='ocrx_word' id='word_1_124' title='bbox 1125 1999 1390 2068; x_wconf 85' lang='lat' dir='ltr'><strong>patientia</strong></span> <span class='ocrx_word' id='word_1_125' title='bbox 1452 1999 1878 2069; x_wconf 65' lang='lat' dir='ltr'><strong>praemunienda:</strong></span> <span class='ocrx_word' id='word_1_126' title='bbox 1930 2009 2058 2054; x_wconf 90' lang='lat' dir='ltr'><strong>sunt</strong></span> 
     </span>
    </p>
   </div>
   <div class='ocr_carea' id='block_1_23' title="bbox 481 2088 2058 2159">
    <p class='ocr_par' dir='ltr' id='par_1_23' title="bbox 481 2088 2058 2159">
     <span class='ocr_line' id='line_1_23' title="bbox 481 2088 2058 2159; baseline 0.002 -16"><span class='ocrx_word' id='word_1_127' title='bbox 481 2089 698 2143; x_wconf 63' lang='lat' dir='ltr'><strong>animm.</strong></span> <span class='ocrx_word' id='word_1_128' title='bbox 725 2088 948 2159; x_wconf 90' lang='lat' dir='ltr'><strong>Oportet</strong></span> <span class='ocrx_word' id='word_1_129' title='bbox 973 2091 1216 2159; x_wconf 86' lang='lat' dir='ltr'><strong>insuper,</strong></span> <span class='ocrx_word' id='word_1_130' title='bbox 1251 2100 1308 2144; x_wconf 89' lang='lat' dir='ltr'><strong>ut</strong></span> <span class='ocrx_word' id='word_1_131' title='bbox 1331 2105 1652 2144; x_wconf 89' lang='lat' dir='ltr'><strong>accuremus</strong></span> <span class='ocrx_word' id='word_1_132' title='bbox 1684 2091 2058 2146; x_wconf 87' lang='lat' dir='ltr'><strong>testimonium</strong></span> 
     </span>
    </p>
   </div>
   <div class='ocr_carea' id='block_1_24' title="bbox 481 2180 2057 2251">
    <p class='ocr_par' dir='ltr' id='par_1_24' title="bbox 481 2180 2057 2251">
     <span class='ocr_line' id='line_1_24' title="bbox 481 2180 2057 2251; baseline 0.001 -16"><span class='ocrx_word' id='word_1_133' title='bbox 481 2180 831 2235; x_wconf 69' lang='lat' dir='ltr'><strong>conscientiae</strong></span> <span class='ocrx_word' id='word_1_134' title='bbox 855 2181 1089 2250; x_wconf 62' lang='lat' dir='ltr'><strong>propria:</strong></span> <span class='ocrx_word' id='word_1_135' title='bbox 1116 2182 1321 2236; x_wconf 88' lang='lat' dir='ltr'><strong>habere</strong></span> <span class='ocrx_word' id='word_1_136' title='bbox 1350 2183 1403 2234; x_wconf 92' lang='lat' dir='ltr'><strong>in</strong></span> <span class='ocrx_word' id='word_1_137' title='bbox 1429 2191 1728 2251; x_wconf 85' lang='lat' dir='ltr'><strong>conspectu</strong></span> <span class='ocrx_word' id='word_1_138' title='bbox 1754 2183 1872 2237; x_wconf 85' lang='lat' dir='ltr'><strong>Dei.</strong></span> <span class='ocrx_word' id='word_1_139' title='bbox 1905 2201 1924 2234; x_wconf 84' lang='grc' dir='ltr'><strong>ι</strong></span> <span class='ocrx_word' id='word_1_140' title='bbox 1949 2183 2057 2236; x_wconf 79' lang='lat' dir='ltr'><strong>Ex—</strong></span> 
     </span>
    </p>
   </div>
   <div class='ocr_carea' id='block_1_25' title="bbox 482 2274 2060 2342">
    <p class='ocr_par' dir='ltr' id='par_1_25' title="bbox 482 2274 2060 2342">
     <span class='ocr_line' id='line_1_25' title="bbox 482 2274 2060 2342; baseline 0.003 -17"><span class='ocrx_word' id='word_1_141' title='bbox 482 2280 757 2340; x_wconf 86' lang='lat' dir='ltr'><strong>spectans,</strong></span> <span class='ocrx_word' id='word_1_142' title='bbox 803 2291 821 2323; x_wconf 76' lang='grc' dir='ltr'><strong><em>ι</em></strong></span> <span class='ocrx_word' id='word_1_143' title='bbox 869 2275 1038 2333; x_wconf 90' lang='lat' dir='ltr'><strong>enim,</strong></span> <span class='ocrx_word' id='word_1_144' title='bbox 1074 2291 1093 2323; x_wconf 75' lang='grc' dir='ltr'>ι</span> <span class='ocrx_word' id='word_1_145' title='bbox 1123 2274 1436 2342; x_wconf 79' lang='lat' dir='ltr'><strong>exspectavi</strong></span> <span class='ocrx_word' id='word_1_146' title='bbox 1464 2274 1788 2341; x_wconf 90' lang='lat' dir='ltr'><strong>Dominum;</strong></span> <span class='ocrx_word' id='word_1_147' title='bbox 1825 2274 2060 2329; x_wconf 90' lang='lat' dir='ltr'><strong>intendit</strong></span> 
     </span>
    </p>
   </div>
   <div class='ocr_carea' id='block_1_26' title="bbox 483 2363 2054 2434">
    <p class='ocr_par' dir='ltr' id='par_1_26' title="bbox 483 2363 2054 2434">
     <span class='ocr_line' id='line_1_26' title="bbox 483 2363 2054 2434; baseline 0.003 -18"><span class='ocrx_word' id='word_1_148' title='bbox 483 2363 702 2417; x_wconf 75' lang='lat' dir='ltr'><strong>mihi“.</strong></span> <span class='ocrx_word' id='word_1_149' title='bbox 730 2382 748 2414; x_wconf 73' lang='grc' dir='ltr'><strong>ι</strong></span> <span class='ocrx_word' id='word_1_150' title='bbox 771 2364 905 2418; x_wconf 72' lang='grc' dir='ltr'>ιΝοη</span> <span class='ocrx_word' id='word_1_151' title='bbox 938 2363 1084 2418; x_wconf 91' lang='lat' dir='ltr'><strong>enim</strong></span> <span class='ocrx_word' id='word_1_152' title='bbox 1111 2372 1290 2433; x_wconf 89' lang='lat' dir='ltr'><strong>potest</strong></span> <span class='ocrx_word' id='word_1_153' title='bbox 1330 2365 1453 2434; x_wconf 91' lang='lat' dir='ltr'><strong>quis</strong></span> <span class='ocrx_word' id='word_1_154' title='bbox 1491 2365 1743 2434; x_wconf 84' lang='lat' dir='ltr'><strong>indipisci</strong></span> <span class='ocrx_word' id='word_1_155' title='bbox 1774 2365 2054 2433; x_wconf 86' lang='lat' dir='ltr'><strong>virtutem,</strong></span> 
     </span>
    </p>
   </div>
   <div class='ocr_carea' id='block_1_27' title="bbox 483 2454 2058 2528">
    <p class='ocr_par' dir='ltr' id='par_1_27' title="bbox 483 2454 2058 2528">
     <span class='ocr_line' id='line_1_27' title="bbox 483 2454 2058 2528; baseline 0.003 -20"><span class='ocrx_word' id='word_1_156' title='bbox 483 2454 541 2508; x_wconf 90' lang='lat' dir='ltr'><strong>ni</strong></span> <span class='ocrx_word' id='word_1_157' title='bbox 579 2455 728 2522; x_wconf 91' lang='lat' dir='ltr'><strong>prius</strong></span> <span class='ocrx_word' id='word_1_158' title='bbox 777 2456 899 2524; x_wconf 91' lang='lat' dir='ltr'><strong>(pro</strong></span> <span class='ocrx_word' id='word_1_159' title='bbox 955 2455 1102 2509; x_wconf 91' lang='lat' dir='ltr'><strong>illius</strong></span> <span class='ocrx_word' id='word_1_160' title='bbox 1157 2457 1526 2528; x_wconf 89' lang='lat' dir='ltr'><strong>assecutione)</strong></span> <span class='ocrx_word' id='word_1_161' title='bbox 1587 2472 1710 2512; x_wconf 87' lang='lat' dir='ltr'><strong>cum</strong></span> <span class='ocrx_word' id='word_1_162' title='bbox 1771 2457 1961 2512; x_wconf 84' lang='lat' dir='ltr'><strong>labore</strong></span> <span class='ocrx_word' id='word_1_163' title='bbox 2001 2469 2058 2512; x_wconf 85' lang='lat' dir='ltr'><strong>et</strong></span> 
     </span>
    </p>
   </div>
   <div class='ocr_carea' id='block_1_28' title="bbox 486 2546 2056 2619">
    <p class='ocr_par' dir='ltr' id='par_1_28' title="bbox 486 2546 2056 2619">
     <span class='ocr_line' id='line_1_28' title="bbox 486 2546 2056 2619; baseline 0.003 -19"><span class='ocrx_word' id='word_1_164' title='bbox 486 2546 776 2601; x_wconf 87' lang='lat' dir='ltr'><strong>tolerantia</strong></span> <span class='ocrx_word' id='word_1_165' title='bbox 821 2546 1203 2612; x_wconf 80' lang='lat' dir='ltr'><strong>afﬂictionum,</strong></span> <span class='ocrx_word' id='word_1_166' title='bbox 1257 2564 1380 2602; x_wconf 89' lang='lat' dir='ltr'><strong>cum</strong></span> <span class='ocrx_word' id='word_1_167' title='bbox 1440 2550 1600 2604; x_wconf 92' lang='lat' dir='ltr'><strong>hoste</strong></span> <span class='ocrx_word' id='word_1_168' title='bbox 1644 2551 2056 2619; x_wconf 85' lang='lat' dir='ltr'><strong>congrediatur.</strong></span> 
     </span>
    </p>
   </div>
   <div class='ocr_carea' id='block_1_29' title="bbox 483 2637 2058 2710">
    <p class='ocr_par' dir='ltr' id='par_1_29' title="bbox 483 2637 2058 2710">
     <span class='ocr_line' id='line_1_29' title="bbox 483 2637 2058 2710; baseline 0.002 -18"><span class='ocrx_word' id='word_1_169' title='bbox 483 2637 562 2692; x_wconf 78' lang='lat' dir='ltr'><strong>Ex</strong></span> <span class='ocrx_word' id='word_1_170' title='bbox 596 2637 830 2692; x_wconf 88' lang='lat' dir='ltr'><strong>adverso</strong></span> <span class='ocrx_word' id='word_1_171' title='bbox 859 2639 1006 2692; x_wconf 91' lang='lat' dir='ltr'><strong>enim</strong></span> <span class='ocrx_word' id='word_1_172' title='bbox 1056 2640 1452 2694; x_wconf 83' lang='lat' dir='ltr'><strong>obluctandum</strong></span> <span class='ocrx_word' id='word_1_173' title='bbox 1496 2648 1722 2710; x_wconf 86' lang='lat' dir='ltr'><strong>peccato</strong></span> <span class='ocrx_word' id='word_1_174' title='bbox 1767 2650 1850 2694; x_wconf 90' lang='lat' dir='ltr'><strong>est</strong></span> <span class='ocrx_word' id='word_1_175' title='bbox 1885 2655 2058 2710; x_wconf 86' lang='lat' dir='ltr'><strong>usque</strong></span> 
     </span>
    </p>
   </div>
   <div class='ocr_carea' id='block_1_30' title="bbox 484 2729 2061 2802">
    <p class='ocr_par' dir='ltr' id='par_1_30' title="bbox 484 2729 2061 2802">
     <span class='ocr_line' id='line_1_30' title="bbox 484 2729 2061 2802; baseline 0.002 -20"><span class='ocrx_word' id='word_1_176' title='bbox 484 2729 553 2783; x_wconf 92' lang='lat' dir='ltr'><strong>ad</strong></span> <span class='ocrx_word' id='word_1_177' title='bbox 581 2741 838 2795; x_wconf 91' lang='lat' dir='ltr'><strong>mortem,</strong></span> <span class='ocrx_word' id='word_1_178' title='bbox 887 2738 942 2786; x_wconf 89' lang='lat' dir='ltr'><strong>et</strong></span> <span class='ocrx_word' id='word_1_179' title='bbox 989 2733 1102 2786; x_wconf 92' lang='lat' dir='ltr'><strong>acri</strong></span> <span class='ocrx_word' id='word_1_180' title='bbox 1157 2733 1459 2789; x_wconf 85' lang='lat' dir='ltr'><strong>certamine</strong></span> <span class='ocrx_word' id='word_1_181' title='bbox 1493 2746 1653 2802; x_wconf 73' lang='lat' dir='ltr'><strong>atque</strong></span> <span class='ocrx_word' id='word_1_182' title='bbox 1685 2732 2061 2787; x_wconf 83' lang='lat' dir='ltr'><strong>indesinenter</strong></span> 
     </span>
    </p>
   </div>
   <div class='ocr_carea' id='block_1_31' title="bbox 486 2818 2062 2894">
    <p class='ocr_par' dir='ltr' id='par_1_31' title="bbox 486 2818 2062 2894">
     <span class='ocr_line' id='line_1_31' title="bbox 486 2818 2062 2894; baseline -0.001 -18"><span class='ocrx_word' id='word_1_183' title='bbox 486 2821 542 2876; x_wconf 88' lang='lat' dir='ltr'><strong>in</strong></span> <span class='ocrx_word' id='word_1_184' title='bbox 596 2823 882 2892; x_wconf 88' lang='lat' dir='ltr'><strong>procinctu</strong></span> <span class='ocrx_word' id='word_1_185' title='bbox 927 2818 1426 2889; x_wconf 81' lang='lat' dir='ltr'><strong>consistendum&quot;,</strong></span> <span class='ocrx_word' id='word_1_186' title='bbox 1454 2825 1608 2894; x_wconf 78' lang='lat' dir='ltr'><strong>juxta</strong></span> <span class='ocrx_word' id='word_1_187' title='bbox 1643 2824 1923 2877; x_wconf 86' lang='lat' dir='ltr'><strong>Paulinam</strong></span> <span class='ocrx_word' id='word_1_188' title='bbox 1962 2837 2062 2876; x_wconf 83' lang='lat' dir='ltr'><strong>vo-</strong></span> 
     </span>
    </p>
   </div>
   <div class='ocr_carea' id='block_1_32' title="bbox 486 2908 2060 2986">
    <p class='ocr_par' dir='ltr' id='par_1_32' title="bbox 486 2908 2060 2986">
     <span class='ocr_line' id='line_1_32' title="bbox 486 2908 2060 2986; baseline -0.003 -16"><span class='ocrx_word' id='word_1_189' title='bbox 486 2930 630 2970; x_wconf 90' lang='lat' dir='ltr'><strong>cem.</strong></span> <span class='ocrx_word' id='word_1_190' title='bbox 677 2916 822 2971; x_wconf 80' lang='lat' dir='ltr'><strong>Dicit</strong></span> <span class='ocrx_word' id='word_1_191' title='bbox 856 2908 1104 2986; x_wconf 88' lang='lat' dir='ltr'><strong>proinde</strong></span> <span class='ocrx_word' id='word_1_192' title='bbox 1163 2917 1496 2986; x_wconf 87' lang='lat' dir='ltr'><strong>Scriptura:</strong></span> <span class='ocrx_word' id='word_1_193' title='bbox 1540 2935 1556 2966; x_wconf 81' lang='grc' dir='ltr'><strong>ι</strong></span> <span class='ocrx_word' id='word_1_194' title='bbox 1586 2916 1726 2969; x_wconf 84' lang='lat' dir='ltr'><strong>Ante</strong></span> <span class='ocrx_word' id='word_1_195' title='bbox 1780 2914 2060 2968; x_wconf 86' lang='lat' dir='ltr'><strong>hominem</strong></span> 
     </span>
    </p>
   </div>
   <div class='ocr_carea' id='block_1_33' title="bbox 485 3005 2063 3086">
    <p class='ocr_par' dir='ltr' id='par_1_33' title="bbox 485 3005 2063 3086">
     <span class='ocr_line' id='line_1_33' title="bbox 485 3005 2063 3086; baseline -0.002 -25"><span class='ocrx_word' id='word_1_196' title='bbox 485 3008 666 3086; x_wconf 79' lang='lat' dir='ltr'><strong>posita</strong></span> <span class='ocrx_word' id='word_1_197' title='bbox 712 3016 840 3062; x_wconf 81' lang='lat' dir='ltr'><strong>sunt</strong></span> <span class='ocrx_word' id='word_1_198' title='bbox 872 3009 984 3062; x_wconf 89' lang='lat' dir='ltr'><strong>vita</strong></span> <span class='ocrx_word' id='word_1_199' title='bbox 1011 3017 1068 3062; x_wconf 87' lang='lat' dir='ltr'><strong>et</strong></span> <span class='ocrx_word' id='word_1_200' title='bbox 1104 3024 1271 3072; x_wconf 87' lang='lat' dir='ltr'><strong>mors,</strong></span> <span class='ocrx_word' id='word_1_201' title='bbox 1311 3018 1369 3062; x_wconf 92' lang='lat' dir='ltr'><strong>et</strong></span> <span class='ocrx_word' id='word_1_202' title='bbox 1399 3005 1546 3076; x_wconf 91' lang='lat' dir='ltr'><strong>quod</strong></span> <span class='ocrx_word' id='word_1_203' title='bbox 1582 3006 1873 3075; x_wconf 89' lang='lat' dir='ltr'><strong>placuerit,</strong></span> <span class='ocrx_word' id='word_1_204' title='bbox 1907 3005 2063 3060; x_wconf 85' lang='lat' dir='ltr'><strong>dabi-</strong></span> 
     </span>
    </p>
   </div>
   <div class='ocr_carea' id='block_1_34' title="bbox 2151 540 3686 624">
    <p class='ocr_par' dir='ltr' id='par_1_34' title="bbox 2151 540 3686 624">
     <span class='ocr_line' id='line_1_34' title="bbox 2151 540 3686 624; baseline 0.01 -32"><span class='ocrx_word' id='word_1_205' title='bbox 2151 540 2427 612; x_wconf 81' lang='grc' dir='ltr'>ξάσθησαν</span> <span class='ocrx_word' id='word_1_206' title='bbox 2472 546 2529 596; x_wconf 84' lang='grc' dir='ltr'><strong>ἐν</strong></span> <span class='ocrx_word' id='word_1_207' title='bbox 2558 543 2636 613; x_wconf 81' lang='grc' dir='ltr'>τῷ</span> <span class='ocrx_word' id='word_1_208' title='bbox 2663 545 2835 612; x_wconf 83' lang='grc' dir='ltr'>ἀγῶνι</span> <span class='ocrx_word' id='word_1_209' title='bbox 2865 546 3064 599; x_wconf 85' lang='grc' dir='ltr'>αὑτῶν.</span> <span class='ocrx_word' id='word_1_210' title='bbox 3088 547 3386 617; x_wconf 76' lang='grc' dir='ltr'>Πόρρωθεν</span> <span class='ocrx_word' id='word_1_211' title='bbox 3413 551 3518 620; x_wconf 78' lang='grc' dir='ltr'>γὰρ</span> <span class='ocrx_word' id='word_1_212' title='bbox 3541 555 3686 624; x_wconf 74' lang='grc' dir='ltr'>ἑωρα-</span> 
     </span>
    </p>
   </div>
   <div class='ocr_carea' id='block_1_35' title="bbox 2150 635 3690 717">
    <p class='ocr_par' dir='ltr' id='par_1_35' title="bbox 2150 635 3690 717">
     <span class='ocr_line' id='line_1_35' title="bbox 2150 635 3690 717; baseline 0.008 -30"><span class='ocrx_word' id='word_1_213' title='bbox 2150 635 2304 697; x_wconf 85' lang='grc' dir='ltr'>κότες</span> <span class='ocrx_word' id='word_1_214' title='bbox 2333 635 2429 699; x_wconf 86' lang='grc' dir='ltr'><strong>τάς</strong></span> <span class='ocrx_word' id='word_1_215' title='bbox 2461 637 2794 705; x_wconf 75' lang='grc' dir='ltr'><strong>ἐπαγγελίας</strong></span> <span class='ocrx_word' id='word_1_216' title='bbox 2845 637 2932 690; x_wconf 87' lang='grc' dir='ltr'><strong>διά</strong></span> <span class='ocrx_word' id='word_1_217' title='bbox 2981 638 3236 705; x_wconf 80' lang='grc' dir='ltr'>πίστεως,</span> <span class='ocrx_word' id='word_1_218' title='bbox 3274 643 3455 711; x_wconf 76' lang='grc' dir='ltr'>μῆκος</span> <span class='ocrx_word' id='word_1_219' title='bbox 3493 644 3690 717; x_wconf 74' lang='grc' dir='ltr'>θλίψεων</span> 
     </span>
    </p>
   </div>
   <div class='ocr_carea' id='block_1_36' title="bbox 2152 727 3686 809">
    <p class='ocr_par' dir='ltr' id='par_1_36' title="bbox 2152 727 3686 809">
     <span class='ocr_line' id='line_1_36' title="bbox 2152 727 3686 809; baseline 0.008 -31"><span class='ocrx_word' id='word_1_220' title='bbox 2152 727 2472 796; x_wconf 79' lang='grc' dir='ltr'>ὑπέμειναν,</span> <span class='ocrx_word' id='word_1_221' title='bbox 2499 731 2621 780; x_wconf 76' lang='grc' dir='ltr'>ἐπεὶ</span> <span class='ocrx_word' id='word_1_222' title='bbox 2649 730 2839 782; x_wconf 79' lang='grc' dir='ltr'>πιστὸν</span> <span class='ocrx_word' id='word_1_223' title='bbox 2874 731 3152 803; x_wconf 75' lang='grc' dir='ltr'>ἡγήσαντο</span> <span class='ocrx_word' id='word_1_224' title='bbox 3198 733 3288 784; x_wconf 79' lang='grc' dir='ltr'><strong>τὸν</strong></span> <span class='ocrx_word' id='word_1_225' title='bbox 3314 736 3686 809; x_wconf 85' lang='grc' dir='ltr'>ἐπαγγειλάμε-</span> 
     </span>
    </p>
   </div>
   <div class='ocr_carea' id='block_1_37' title="bbox 2150 817 3693 892">
    <p class='ocr_par' dir='ltr' id='par_1_37' title="bbox 2150 817 3693 892">
     <span class='ocr_line' id='line_1_37' title="bbox 2150 817 3693 892; baseline 0.008 -24"><span class='ocrx_word' id='word_1_226' title='bbox 2150 832 2261 882; x_wconf 89' lang='grc' dir='ltr'>νον,</span> <span class='ocrx_word' id='word_1_227' title='bbox 2289 817 2718 888; x_wconf 77' lang='grc' dir='ltr'>ἀπεκδεχόμενοι</span> <span class='ocrx_word' id='word_1_228' title='bbox 2749 819 2850 889; x_wconf 85' lang='grc' dir='ltr'>τὴν</span> <span class='ocrx_word' id='word_1_229' title='bbox 2880 819 3140 890; x_wconf 77' lang='grc' dir='ltr'>λαμπρὰν</span> <span class='ocrx_word' id='word_1_230' title='bbox 3165 822 3385 892; x_wconf 78' lang='grc' dir='ltr'><strong>ἡμέραν</strong></span> <span class='ocrx_word' id='word_1_231' title='bbox 3401 825 3494 876; x_wconf 81' lang='grc' dir='ltr'>τοῦ</span> <span class='ocrx_word' id='word_1_232' title='bbox 3522 830 3693 882; x_wconf 82' lang='grc' dir='ltr'>Δεσπό-</span> 
     </span>
    </p>
   </div>
   <div class='ocr_carea' id='block_1_38' title="bbox 2149 905 3692 987">
    <p class='ocr_par' dir='ltr' id='par_1_38' title="bbox 2149 905 3692 987">
     <span class='ocr_line' id='line_1_38' title="bbox 2149 905 3692 987; baseline 0.008 -28"><span class='ocrx_word' id='word_1_233' title='bbox 2149 925 2266 970; x_wconf 86' lang='grc' dir='ltr'>του,</span> <span class='ocrx_word' id='word_1_234' title='bbox 2300 910 2357 960; x_wconf 90' lang='grc' dir='ltr'><strong>ἐν</strong></span> <span class='ocrx_word' id='word_1_235' title='bbox 2472 910 2740 973; x_wconf 77' lang='grc' dir='ltr'><strong>ἀναδείξει</strong></span> <span class='ocrx_word' id='word_1_236' title='bbox 2775 912 2802 962; x_wconf 83' lang='grc' dir='ltr'>ὁ</span> <span class='ocrx_word' id='word_1_237' title='bbox 2825 911 2954 974; x_wconf 79' lang='grc' dir='ltr'>Θεὸς</span> <span class='ocrx_word' id='word_1_238' title='bbox 2978 913 3104 974; x_wconf 82' lang='grc' dir='ltr'>τοὺς</span> <span class='ocrx_word' id='word_1_239' title='bbox 3131 914 3328 966; x_wconf 84' lang='grc' dir='ltr'>ἐαυτοῦ</span> <span class='ocrx_word' id='word_1_240' title='bbox 3371 915 3692 987; x_wconf 68' lang='grc' dir='ltr'>θεράποντας,</span> 
     </span>
    </p>
   </div>
   <div class='ocr_carea' id='block_1_39' title="bbox 2151 998 3694 1072">
    <p class='ocr_par' dir='ltr' id='par_1_39' title="bbox 2151 998 3694 1072">
     <span class='ocr_line' id='line_1_39' title="bbox 2151 998 3694 1072; baseline 0.006 -22"><span class='ocrx_word' id='word_1_241' title='bbox 2151 998 2278 1051; x_wconf 86' lang='grc' dir='ltr'>ὃταν</span> <span class='ocrx_word' id='word_1_242' title='bbox 2327 999 2454 1070; x_wconf 78' lang='grc' dir='ltr'>ἔλθῃ</span> <span class='ocrx_word' id='word_1_243' title='bbox 2503 999 2728 1053; x_wconf 77' lang='grc' dir='ltr'>ἐπὶτῶν</span> <span class='ocrx_word' id='word_1_244' title='bbox 2759 1000 2996 1068; x_wconf 82' lang='grc' dir='ltr'>νεφελῶν</span> <span class='ocrx_word' id='word_1_245' title='bbox 3023 1005 3117 1053; x_wconf 85' lang='grc' dir='ltr'>τοῦ</span> <span class='ocrx_word' id='word_1_246' title='bbox 3150 1003 3412 1072; x_wconf 78' lang='grc' dir='ltr'>ούρανοῦ,</span> <span class='ocrx_word' id='word_1_247' title='bbox 3459 1007 3548 1058; x_wconf 74' lang='grc' dir='ltr'><strong>καὶ</strong></span> <span class='ocrx_word' id='word_1_248' title='bbox 3589 1024 3694 1060; x_wconf 86' lang='grc' dir='ltr'>συν-</span> 
     </span>
    </p>
   </div>
   <div class='ocr_carea' id='block_1_40' title="bbox 2153 1089 3689 1162">
    <p class='ocr_par' dir='ltr' id='par_1_40' title="bbox 2153 1089 3689 1162">
     <span class='ocr_line' id='line_1_40' title="bbox 2153 1089 3689 1162; baseline 0.008 -22"><span class='ocrx_word' id='word_1_249' title='bbox 2153 1089 2334 1161; x_wconf 81' lang='grc' dir='ltr'>αγάγῃ</span> <span class='ocrx_word' id='word_1_250' title='bbox 2361 1090 2486 1152; x_wconf 73' lang='grc' dir='ltr'>τοὺς</span> <span class='ocrx_word' id='word_1_251' title='bbox 2527 1090 2700 1152; x_wconf 83' lang='grc' dir='ltr'><strong>ὁσίους</strong></span> <span class='ocrx_word' id='word_1_252' title='bbox 2727 1091 2892 1143; x_wconf 82' lang='grc' dir='ltr'>αὑτοῦ</span> <span class='ocrx_word' id='word_1_253' title='bbox 2936 1093 3065 1154; x_wconf 74' lang='grc' dir='ltr'>τοὺς</span> <span class='ocrx_word' id='word_1_254' title='bbox 3099 1092 3346 1157; x_wconf 76' lang='grc' dir='ltr'>τελείους</span> <span class='ocrx_word' id='word_1_255' title='bbox 3391 1098 3689 1162; x_wconf 80' lang='grc' dir='ltr'>ἀγωνιστάς.</span> 
     </span>
    </p>
   </div>
   <div class='ocr_carea' id='block_1_41' title="bbox 2152 1176 3696 1259">
    <p class='ocr_par' dir='ltr' id='par_1_41' title="bbox 2152 1176 3696 1259">
     <span class='ocr_line' id='line_1_41' title="bbox 2152 1176 3696 1259; baseline 0.007 -28"><span class='ocrx_word' id='word_1_256' title='bbox 2152 1179 2273 1250; x_wconf 80' lang='grc' dir='ltr'>Χρὴ</span> <span class='ocrx_word' id='word_1_257' title='bbox 2309 1176 2401 1232; x_wconf 84' lang='grc' dir='ltr'><strong>οὖν</strong></span> <span class='ocrx_word' id='word_1_258' title='bbox 2432 1181 2824 1250; x_wconf 77' lang='grc' dir='ltr'><strong>δοκιμάζεσθαι</strong></span> <span class='ocrx_word' id='word_1_259' title='bbox 2855 1183 2949 1235; x_wconf 62' lang='grc' dir='ltr'><strong>κα)⁸</strong></span> <span class='ocrx_word' id='word_1_260' title='bbox 2995 1182 3291 1252; x_wconf 75' lang='grc' dir='ltr'>ὑποφέρειν</span> <span class='ocrx_word' id='word_1_261' title='bbox 3331 1189 3573 1257; x_wconf 78' lang='grc' dir='ltr'>συνεχέσι</span> <span class='ocrx_word' id='word_1_262' title='bbox 3617 1190 3696 1259; x_wconf 83' lang='grc' dir='ltr'>μὲν</span> 
     </span>
    </p>
   </div>
   <div class='ocr_carea' id='block_1_42' title="bbox 2153 1271 3698 1347">
    <p class='ocr_par' dir='ltr' id='par_1_42' title="bbox 2153 1271 3698 1347">
     <span class='ocr_line' id='line_1_42' title="bbox 2153 1271 3698 1347; baseline 0.003 -23"><span class='ocrx_word' id='word_1_263' title='bbox 2153 1271 2493 1341; x_wconf 73' lang='grc' dir='ltr'><strong>ἀνωμαλίαις</strong></span> <span class='ocrx_word' id='word_1_264' title='bbox 2543 1272 2604 1324; x_wconf 85' lang='grc' dir='ltr'><strong>τὸ</strong></span> <span class='ocrx_word' id='word_1_265' title='bbox 2659 1271 2841 1340; x_wconf 84' lang='grc' dir='ltr'>σῶμα,</span> <span class='ocrx_word' id='word_1_266' title='bbox 2895 1273 3177 1343; x_wconf 79' lang='grc' dir='ltr'>λογισμοῖς</span> <span class='ocrx_word' id='word_1_267' title='bbox 3225 1275 3281 1327; x_wconf 82' lang='grc' dir='ltr'>δὲ</span> <span class='ocrx_word' id='word_1_268' title='bbox 3326 1281 3578 1347; x_wconf 77' lang='grc' dir='ltr'>πονηροῖς</span> <span class='ocrx_word' id='word_1_269' title='bbox 3619 1279 3698 1342; x_wconf 76' lang='grc' dir='ltr'>τὰς</span> 
     </span>
    </p>
   </div>
   <div class='ocr_carea' id='block_1_43' title="bbox 2153 1360 3697 1440">
    <p class='ocr_par' dir='ltr' id='par_1_43' title="bbox 2153 1360 3697 1440">
     <span class='ocr_line' id='line_1_43' title="bbox 2153 1360 3697 1440; baseline 0.005 -27"><span class='ocrx_word' id='word_1_270' title='bbox 2153 1360 2350 1432; x_wconf 78' lang='grc' dir='ltr'>ψυχάς.</span> <span class='ocrx_word' id='word_1_271' title='bbox 2383 1362 2590 1414; x_wconf 77' lang='grc' dir='ltr'>Οὐκοῦν</span> <span class='ocrx_word' id='word_1_272' title='bbox 2617 1365 2753 1432; x_wconf 86' lang='grc' dir='ltr'><strong>μετά</strong></span> <span class='ocrx_word' id='word_1_273' title='bbox 2787 1363 2966 1432; x_wconf 81' lang='grc' dir='ltr'><strong>πάσης</strong></span> <span class='ocrx_word' id='word_1_274' title='bbox 2995 1365 3294 1432; x_wconf 80' lang='grc' dir='ltr'>ἀσφαλείας</span> <span class='ocrx_word' id='word_1_275' title='bbox 3321 1369 3417 1420; x_wconf 72' lang='grc' dir='ltr'><strong>καὶ</strong></span> <span class='ocrx_word' id='word_1_276' title='bbox 3446 1368 3697 1440; x_wconf 82' lang='grc' dir='ltr'>ὑπομονῆς</span> 
     </span>
    </p>
   </div>
   <div class='ocr_carea' id='block_1_44' title="bbox 2153 1455 3696 1532">
    <p class='ocr_par' dir='ltr' id='par_1_44' title="bbox 2153 1455 3696 1532">
     <span class='ocr_line' id='line_1_44' title="bbox 2153 1455 3696 1532; baseline 0.006 -27"><span class='ocrx_word' id='word_1_277' title='bbox 2153 1456 2260 1526; x_wconf 79' lang='grc' dir='ltr'>χρὴ</span> <span class='ocrx_word' id='word_1_278' title='bbox 2287 1455 2346 1508; x_wconf 82' lang='grc' dir='ltr'><strong>τὸ</strong></span> <span class='ocrx_word' id='word_1_279' title='bbox 2377 1455 2676 1525; x_wconf 84' lang='grc' dir='ltr'>μαρτύριον</span> <span class='ocrx_word' id='word_1_280' title='bbox 2725 1458 2824 1524; x_wconf 81' lang='grc' dir='ltr'>τῆς</span> <span class='ocrx_word' id='word_1_281' title='bbox 2866 1457 3225 1526; x_wconf 85' lang='grc' dir='ltr'>συνειδήσεως</span> <span class='ocrx_word' id='word_1_282' title='bbox 3253 1461 3414 1528; x_wconf 77' lang='grc' dir='ltr'>ἡμῶν</span> <span class='ocrx_word' id='word_1_283' title='bbox 3449 1463 3696 1532; x_wconf 83' lang='grc' dir='ltr'>κατεργά-</span> 
     </span>
    </p>
   </div>
   <div class='ocr_carea' id='block_1_45' title="bbox 2155 1545 3700 1624">
    <p class='ocr_par' dir='ltr' id='par_1_45' title="bbox 2155 1545 3700 1624">
     <span class='ocr_line' id='line_1_45' title="bbox 2155 1545 3700 1624; baseline 0.005 -26"><span class='ocrx_word' id='word_1_284' title='bbox 2155 1545 2346 1610; x_wconf 81' lang='grc' dir='ltr'>ζεσθαι</span> <span class='ocrx_word' id='word_1_285' title='bbox 2395 1549 2543 1617; x_wconf 78' lang='grc' dir='ltr'>ἡμᾶς</span> <span class='ocrx_word' id='word_1_286' title='bbox 2583 1545 2810 1600; x_wconf 79' lang='grc' dir='ltr'>ἐνώπιον</span> <span class='ocrx_word' id='word_1_287' title='bbox 2842 1547 2932 1599; x_wconf 77' lang='grc' dir='ltr'><strong>τοῦ</strong></span> <span class='ocrx_word' id='word_1_288' title='bbox 2973 1547 3132 1603; x_wconf 80' lang='grc' dir='ltr'>Θεοῦ.</span> <span class='ocrx_word' id='word_1_289' title='bbox 3173 1569 3191 1602; x_wconf 80' lang='grc' dir='ltr'><strong>ι</strong></span> <span class='ocrx_word' id='word_1_290' title='bbox 3243 1550 3562 1621; x_wconf 81' lang='grc' dir='ltr'>Ὑπομένων</span> <span class='ocrx_word' id='word_1_291' title='bbox 3590 1554 3700 1624; x_wconf 80' lang='grc' dir='ltr'>γὰρ,</span> 
     </span>
    </p>
   </div>
   <div class='ocr_carea' id='block_1_46' title="bbox 2155 1640 3704 1713">
    <p class='ocr_par' dir='ltr' id='par_1_46' title="bbox 2155 1640 3704 1713">
     <span class='ocr_line' id='line_1_46' title="bbox 2155 1640 3704 1713; baseline 0.005 -21"><span class='ocrx_word' id='word_1_292' title='bbox 2155 1640 2426 1710; x_wconf 84' lang='grc' dir='ltr'>ὑπέμεινα</span> <span class='ocrx_word' id='word_1_293' title='bbox 2455 1641 2546 1694; x_wconf 77' lang='grc' dir='ltr'><strong>τὸν</strong></span> <span class='ocrx_word' id='word_1_294' title='bbox 2581 1641 2806 1711; x_wconf 83' lang='grc' dir='ltr'>Κύριον,</span> <span class='ocrx_word' id='word_1_295' title='bbox 2849 1642 2946 1694; x_wconf 74' lang='grc' dir='ltr'>καὶ</span> <span class='ocrx_word' id='word_1_296' title='bbox 2977 1642 3250 1712; x_wconf 79' lang='grc' dir='ltr'>προσέσχε</span> <span class='ocrx_word' id='word_1_297' title='bbox 3280 1662 3394 1713; x_wconf 87' lang='grc' dir='ltr'>μοι.</span> <span class='ocrx_word' id='word_1_298' title='bbox 3420 1665 3438 1697; x_wconf 75' lang='grc' dir='ltr'><strong>ι</strong></span> <span class='ocrx_word' id='word_1_299' title='bbox 3469 1648 3538 1698; x_wconf 91' lang='grc' dir='ltr'>Οὑ</span> <span class='ocrx_word' id='word_1_300' title='bbox 3569 1646 3704 1699; x_wconf 80' lang='grc' dir='ltr'>δύνα-</span> 
     </span>
    </p>
   </div>
   <div class='ocr_carea' id='block_1_47' title="bbox 2083 1732 3704 1834">
    <p class='ocr_par' dir='ltr' id='par_1_47' title="bbox 2083 1732 3704 1834">
     <span class='ocr_line' id='line_1_47' title="bbox 2083 1732 3704 1834; baseline 0.005 -51"><span class='ocrx_word' id='word_1_301' title='bbox 2083 1777 2128 1834; x_wconf 67' lang='lat' dir='ltr'><strong>B</strong></span> <span class='ocrx_word' id='word_1_302' title='bbox 2155 1749 2246 1784; x_wconf 91' lang='grc' dir='ltr'><strong>ται</strong></span> <span class='ocrx_word' id='word_1_303' title='bbox 2277 1732 2386 1802; x_wconf 88' lang='grc' dir='ltr'><strong>γάρ</strong></span> <span class='ocrx_word' id='word_1_304' title='bbox 2415 1749 2498 1794; x_wconf 88' lang='grc' dir='ltr'><strong>τις</strong></span> <span class='ocrx_word' id='word_1_305' title='bbox 2527 1733 2832 1802; x_wconf 80' lang='grc' dir='ltr'>κτήσασθαι</span> <span class='ocrx_word' id='word_1_306' title='bbox 2865 1733 3088 1804; x_wconf 80' lang='grc' dir='ltr'>ἀρετὴν,</span> <span class='ocrx_word' id='word_1_307' title='bbox 3119 1735 3167 1786; x_wconf 86' lang='grc' dir='ltr'><strong>εί</strong></span> <span class='ocrx_word' id='word_1_308' title='bbox 3193 1736 3268 1805; x_wconf 83' lang='grc' dir='ltr'>μὴ</span> <span class='ocrx_word' id='word_1_309' title='bbox 3300 1737 3563 1808; x_wconf 88' lang='grc' dir='ltr'>πρότερον</span> <span class='ocrx_word' id='word_1_310' title='bbox 3584 1738 3704 1809; x_wconf 79' lang='grc' dir='ltr'>ὑπὲρ</span> 
     </span>
    </p>
   </div>
   <div class='ocr_carea' id='block_1_48' title="bbox 2158 1822 3706 1896">
    <p class='ocr_par' dir='ltr' id='par_1_48' title="bbox 2158 1822 3706 1896">
     <span class='ocr_line' id='line_1_48' title="bbox 2158 1822 3706 1896; baseline 0.005 -20"><span class='ocrx_word' id='word_1_311' title='bbox 2158 1823 2328 1893; x_wconf 82' lang='grc' dir='ltr'>αὑτῆς</span> <span class='ocrx_word' id='word_1_312' title='bbox 2349 1822 2454 1886; x_wconf 75' lang='grc' dir='ltr'>ἕως</span> <span class='ocrx_word' id='word_1_313' title='bbox 2484 1823 2716 1894; x_wconf 77' lang='grc' dir='ltr'>αἵματος</span> <span class='ocrx_word' id='word_1_314' title='bbox 2745 1824 3148 1894; x_wconf 74' lang='grc' dir='ltr'>παρατάξηταί.</span> <span class='ocrx_word' id='word_1_315' title='bbox 3179 1829 3270 1878; x_wconf 81' lang='grc' dir='ltr'>Δεῖ</span> <span class='ocrx_word' id='word_1_316' title='bbox 3297 1827 3410 1896; x_wconf 84' lang='grc' dir='ltr'>γὰρ</span> <span class='ocrx_word' id='word_1_317' title='bbox 3431 1830 3531 1892; x_wconf 78' lang='grc' dir='ltr'>ἕως</span> <span class='ocrx_word' id='word_1_318' title='bbox 3563 1830 3706 1884; x_wconf 83' lang='grc' dir='ltr'>θανά-</span> 
     </span>
    </p>
   </div>
   <div class='ocr_carea' id='block_1_49' title="bbox 2155 1915 3706 1988">
    <p class='ocr_par' dir='ltr' id='par_1_49' title="bbox 2155 1915 3706 1988">
     <span class='ocr_line' id='line_1_49' title="bbox 2155 1915 3706 1988; baseline 0.003 -19"><span class='ocrx_word' id='word_1_319' title='bbox 2155 1933 2249 1969; x_wconf 80' lang='grc' dir='ltr'><strong>του</strong></span> <span class='ocrx_word' id='word_1_320' title='bbox 2270 1915 2750 1969; x_wconf 80' lang='grc' dir='ltr'>ἀντικαθίστασθαι</span> <span class='ocrx_word' id='word_1_321' title='bbox 2770 1916 2904 1986; x_wconf 77' lang='grc' dir='ltr'>πρὸς</span> <span class='ocrx_word' id='word_1_322' title='bbox 2918 1917 3016 1986; x_wconf 84' lang='grc' dir='ltr'>τὴν</span> <span class='ocrx_word' id='word_1_323' title='bbox 3033 1917 3147 1985; x_wconf 81' lang='grc' dir='ltr'>ἅμα</span> <span class='ocrx_word' id='word_1_324' title='bbox 3157 1918 3331 1987; x_wconf 87' lang='grc' dir='ltr'>ρτίαν,</span> <span class='ocrx_word' id='word_1_325' title='bbox 3356 1923 3706 1988; x_wconf 79' lang='grc' dir='ltr'>ἀγωνιστικῶς</span> 
     </span>
    </p>
   </div>
   <div class='ocr_carea' id='block_1_50' title="bbox 2159 1990 3705 2080">
    <p class='ocr_par' dir='ltr' id='par_1_50' title="bbox 2159 1990 3705 2080">
     <span class='ocr_line' id='line_1_50' title="bbox 2159 1990 3705 2080; baseline 0.001 -18"><span class='ocrx_word' id='word_1_326' title='bbox 2159 2009 2253 2062; x_wconf 58' lang='grc' dir='ltr'><strong>καὶ⁷</strong></span> <span class='ocrx_word' id='word_1_327' title='bbox 2282 1990 2623 2072; x_wconf 62' lang='grc' dir='ltr'>ἀνεκλύτως,</span> <span class='ocrx_word' id='word_1_328' title='bbox 2644 2010 2786 2061; x_wconf 85' lang='grc' dir='ltr'><strong>κατά</strong></span> <span class='ocrx_word' id='word_1_329' title='bbox 2818 2009 2910 2060; x_wconf 81' lang='grc' dir='ltr'><strong>τὸν</strong></span> <span class='ocrx_word' id='word_1_330' title='bbox 2954 2009 3253 2063; x_wconf 84' lang='grc' dir='ltr'>ἀπόστολον</span> <span class='ocrx_word' id='word_1_331' title='bbox 3293 2011 3529 2066; x_wconf 81' lang='grc' dir='ltr'>Παῦλον.</span> <span class='ocrx_word' id='word_1_332' title='bbox 3563 2012 3705 2080; x_wconf 81' lang='grc' dir='ltr'>Λέγει</span> 
     </span>
    </p>
   </div>
   <div class='ocr_carea' id='block_1_51' title="bbox 2157 2099 3708 2174">
    <p class='ocr_par' dir='ltr' id='par_1_51' title="bbox 2157 2099 3708 2174">
     <span class='ocr_line' id='line_1_51' title="bbox 2157 2099 3708 2174; baseline 0.004 -23"><span class='ocrx_word' id='word_1_333' title='bbox 2157 2099 2215 2152; x_wconf 86' lang='grc' dir='ltr'><strong>δέ</strong></span> <span class='ocrx_word' id='word_1_334' title='bbox 2249 2101 2341 2152; x_wconf 71' lang='grc' dir='ltr'>καὶ</span> <span class='ocrx_word' id='word_1_335' title='bbox 2369 2101 2402 2170; x_wconf 78' lang='grc' dir='ltr'>ἡ</span> <span class='ocrx_word' id='word_1_336' title='bbox 2432 2100 2644 2170; x_wconf 77' lang='grc' dir='ltr'>Γραφή·</span> <span class='ocrx_word' id='word_1_337' title='bbox 2676 2117 2694 2150; x_wconf 78' lang='grc' dir='ltr'><strong>ι</strong></span> <span class='ocrx_word' id='word_1_338' title='bbox 2737 2099 3007 2154; x_wconf 87' lang='grc' dir='ltr'>Ἐναντίον</span> <span class='ocrx_word' id='word_1_339' title='bbox 3039 2100 3329 2171; x_wconf 85' lang='grc' dir='ltr'>ἀνθρώπου</span> <span class='ocrx_word' id='word_1_340' title='bbox 3374 2105 3407 2173; x_wconf 80' lang='grc' dir='ltr'><strong>ἡ</strong></span> <span class='ocrx_word' id='word_1_341' title='bbox 3442 2101 3552 2174; x_wconf 78' lang='grc' dir='ltr'><strong>ζωὴ</strong></span> <span class='ocrx_word' id='word_1_342' title='bbox 3577 2105 3660 2156; x_wconf 78' lang='grc' dir='ltr'>καὶ</span> <span class='ocrx_word' id='word_1_343' title='bbox 3683 2105 3708 2156; x_wconf 81' lang='grc' dir='ltr'><strong>ὸ</strong></span> 
     </span>
    </p>
   </div>
   <div class='ocr_carea' id='block_1_52' title="bbox 2161 2189 3706 2264">
    <p class='ocr_par' dir='ltr' id='par_1_52' title="bbox 2161 2189 3706 2264">
     <span class='ocr_line' id='line_1_52' title="bbox 2161 2189 3706 2264; baseline 0.001 -21"><span class='ocrx_word' id='word_1_344' title='bbox 2161 2189 2412 2252; x_wconf 82' lang='grc' dir='ltr'>Θάνατος,</span> <span class='ocrx_word' id='word_1_345' title='bbox 2439 2191 2534 2242; x_wconf 70' lang='grc' dir='ltr'><strong>καὶ</strong></span> <span class='ocrx_word' id='word_1_346' title='bbox 2554 2190 2582 2242; x_wconf 85' lang='grc' dir='ltr'>ὂ</span> <span class='ocrx_word' id='word_1_347' title='bbox 2613 2189 2707 2243; x_wconf 81' lang='grc' dir='ltr'>ἐὰν</span> <span class='ocrx_word' id='word_1_348' title='bbox 2730 2189 3023 2261; x_wconf 79' lang='grc' dir='ltr'>εὑδοκήσῃ,</span> <span class='ocrx_word' id='word_1_349' title='bbox 3051 2191 3336 2261; x_wconf 82' lang='grc' dir='ltr'>δοθήσεται</span> <span class='ocrx_word' id='word_1_350' title='bbox 3363 2194 3532 2264; x_wconf 71' lang='grc' dir='ltr'>αὐτῷ.</span> <span class='ocrx_word' id='word_1_351' title='bbox 3557 2213 3574 2245; x_wconf 73' lang='grc' dir='ltr'><strong>ι</strong></span> <span class='ocrx_word' id='word_1_352' title='bbox 3611 2194 3706 2248; x_wconf 80' lang='grc' dir='ltr'><strong>Καὶ</strong></span> 
     </span>
    </p>
   </div>
   <div class='ocr_carea' id='block_1_53' title="bbox 2159 2279 3708 2355">
    <p class='ocr_par' dir='ltr' id='par_1_53' title="bbox 2159 2279 3708 2355">
     <span class='ocr_line' id='line_1_53' title="bbox 2159 2279 3708 2355; baseline 0.002 -22"><span class='ocrx_word' id='word_1_353' title='bbox 2159 2281 2268 2350; x_wconf 78' lang='grc' dir='ltr'>γὰρ</span> <span class='ocrx_word' id='word_1_354' title='bbox 2301 2282 2565 2350; x_wconf 85' lang='grc' dir='ltr'>δεσπότης</span> <span class='ocrx_word' id='word_1_355' title='bbox 2597 2282 2706 2336; x_wconf 89' lang='grc' dir='ltr'>τῶν</span> <span class='ocrx_word' id='word_1_356' title='bbox 2753 2281 2941 2336; x_wconf 86' lang='grc' dir='ltr'>παθῶν</span> <span class='ocrx_word' id='word_1_357' title='bbox 2978 2283 3198 2351; x_wconf 88' lang='grc' dir='ltr'>λέγεται</span> <span class='ocrx_word' id='word_1_358' title='bbox 3255 2279 3398 2338; x_wconf 78' lang='grc' dir='ltr'>εἶναι</span> <span class='ocrx_word' id='word_1_359' title='bbox 3449 2289 3476 2339; x_wconf 86' lang='grc' dir='ltr'><strong>ό</strong></span> <span class='ocrx_word' id='word_1_360' title='bbox 3529 2285 3708 2355; x_wconf 74' lang='grc' dir='ltr'>ἀσεϐὴς</span> 
     </span>
    </p>
   </div>
   <div class='ocr_carea' id='block_1_54' title="bbox 2160 2372 3712 2443">
    <p class='ocr_par' dir='ltr' id='par_1_54' title="bbox 2160 2372 3712 2443">
     <span class='ocr_line' id='line_1_54' title="bbox 2160 2372 3712 2443; baseline 0 -17"><span class='ocrx_word' id='word_1_361' title='bbox 2160 2373 2255 2426; x_wconf 76' lang='grc' dir='ltr'><strong>καὶ</strong></span> <span class='ocrx_word' id='word_1_362' title='bbox 2284 2373 2546 2443; x_wconf 83' lang='grc' dir='ltr'>φρόνιμος</span> <span class='ocrx_word' id='word_1_363' title='bbox 2592 2372 2884 2440; x_wconf 83' lang='grc' dir='ltr'>λογισμός’</span> <span class='ocrx_word' id='word_1_364' title='bbox 2923 2372 3010 2425; x_wconf 81' lang='grc' dir='ltr'><strong>διὰ</strong></span> <span class='ocrx_word' id='word_1_365' title='bbox 3055 2373 3152 2442; x_wconf 81' lang='grc' dir='ltr'>μὲν</span> <span class='ocrx_word' id='word_1_366' title='bbox 3203 2373 3560 2443; x_wconf 78' lang='grc' dir='ltr'>σωφροσύνης</span> <span class='ocrx_word' id='word_1_367' title='bbox 3606 2376 3712 2426; x_wconf 73' lang='grc' dir='ltr'>ἐπιο</span> 
     </span>
    </p>
   </div>
   <div class='ocr_carea' id='block_1_55' title="bbox 2163 2463 3710 2535">
    <p class='ocr_par' dir='ltr' id='par_1_55' title="bbox 2163 2463 3710 2535">
     <span class='ocr_line' id='line_1_55' title="bbox 2163 2463 3710 2535; baseline -0.001 -17"><span class='ocrx_word' id='word_1_368' title='bbox 2163 2465 2382 2535; x_wconf 82' lang='grc' dir='ltr'>κρατεῖν</span> <span class='ocrx_word' id='word_1_369' title='bbox 2430 2463 2874 2533; x_wconf 80' lang='grc' dir='ltr'>γαστριμαργίας</span> <span class='ocrx_word' id='word_1_370' title='bbox 2923 2481 2981 2516; x_wconf 89' lang='grc' dir='ltr'><strong>τε</strong></span> <span class='ocrx_word' id='word_1_371' title='bbox 3029 2463 3125 2517; x_wconf 77' lang='grc' dir='ltr'><strong>καὶ</strong></span> <span class='ocrx_word' id='word_1_372' title='bbox 3173 2463 3508 2534; x_wconf 78' lang='grc' dir='ltr'>ἐπιθυμίαςο</span> <span class='ocrx_word' id='word_1_373' title='bbox 3543 2465 3624 2518; x_wconf 76' lang='grc' dir='ltr'>διὰ</span> <span class='ocrx_word' id='word_1_374' title='bbox 3661 2463 3710 2516; x_wconf 65' lang='grc' dir='ltr'>δὲ</span> 
     </span>
    </p>
   </div>
   <div class='ocr_carea' id='block_1_56' title="bbox 2160 2547 3711 2622">
    <p class='ocr_par' dir='ltr' id='par_1_56' title="bbox 2160 2547 3711 2622">
     <span class='ocr_line' id='line_1_56' title="bbox 2160 2547 3711 2622; baseline -0.003 -18"><span class='ocrx_word' id='word_1_375' title='bbox 2160 2551 2530 2621; x_wconf 83' lang='grc' dir='ltr'>δικαιοσύνης,</span> <span class='ocrx_word' id='word_1_376' title='bbox 2563 2550 2744 2622; x_wconf 84' lang='grc' dir='ltr'>πάσης</span> <span class='ocrx_word' id='word_1_377' title='bbox 2787 2551 2988 2612; x_wconf 86' lang='grc' dir='ltr'>κακίας</span> <span class='ocrx_word' id='word_1_378' title='bbox 3011 2566 3024 2580; x_wconf 88' lang='grc'><strong>·</strong></span> <span class='ocrx_word' id='word_1_379' title='bbox 3052 2550 3139 2603; x_wconf 86' lang='grc' dir='ltr'>διὰ</span> <span class='ocrx_word' id='word_1_380' title='bbox 3169 2550 3223 2602; x_wconf 83' lang='grc' dir='ltr'>δὲ</span> <span class='ocrx_word' id='word_1_381' title='bbox 3257 2550 3531 2621; x_wconf 79' lang='grc' dir='ltr'>ἀνδρείας,</span> <span class='ocrx_word' id='word_1_382' title='bbox 3556 2547 3711 2618; x_wconf 79' lang='grc' dir='ltr'>θυμοῦ</span> 
     </span>
    </p>
   </div>
   <div class='ocr_carea' id='block_1_57' title="bbox 2162 2639 3711 2714">
    <p class='ocr_par' dir='ltr' id='par_1_57' title="bbox 2162 2639 3711 2714">
     <span class='ocr_line' id='line_1_57' title="bbox 2162 2639 3711 2714; baseline -0.005 -15"><span class='ocrx_word' id='word_1_383' title='bbox 2162 2645 2254 2699; x_wconf 70' lang='grc' dir='ltr'>καὶ</span> <span class='ocrx_word' id='word_1_384' title='bbox 2293 2644 2558 2714; x_wconf 81' lang='grc' dir='ltr'>λογισμοῦ</span> <span class='ocrx_word' id='word_1_385' title='bbox 2608 2644 2702 2695; x_wconf 76' lang='grc' dir='ltr'><strong>καὶ</strong></span> <span class='ocrx_word' id='word_1_386' title='bbox 2733 2642 2899 2711; x_wconf 66' lang='grc' dir='ltr'>φόϐου</span> <span class='ocrx_word' id='word_1_387' title='bbox 2923 2658 2936 2670; x_wconf 85' lang='lat'><strong><em>°</em></strong></span> <span class='ocrx_word' id='word_1_388' title='bbox 2969 2642 3065 2695; x_wconf 72' lang='grc' dir='ltr'><strong>καὶ</strong></span> <span class='ocrx_word' id='word_1_389' title='bbox 3093 2642 3264 2696; x_wconf 80' lang='grc' dir='ltr'>ταῦτα</span> <span class='ocrx_word' id='word_1_390' title='bbox 3300 2642 3402 2712; x_wconf 87' lang='grc' dir='ltr'><strong>οὑχ</strong></span> <span class='ocrx_word' id='word_1_391' title='bbox 3430 2642 3565 2694; x_wconf 85' lang='grc' dir='ltr'>ὥστε</span> <span class='ocrx_word' id='word_1_392' title='bbox 3591 2639 3711 2692; x_wconf 76' lang='grc' dir='ltr'><strong>αὑτά</strong></span> 
     </span>
    </p>
   </div>
   <div class='ocr_carea' id='block_1_58' title="bbox 2162 2729 3708 2803">
    <p class='ocr_par' dir='ltr' id='par_1_58' title="bbox 2162 2729 3708 2803">
     <span class='ocr_line' id='line_1_58' title="bbox 2162 2729 3708 2803; baseline -0.005 -12"><span class='ocrx_word' id='word_1_393' title='bbox 2162 2737 2487 2798; x_wconf 82' lang='grc' dir='ltr'>καταλῦσαι,</span> <span class='ocrx_word' id='word_1_394' title='bbox 2509 2736 2622 2790; x_wconf 83' lang='grc' dir='ltr'>ἀλλ’</span> <span class='ocrx_word' id='word_1_395' title='bbox 2657 2735 2792 2788; x_wconf 83' lang='grc' dir='ltr'>ὥστε</span> <span class='ocrx_word' id='word_1_396' title='bbox 2821 2733 3002 2798; x_wconf 78' lang='grc' dir='ltr'>αὑτοῖς</span> <span class='ocrx_word' id='word_1_397' title='bbox 3038 2735 3113 2803; x_wconf 76' lang='grc' dir='ltr'>μὴ</span> <span class='ocrx_word' id='word_1_398' title='bbox 3143 2729 3304 2797; x_wconf 79' lang='grc' dir='ltr'>εἶξαι.</span> <span class='ocrx_word' id='word_1_399' title='bbox 3342 2735 3417 2785; x_wconf 91' lang='grc' dir='ltr'>Οὑ</span> <span class='ocrx_word' id='word_1_400' title='bbox 3451 2733 3555 2803; x_wconf 65' lang='grc' dir='ltr'><strong>γαρ</strong></span> <span class='ocrx_word' id='word_1_401' title='bbox 3579 2734 3708 2801; x_wconf 85' lang='grc' dir='ltr'>ἐκρι-</span> 
     </span>
    </p>
   </div>
   <div class='ocr_carea' id='block_1_59' title="bbox 2163 2823 3714 2899">
    <p class='ocr_par' dir='ltr' id='par_1_59' title="bbox 2163 2823 3714 2899">
     <span class='ocr_line' id='line_1_59' title="bbox 2163 2823 3714 2899; baseline -0.006 -17"><span class='ocrx_word' id='word_1_402' title='bbox 2163 2829 2342 2899; x_wconf 81' lang='grc' dir='ltr'>ζωτής</span> <span class='ocrx_word' id='word_1_403' title='bbox 2374 2829 2491 2880; x_wconf 89' lang='grc' dir='ltr'>ἐστι</span> <span class='ocrx_word' id='word_1_404' title='bbox 2530 2827 2640 2882; x_wconf 84' lang='grc' dir='ltr'>τῶν</span> <span class='ocrx_word' id='word_1_405' title='bbox 2697 2825 2884 2878; x_wconf 85' lang='grc' dir='ltr'>παθῶν</span> <span class='ocrx_word' id='word_1_406' title='bbox 2910 2827 2939 2877; x_wconf 86' lang='grc' dir='ltr'>ὁ</span> <span class='ocrx_word' id='word_1_407' title='bbox 2976 2823 3257 2894; x_wconf 78' lang='grc' dir='ltr'>λογισμὸς,</span> <span class='ocrx_word' id='word_1_408' title='bbox 3286 2823 3405 2876; x_wconf 84' lang='grc' dir='ltr'>ἀλλ’</span> <span class='ocrx_word' id='word_1_409' title='bbox 3440 2826 3714 2888; x_wconf 80' lang='grc' dir='ltr'>ἀνταγωνιο</span> 
     </span>
    </p>
   </div>
   <div class='ocr_carea' id='block_1_60' title="bbox 2164 2915 3713 2989">
    <p class='ocr_par' dir='ltr' id='par_1_60' title="bbox 2164 2915 3713 2989">
     <span class='ocr_line' id='line_1_60' title="bbox 2164 2915 3713 2989; baseline -0.005 -17"><span class='ocrx_word' id='word_1_410' title='bbox 2164 2919 2316 2989; x_wconf 86' lang='grc' dir='ltr'>στής.</span> <span class='ocrx_word' id='word_1_411' title='bbox 2343 2919 2563 2989; x_wconf 88' lang='grc' dir='ltr'>Διόπερ,</span> <span class='ocrx_word' id='word_1_412' title='bbox 2595 2918 2776 2987; x_wconf 72' lang='grc' dir='ltr'>φησὶν,</span> <span class='ocrx_word' id='word_1_413' title='bbox 2807 2917 3102 2986; x_wconf 86' lang='grc' dir='ltr'>ἐπιθυμίαν</span> <span class='ocrx_word' id='word_1_414' title='bbox 3126 2932 3208 2978; x_wconf 86' lang='grc' dir='ltr'><strong>τις</strong></span> <span class='ocrx_word' id='word_1_415' title='bbox 3237 2916 3394 2984; x_wconf 83' lang='grc' dir='ltr'>ὑμῶν</span> <span class='ocrx_word' id='word_1_416' title='bbox 3422 2917 3481 2968; x_wconf 91' lang='grc' dir='ltr'><strong>οὑ</strong></span> <span class='ocrx_word' id='word_1_417' title='bbox 3510 2915 3713 2968; x_wconf 87' lang='grc' dir='ltr'>δύναται</span> 
     </span>
    </p>
   </div>
   <div class='ocr_carea' id='block_1_61' title="bbox 2164 3004 3714 3076">
    <p class='ocr_par' dir='ltr' id='par_1_61' title="bbox 2164 3004 3714 3076">
     <span class='ocr_line' id='line_1_61' title="bbox 2164 3004 3714 3076; baseline -0.003 -17"><span class='ocrx_word' id='word_1_418' title='bbox 2164 3005 2416 3076; x_wconf 68' lang='grc' dir='ltr'>ἐκκόψαι,</span> <span class='ocrx_word' id='word_1_419' title='bbox 2449 3005 2585 3059; x_wconf 86' lang='grc' dir='ltr'><strong>ἀλλά</strong></span> <span class='ocrx_word' id='word_1_420' title='bbox 2614 3004 2689 3076; x_wconf 84' lang='grc' dir='ltr'>μὴ</span> <span class='ocrx_word' id='word_1_421' title='bbox 2720 3004 3047 3074; x_wconf 84' lang='grc' dir='ltr'>δουλωθῆναι</span> <span class='ocrx_word' id='word_1_422' title='bbox 3083 3008 3149 3076; x_wconf 81' lang='grc' dir='ltr'><strong>τῇ</strong></span> <span class='ocrx_word' id='word_1_423' title='bbox 3201 3005 3466 3075; x_wconf 72' lang='grc' dir='ltr'>ἐπιθυμίᾳ</span> <span class='ocrx_word' id='word_1_424' title='bbox 3514 3005 3714 3057; x_wconf 83' lang='grc' dir='ltr'>δύναται</span> 
     </span>
    </p>
   </div>
   <div class='ocr_carea' id='block_1_62' title="bbox 492 3090 2057 3170">
    <p class='ocr_par' dir='ltr' id='par_1_62' title="bbox 492 3098 2057 3168">
     <span class='ocr_line' id='line_1_62' title="bbox 492 3098 2057 3168; baseline -0.002 -13"><span class='ocrx_word' id='word_1_425' title='bbox 492 3110 581 3155; x_wconf 91' lang='lat' dir='ltr'><strong>tur</strong></span> <span class='ocrx_word' id='word_1_426' title='bbox 605 3099 654 3152; x_wconf 92' lang='lat' dir='ltr'><strong>ei</strong></span> <span class='ocrx_word' id='word_1_427' title='bbox 677 3099 742 3150; x_wconf 78' lang='grc'><strong>⁸⁸.</strong></span> <span class='ocrx_word' id='word_1_428' title='bbox 775 3117 792 3149; x_wconf 74' lang='grc' dir='ltr'><strong>ι</strong></span> <span class='ocrx_word' id='word_1_429' title='bbox 827 3098 933 3152; x_wconf 89' lang='lat' dir='ltr'><strong>Sed</strong></span> <span class='ocrx_word' id='word_1_430' title='bbox 961 3099 1108 3151; x_wconf 92' lang='lat' dir='ltr'><strong>enim</strong></span> <span class='ocrx_word' id='word_1_431' title='bbox 1147 3098 1354 3166; x_wconf 77' lang='lat'><strong>1151</strong></span> <span class='ocrx_word' id='word_1_432' title='bbox 1409 3098 1496 3166; x_wconf 90' lang='lat' dir='ltr'><strong>pia</strong></span> <span class='ocrx_word' id='word_1_433' title='bbox 1540 3114 1604 3152; x_wconf 92' lang='lat' dir='ltr'><strong>ac</strong></span> <span class='ocrx_word' id='word_1_434' title='bbox 1635 3098 1878 3166; x_wconf 83' lang='lat' dir='ltr'><strong>prudens</strong></span> <span class='ocrx_word' id='word_1_435' title='bbox 1909 3099 2057 3168; x_wconf 79' lang='lat' dir='ltr'><strong>cogi-</strong></span> 
     </span>
    </p>
   </div>
   <div class='ocr_carea' id='block_1_63' title="bbox 2158 3090 3714 3170">
    <p class='ocr_par' dir='ltr' id='par_1_63' title="bbox 2164 3090 3714 3168">
     <span class='ocr_line' id='line_1_63' title="bbox 2164 3090 3714 3168; baseline -0.003 -17"><span class='ocrx_word' id='word_1_436' title='bbox 2164 3100 2192 3151; x_wconf 82' lang='grc' dir='ltr'>ὁ</span> <span class='ocrx_word' id='word_1_437' title='bbox 2221 3098 2480 3168; x_wconf 73' lang='grc' dir='ltr'>λογισμὸς</span> <span class='ocrx_word' id='word_1_438' title='bbox 2508 3095 2910 3167; x_wconf 88' lang='grc' dir='ltr'>παρασχέσθαι.</span> <span class='ocrx_word' id='word_1_439' title='bbox 2945 3095 3147 3148; x_wconf 85' lang='grc' dir='ltr'>Πολλοῦ</span> <span class='ocrx_word' id='word_1_440' title='bbox 3187 3090 3279 3148; x_wconf 78' lang='grc' dir='ltr'>οὖν</span> <span class='ocrx_word' id='word_1_441' title='bbox 3316 3095 3529 3164; x_wconf 82' lang='grc' dir='ltr'>ἀγῶνος</span> <span class='ocrx_word' id='word_1_442' title='bbox 3552 3094 3714 3165; x_wconf 80' lang='grc' dir='ltr'>χρεία,</span> 
     </span>
    </p>
   </div>
   <div class='ocr_carea' id='block_1_64' title="bbox 488 3187 2058 3256">
    <p class='ocr_par' dir='ltr' id='par_1_64' title="bbox 488 3187 2058 3256">
     <span class='ocr_line' id='line_1_64' title="bbox 488 3187 2058 3256; baseline -0.002 -13"><span class='ocrx_word' id='word_1_443' title='bbox 488 3190 644 3253; x_wconf 87' lang='lat' dir='ltr'><strong>tatio,</strong></span> <span class='ocrx_word' id='word_1_444' title='bbox 671 3189 892 3242; x_wconf 88' lang='lat' dir='ltr'><strong>domina</strong></span> <span class='ocrx_word' id='word_1_445' title='bbox 923 3189 1190 3242; x_wconf 91' lang='lat' dir='ltr'><strong>astruitur</strong></span> <span class='ocrx_word' id='word_1_446' title='bbox 1235 3203 1355 3241; x_wconf 88' lang='lat' dir='ltr'><strong>esse</strong></span> <span class='ocrx_word' id='word_1_447' title='bbox 1403 3187 1754 3241; x_wconf 81' lang='lat' dir='ltr'><strong>aﬂ&#39;ectionum</strong></span> <span class='ocrx_word' id='word_1_448' title='bbox 1785 3204 1796 3238; x_wconf 91' lang='lat'>:</span> <span class='ocrx_word' id='word_1_449' title='bbox 1824 3203 1920 3256; x_wconf 90' lang='lat' dir='ltr'><strong>per</strong></span> <span class='ocrx_word' id='word_1_450' title='bbox 1940 3188 2058 3240; x_wconf 83' lang='lat' dir='ltr'><strong>fru-</strong></span> 
     </span>
    </p>
   </div>
   <div class='ocr_carea' id='block_1_65' title="bbox 487 3274 2062 3348">
    <p class='ocr_par' dir='ltr' id='par_1_65' title="bbox 487 3274 2062 3348">
     <span class='ocr_line' id='line_1_65' title="bbox 487 3274 2062 3348; baseline -0.001 -18"><span class='ocrx_word' id='word_1_451' title='bbox 487 3278 769 3348; x_wconf 84' lang='lat' dir='ltr'><strong>galitatem</strong></span> <span class='ocrx_word' id='word_1_452' title='bbox 809 3278 957 3331; x_wconf 82' lang='lat' dir='ltr'><strong>enim</strong></span> <span class='ocrx_word' id='word_1_453' title='bbox 991 3277 1122 3330; x_wconf 72' lang='lat' dir='ltr'><strong>vitae</strong></span> <span class='ocrx_word' id='word_1_454' title='bbox 1167 3276 1281 3329; x_wconf 87' lang='lat' dir='ltr'><strong>sive</strong></span> <span class='ocrx_word' id='word_1_455' title='bbox 1328 3274 1754 3344; x_wconf 88' lang='lat' dir='ltr'><strong>temperantiam</strong></span> <span class='ocrx_word' id='word_1_456' title='bbox 1799 3275 2062 3329; x_wconf 87' lang='lat' dir='ltr'><strong>adversus</strong></span> 
     </span>
    </p>
   </div>
   <div class='ocr_carea' id='block_1_66' title="bbox 485 3366 2060 3439">
    <p class='ocr_par' dir='ltr' id='par_1_66' title="bbox 485 3366 2060 3439">
     <span class='ocr_line' id='line_1_66' title="bbox 485 3366 2060 3439; baseline -0.002 -17"><span class='ocrx_word' id='word_1_457' title='bbox 485 3370 698 3425; x_wconf 76' lang='lat' dir='ltr'><strong>ventris</strong></span> <span class='ocrx_word' id='word_1_458' title='bbox 750 3368 1049 3439; x_wconf 84' lang='lat' dir='ltr'><strong>ingluviem</strong></span> <span class='ocrx_word' id='word_1_459' title='bbox 1098 3367 1357 3436; x_wconf 70' lang='lat' dir='ltr'><strong>prazvalet</strong></span> <span class='ocrx_word' id='word_1_460' title='bbox 1413 3376 1470 3419; x_wconf 91' lang='lat' dir='ltr'><strong>et</strong></span> <span class='ocrx_word' id='word_1_461' title='bbox 1517 3366 2060 3435; x_wconf 81' lang='lat' dir='ltr'><strong>concupiscentiam:</strong></span> 
     </span>
    </p>
   </div>
   <div class='ocr_carea' id='block_1_67' title="bbox 483 3459 2060 3531">
    <p class='ocr_par' dir='ltr' id='par_1_67' title="bbox 483 3459 2060 3531">
     <span class='ocr_line' id='line_1_67' title="bbox 483 3459 2060 3531; baseline -0.002 -17"><span class='ocrx_word' id='word_1_462' title='bbox 483 3461 697 3531; x_wconf 84' lang='lat' dir='ltr'><strong>justitia</strong></span> <span class='ocrx_word' id='word_1_463' title='bbox 730 3468 913 3514; x_wconf 88' lang='lat' dir='ltr'><strong>autem</strong></span> <span class='ocrx_word' id='word_1_464' title='bbox 965 3459 1188 3524; x_wconf 89' lang='lat' dir='ltr'><strong>comite,</strong></span> <span class='ocrx_word' id='word_1_465' title='bbox 1241 3459 1504 3513; x_wconf 90' lang='lat' dir='ltr'><strong>malitiam</strong></span> <span class='ocrx_word' id='word_1_466' title='bbox 1557 3475 1776 3513; x_wconf 91' lang='lat' dir='ltr'><strong>omnem</strong></span> <span class='ocrx_word' id='word_1_467' title='bbox 1834 3459 2060 3528; x_wconf 82' lang='lat' dir='ltr'><strong>subigit,</strong></span> 
     </span>
    </p>
   </div>
   <div class='ocr_carea' id='block_1_68' title="bbox 488 3550 2064 3619">
    <p class='ocr_par' dir='ltr' id='par_1_68' title="bbox 488 3550 2064 3619">
     <span class='ocr_line' id='line_1_68' title="bbox 488 3550 2064 3619; baseline 0 -15"><span class='ocrx_word' id='word_1_468' title='bbox 488 3552 662 3606; x_wconf 91' lang='lat' dir='ltr'><strong>vincit</strong></span> <span class='ocrx_word' id='word_1_469' title='bbox 681 3567 811 3606; x_wconf 87' lang='lat' dir='ltr'><strong>vero</strong></span> <span class='ocrx_word' id='word_1_470' title='bbox 833 3551 1157 3605; x_wconf 83' lang='lat' dir='ltr'><strong>fortitudine</strong></span> <span class='ocrx_word' id='word_1_471' title='bbox 1188 3550 1622 3614; x_wconf 90' lang='lat' dir='ltr'><strong>iracundiam,at</strong></span> <span class='ocrx_word' id='word_1_472' title='bbox 1648 3550 1900 3619; x_wconf 89' lang='lat' dir='ltr'><strong>prudenti</strong></span> <span class='ocrx_word' id='word_1_473' title='bbox 1933 3567 2064 3604; x_wconf 87' lang='lat' dir='ltr'><strong>con-</strong></span> 
     </span>
    </p>
   </div>
   <div class='ocr_carea' id='block_1_69' title="bbox 488 3641 2062 3711">
    <p class='ocr_par' dir='ltr' id='par_1_69' title="bbox 488 3641 2062 3711">
     <span class='ocr_line' id='line_1_69' title="bbox 488 3641 2062 3711; baseline -0.001 -13"><span class='ocrx_word' id='word_1_474' title='bbox 488 3643 822 3698; x_wconf 88' lang='lat' dir='ltr'><strong>sideratione</strong></span> <span class='ocrx_word' id='word_1_475' title='bbox 853 3642 1168 3711; x_wconf 84' lang='lat' dir='ltr'><strong>suppeditat</strong></span> <span class='ocrx_word' id='word_1_476' title='bbox 1193 3643 1446 3696; x_wconf 87' lang='lat' dir='ltr'><strong>timorem</strong></span> <span class='ocrx_word' id='word_1_477' title='bbox 1475 3651 1531 3696; x_wconf 92' lang='lat' dir='ltr'><strong>et</strong></span> <span class='ocrx_word' id='word_1_478' title='bbox 1561 3641 1808 3695; x_wconf 82' lang='lat' dir='ltr'><strong>excludit</strong></span> <span class='ocrx_word' id='word_1_479' title='bbox 1842 3660 1853 3694; x_wconf 90' lang='lat'>:</span> <span class='ocrx_word' id='word_1_480' title='bbox 1893 3643 2062 3711; x_wconf 90' lang='lat' dir='ltr'><strong>idque</strong></span> 
     </span>
    </p>
   </div>
   <div class='ocr_carea' id='block_1_70' title="bbox 487 3734 2058 3804">
    <p class='ocr_par' dir='ltr' id='par_1_70' title="bbox 487 3734 2058 3804">
     <span class='ocr_line' id='line_1_70' title="bbox 487 3734 2058 3804; baseline -0.001 -15"><span class='ocrx_word' id='word_1_481' title='bbox 487 3751 598 3789; x_wconf 89' lang='lat' dir='ltr'><strong>non</strong></span> <span class='ocrx_word' id='word_1_482' title='bbox 633 3735 781 3804; x_wconf 91' lang='lat' dir='ltr'><strong>quod</strong></span> <span class='ocrx_word' id='word_1_483' title='bbox 815 3743 1020 3788; x_wconf 87' lang='lat' dir='ltr'><strong>asserat</strong></span> <span class='ocrx_word' id='word_1_484' title='bbox 1055 3750 1148 3788; x_wconf 91' lang='lat' dir='ltr'><strong>eas</strong></span> <span class='ocrx_word' id='word_1_485' title='bbox 1178 3735 1346 3787; x_wconf 88' lang='lat' dir='ltr'><strong>animi</strong></span> <span class='ocrx_word' id='word_1_486' title='bbox 1405 3734 1724 3789; x_wconf 82' lang='lat' dir='ltr'><strong>aii&#39;ectiones</strong></span> <span class='ocrx_word' id='word_1_487' title='bbox 1752 3735 1804 3787; x_wconf 89' lang='lat' dir='ltr'><strong>vi</strong></span> <span class='ocrx_word' id='word_1_488' title='bbox 1845 3735 2058 3795; x_wconf 77' lang='lat' dir='ltr'><strong>illarum</strong></span> 
     </span>
    </p>
   </div>
   <div class='ocr_carea' id='block_1_71' title="bbox 487 3827 2062 3897">
    <p class='ocr_par' dir='ltr' id='par_1_71' title="bbox 487 3827 2062 3897">
     <span class='ocr_line' id='line_1_71' title="bbox 487 3827 2062 3897; baseline 0.001 -16"><span class='ocrx_word' id='word_1_489' title='bbox 487 3829 754 3882; x_wconf 88' lang='lat' dir='ltr'><strong>virtutum</strong></span> <span class='ocrx_word' id='word_1_490' title='bbox 796 3843 1026 3897; x_wconf 87' lang='lat' dir='ltr'><strong>prorsus</strong></span> <span class='ocrx_word' id='word_1_491' title='bbox 1066 3827 1355 3890; x_wconf 76' lang='lat' dir='ltr'><strong>exinaniri,</strong></span> <span class='ocrx_word' id='word_1_492' title='bbox 1390 3827 1523 3894; x_wconf 91' lang='lat' dir='ltr'><strong>quin</strong></span> <span class='ocrx_word' id='word_1_493' title='bbox 1572 3827 1756 3896; x_wconf 90' lang='lat' dir='ltr'><strong>potius</strong></span> <span class='ocrx_word' id='word_1_494' title='bbox 1808 3827 2062 3882; x_wconf 89' lang='lat' dir='ltr'><strong>mistione</strong></span> 
     </span>
    </p>
   </div>
   <div class='ocr_carea' id='block_1_72' title="bbox 487 3917 2061 3990">
    <p class='ocr_par' dir='ltr' id='par_1_72' title="bbox 487 3917 2061 3990">
     <span class='ocr_line' id='line_1_72' title="bbox 487 3917 2061 3990; baseline -0.001 -16"><span class='ocrx_word' id='word_1_495' title='bbox 487 3922 722 3990; x_wconf 85' lang='lat' dir='ltr'><strong>quadam</strong></span> <span class='ocrx_word' id='word_1_496' title='bbox 789 3934 911 3973; x_wconf 85' lang='lat' dir='ltr'><strong>esse</strong></span> <span class='ocrx_word' id='word_1_497' title='bbox 967 3918 1202 3972; x_wconf 90' lang='lat' dir='ltr'><strong>invicem</strong></span> <span class='ocrx_word' id='word_1_498' title='bbox 1263 3917 1608 3986; x_wconf 69' lang='lat' dir='ltr'><strong>coniunctas.</strong></span> <span class='ocrx_word' id='word_1_499' title='bbox 1673 3917 1864 3987; x_wconf 89' lang='lat' dir='ltr'><strong>Neque</strong></span> <span class='ocrx_word' id='word_1_500' title='bbox 1912 3918 2061 3972; x_wconf 90' lang='lat' dir='ltr'><strong>enim</strong></span> 
     </span>
    </p>
   </div>
   <div class='ocr_carea' id='block_1_73' title="bbox 489 4009 2063 4079">
    <p class='ocr_par' dir='ltr' id='par_1_73' title="bbox 489 4009 2063 4079">
     <span class='ocr_line' id='line_1_73' title="bbox 489 4009 2063 4079; baseline 0 -15"><span class='ocrx_word' id='word_1_501' title='bbox 489 4011 856 4064; x_wconf 87' lang='lat' dir='ltr'><strong>consideratio</strong></span> <span class='ocrx_word' id='word_1_502' title='bbox 911 4009 1026 4064; x_wconf 84' lang='lat' dir='ltr'><strong>sive</strong></span> <span class='ocrx_word' id='word_1_503' title='bbox 1081 4009 1431 4062; x_wconf 89' lang='lat' dir='ltr'><strong>ratiocinatio</strong></span> <span class='ocrx_word' id='word_1_504' title='bbox 1468 4009 1830 4078; x_wconf 86' lang='lat' dir='ltr'><strong>quantalibet,</strong></span> <span class='ocrx_word' id='word_1_505' title='bbox 1888 4011 2063 4079; x_wconf 89' lang='lat' dir='ltr'><strong>possit</strong></span> 
     </span>
    </p>
   </div>
   <div class='ocr_carea' id='block_1_74' title="bbox 489 4101 2064 4171">
    <p class='ocr_par' dir='ltr' id='par_1_74' title="bbox 489 4101 2064 4171">
     <span class='ocr_line' id='line_1_74' title="bbox 489 4101 2064 4171; baseline 0.002 -17"><span class='ocrx_word' id='word_1_506' title='bbox 489 4102 558 4157; x_wconf 85' lang='lat' dir='ltr'><strong>ab</strong></span> <span class='ocrx_word' id='word_1_507' title='bbox 586 4102 769 4156; x_wconf 86' lang='lat' dir='ltr'><strong>radice</strong></span> <span class='ocrx_word' id='word_1_508' title='bbox 808 4102 1117 4156; x_wconf 82' lang='lat' dir='ltr'><strong>convellere</strong></span> <span class='ocrx_word' id='word_1_509' title='bbox 1170 4116 1387 4154; x_wconf 89' lang='lat' dir='ltr'><strong>omnem</strong></span> <span class='ocrx_word' id='word_1_510' title='bbox 1434 4101 1748 4170; x_wconf 89' lang='lat' dir='ltr'><strong>passionum</strong></span> <span class='ocrx_word' id='word_1_511' title='bbox 1795 4101 2064 4171; x_wconf 84' lang='lat' dir='ltr'><strong>intempe—</strong></span> 
     </span>
    </p>
   </div>
   <div class='ocr_carea' id='block_1_75' title="bbox 489 4191 2063 4262">
    <p class='ocr_par' dir='ltr' id='par_1_75' title="bbox 489 4191 2063 4262">
     <span class='ocr_line' id='line_1_75' title="bbox 489 4191 2063 4262; baseline 0.003 -19"><span class='ocrx_word' id='word_1_512' title='bbox 489 4191 647 4255; x_wconf 87' lang='lat' dir='ltr'><strong>riem,</strong></span> <span class='ocrx_word' id='word_1_513' title='bbox 674 4191 768 4245; x_wconf 91' lang='lat' dir='ltr'><strong>sed</strong></span> <span class='ocrx_word' id='word_1_514' title='bbox 797 4192 851 4244; x_wconf 89' lang='lat' dir='ltr'><strong>in</strong></span> <span class='ocrx_word' id='word_1_515' title='bbox 883 4192 986 4245; x_wconf 85' lang='lat' dir='ltr'><strong>hoc</strong></span> <span class='ocrx_word' id='word_1_516' title='bbox 1029 4191 1243 4246; x_wconf 87' lang='lat' dir='ltr'><strong>indulta</strong></span> <span class='ocrx_word' id='word_1_517' title='bbox 1277 4191 1486 4244; x_wconf 86' lang='lat' dir='ltr'><strong>homini</strong></span> <span class='ocrx_word' id='word_1_518' title='bbox 1514 4202 1619 4254; x_wconf 89' lang='lat' dir='ltr'><strong>est,</strong></span> <span class='ocrx_word' id='word_1_519' title='bbox 1652 4201 1710 4247; x_wconf 91' lang='lat' dir='ltr'><strong>ut</strong></span> <span class='ocrx_word' id='word_1_520' title='bbox 1746 4193 1879 4262; x_wconf 89' lang='lat' dir='ltr'><strong>ipsis</strong></span> <span class='ocrx_word' id='word_1_521' title='bbox 1903 4194 2063 4247; x_wconf 90' lang='lat' dir='ltr'><strong>oblu-</strong></span> 
     </span>
    </p>
   </div>
   <div class='ocr_carea' id='block_1_76' title="bbox 491 4281 2059 4354">
    <p class='ocr_par' dir='ltr' id='par_1_76' title="bbox 491 4281 2059 4354">
     <span class='ocr_line' id='line_1_76' title="bbox 491 4281 2059 4354; baseline 0.004 -21"><span class='ocrx_word' id='word_1_522' title='bbox 491 4290 745 4337; x_wconf 78' lang='lat' dir='ltr'><strong>ctetnrac</strong></span> <span class='ocrx_word' id='word_1_523' title='bbox 761 4291 1026 4352; x_wconf 74' lang='lat' dir='ltr'><strong>repugnet</strong></span> <span class='ocrx_word' id='word_1_524' title='bbox 1049 4281 1208 4338; x_wconf 88' lang='lat' dir='ltr'><strong>i.-0b</strong></span> <span class='ocrx_word' id='word_1_525' title='bbox 1242 4283 1348 4337; x_wconf 90' lang='lat' dir='ltr'><strong>hoc</strong></span> <span class='ocrx_word' id='word_1_526' title='bbox 1377 4284 1456 4338; x_wconf 89' lang='lat' dir='ltr'><strong>ait</strong></span> <span class='ocrx_word' id='word_1_527' title='bbox 1488 4282 1710 4352; x_wconf 86' lang='lat' dir='ltr'><strong>quidem</strong></span> <span class='ocrx_word' id='word_1_528' title='bbox 1741 4300 1754 4337; x_wconf 92' lang='lat'><strong>:</strong></span> <span class='ocrx_word' id='word_1_529' title='bbox 1781 4283 2059 4354; x_wconf 89' lang='lat' dir='ltr'><strong>Concupi-</strong></span> 
     </span>
    </p>
   </div>
   <div class='ocr_carea' id='block_1_77' title="bbox 487 4374 2055 4446">
    <p class='ocr_par' dir='ltr' id='par_1_77' title="bbox 487 4374 2055 4446">
     <span class='ocr_line' id='line_1_77' title="bbox 487 4374 2055 4446; baseline 0.002 -18"><span class='ocrx_word' id='word_1_530' title='bbox 487 4374 752 4428; x_wconf 85' lang='lat' dir='ltr'><strong>scentiam</strong></span> <span class='ocrx_word' id='word_1_531' title='bbox 784 4384 1210 4428; x_wconf 68' lang='lat' dir='ltr'><strong>nemo-vestrum</strong></span> <span class='ocrx_word' id='word_1_532' title='bbox 1258 4389 1484 4444; x_wconf 89' lang='lat' dir='ltr'><strong>prorsus</strong></span> <span class='ocrx_word' id='word_1_533' title='bbox 1508 4376 1811 4446; x_wconf 77' lang='lat' dir='ltr'><strong>exstirpare</strong></span> <span class='ocrx_word' id='word_1_534' title='bbox 1836 4385 2017 4446; x_wconf 89' lang='lat' dir='ltr'><strong>potest</strong></span> <span class='ocrx_word' id='word_1_535' title='bbox 2041 4393 2055 4430; x_wconf 89' lang='lat'><strong><em>:</em></strong></span> 
     </span>
    </p>
   </div>
   <div class='ocr_carea' id='block_1_78' title="bbox 2167 3185 3714 3258">
    <p class='ocr_par' dir='ltr' id='par_1_78' title="bbox 2167 3185 3714 3258">
     <span class='ocr_line' id='line_1_78' title="bbox 2167 3185 3714 3258; baseline -0.004 -15"><span class='ocrx_word' id='word_1_536' title='bbox 2167 3191 2252 3243; x_wconf 69' lang='grc' dir='ltr'>ἵνα</span> <span class='ocrx_word' id='word_1_537' title='bbox 2295 3189 2387 3242; x_wconf 70' lang='grc' dir='ltr'>καὶ</span> <span class='ocrx_word' id='word_1_538' title='bbox 2433 3189 2594 3258; x_wconf 81' lang='grc' dir='ltr'>ἡμεῖς</span> <span class='ocrx_word' id='word_1_539' title='bbox 2643 3187 2739 3240; x_wconf 80' lang='grc' dir='ltr'><strong>σὺν</strong></span> <span class='ocrx_word' id='word_1_540' title='bbox 2793 3186 2871 3256; x_wconf 84' lang='grc' dir='ltr'>τῷ</span> <span class='ocrx_word' id='word_1_541' title='bbox 2929 3185 3126 3255; x_wconf 86' lang='grc' dir='ltr'>Παύλῳ</span> <span class='ocrx_word' id='word_1_542' title='bbox 3175 3185 3419 3256; x_wconf 76' lang='grc' dir='ltr'>ἐνεργῶς</span> <span class='ocrx_word' id='word_1_543' title='bbox 3470 3186 3714 3256; x_wconf 77' lang='grc' dir='ltr'>εἴπωμεν,</span> 
     </span>
    </p>
   </div>
   <div class='ocr_carea' id='block_1_79' title="bbox 2171 3276 3717 3348">
    <p class='ocr_par' dir='ltr' id='par_1_79' title="bbox 2171 3276 3717 3348">
     <span class='ocr_line' id='line_1_79' title="bbox 2171 3276 3717 3348; baseline -0.003 -16"><span class='ocrx_word' id='word_1_544' title='bbox 2171 3299 2190 3332; x_wconf 73' lang='grc' dir='ltr'><strong>ι</strong></span> <span class='ocrx_word' id='word_1_545' title='bbox 2215 3280 2316 3332; x_wconf 84' lang='grc' dir='ltr'>Τὸν</span> <span class='ocrx_word' id='word_1_546' title='bbox 2351 3279 2537 3348; x_wconf 80' lang='grc' dir='ltr'>ἀγῶνα</span> <span class='ocrx_word' id='word_1_547' title='bbox 2574 3278 2662 3332; x_wconf 83' lang='grc' dir='ltr'><strong>τὸν</strong></span> <span class='ocrx_word' id='word_1_548' title='bbox 2695 3277 2856 3331; x_wconf 72' lang='grc' dir='ltr'>καλὸν</span> <span class='ocrx_word' id='word_1_549' title='bbox 2889 3276 3220 3347; x_wconf 72' lang='grc' dir='ltr'>ἠγώνισμαι,</span> <span class='ocrx_word' id='word_1_550' title='bbox 3270 3278 3360 3329; x_wconf 82' lang='grc' dir='ltr'><strong>τὸν</strong></span> <span class='ocrx_word' id='word_1_551' title='bbox 3407 3277 3605 3347; x_wconf 81' lang='grc' dir='ltr'>δρόμον</span> <span class='ocrx_word' id='word_1_552' title='bbox 3643 3292 3717 3328; x_wconf 88' lang='grc' dir='ltr'>τε·</span> 
     </span>
    </p>
   </div>
   <div class='ocr_carea' id='block_1_80' title="bbox 2164 3368 3716 3441">
    <p class='ocr_par' dir='ltr' id='par_1_80' title="bbox 2164 3368 3716 3441">
     <span class='ocr_line' id='line_1_80' title="bbox 2164 3368 3716 3441; baseline -0.004 -16"><span class='ocrx_word' id='word_1_553' title='bbox 2164 3373 2383 3436; x_wconf 88' lang='grc' dir='ltr'>τέλεκα,</span> <span class='ocrx_word' id='word_1_554' title='bbox 2416 3372 2514 3441; x_wconf 76' lang='grc' dir='ltr'>τὴν</span> <span class='ocrx_word' id='word_1_555' title='bbox 2549 3371 2736 3424; x_wconf 86' lang='grc' dir='ltr'>πίστιν</span> <span class='ocrx_word' id='word_1_556' title='bbox 2776 3371 3079 3440; x_wconf 81' lang='grc' dir='ltr'>τετήρηκα,</span> <span class='ocrx_word' id='word_1_557' title='bbox 3103 3368 3289 3422; x_wconf 83' lang='grc' dir='ltr'>λοιπὸν</span> <span class='ocrx_word' id='word_1_558' title='bbox 3322 3369 3609 3422; x_wconf 82' lang='grc' dir='ltr'>ἀπόκειταί</span> <span class='ocrx_word' id='word_1_559' title='bbox 3637 3385 3716 3438; x_wconf 72' lang='grc' dir='ltr'><strong>μοι</strong></span> 
     </span>
    </p>
   </div>
   <div class='ocr_carea' id='block_1_81' title="bbox 2164 3455 3718 3534">
    <p class='ocr_par' dir='ltr' id='par_1_81' title="bbox 2164 3455 3718 3534">
     <span class='ocr_line' id='line_1_81' title="bbox 2164 3455 3718 3534; baseline -0.005 -17"><span class='ocrx_word' id='word_1_560' title='bbox 2164 3465 2192 3517; x_wconf 78' lang='grc' dir='ltr'><strong>ὁ</strong></span> <span class='ocrx_word' id='word_1_561' title='bbox 2225 3465 2323 3534; x_wconf 81' lang='grc' dir='ltr'>τῆς</span> <span class='ocrx_word' id='word_1_562' title='bbox 2365 3457 2708 3531; x_wconf 78' lang='grc' dir='ltr'>δικαιοσύνης</span> <span class='ocrx_word' id='word_1_563' title='bbox 2747 3461 3030 3529; x_wconf 83' lang='grc' dir='ltr'>στέφανος.</span> <span class='ocrx_word' id='word_1_564' title='bbox 3056 3479 3074 3510; x_wconf 77' lang='grc' dir='ltr'><strong>ι</strong></span> <span class='ocrx_word' id='word_1_565' title='bbox 3123 3460 3471 3529; x_wconf 81' lang='grc' dir='ltr'>Ἐπαλείφων</span> <span class='ocrx_word' id='word_1_566' title='bbox 3523 3459 3580 3511; x_wconf 82' lang='grc' dir='ltr'>δὲ</span> <span class='ocrx_word' id='word_1_567' title='bbox 3633 3455 3718 3510; x_wconf 75' lang='grc' dir='ltr'><strong>καὶ</strong></span> 
     </span>
    </p>
   </div>
   <div class='ocr_carea' id='block_1_82' title="bbox 2162 3550 3718 3625">
    <p class='ocr_par' dir='ltr' id='par_1_82' title="bbox 2162 3550 3718 3625">
     <span class='ocr_line' id='line_1_82' title="bbox 2162 3550 3718 3625; baseline -0.005 -17"><span class='ocrx_word' id='word_1_568' title='bbox 2162 3557 2315 3625; x_wconf 79' lang='grc' dir='ltr'>ἡμᾶς</span> <span class='ocrx_word' id='word_1_569' title='bbox 2347 3553 2484 3624; x_wconf 80' lang='grc' dir='ltr'>πρὸς</span> <span class='ocrx_word' id='word_1_570' title='bbox 2514 3553 2604 3606; x_wconf 82' lang='grc' dir='ltr'><strong>τὸν</strong></span> <span class='ocrx_word' id='word_1_571' title='bbox 2649 3553 2836 3622; x_wconf 82' lang='grc' dir='ltr'>ὅμοιον</span> <span class='ocrx_word' id='word_1_572' title='bbox 2866 3552 3047 3622; x_wconf 79' lang='grc' dir='ltr'>ζῆλον,</span> <span class='ocrx_word' id='word_1_573' title='bbox 3081 3552 3263 3620; x_wconf 77' lang='grc' dir='ltr'>ἔλεγεν</span> <span class='ocrx_word' id='word_1_574' title='bbox 3290 3569 3302 3582; x_wconf 88' lang='grc'><strong>·</strong></span> <span class='ocrx_word' id='word_1_575' title='bbox 3340 3571 3358 3604; x_wconf 81' lang='grc' dir='ltr'><strong>ι</strong></span> <span class='ocrx_word' id='word_1_576' title='bbox 3393 3553 3520 3604; x_wconf 85' lang='grc' dir='ltr'><strong>Ἐὰν</strong></span> <span class='ocrx_word' id='word_1_577' title='bbox 3559 3552 3612 3604; x_wconf 86' lang='grc' dir='ltr'><strong>δέ</strong></span> <span class='ocrx_word' id='word_1_578' title='bbox 3638 3550 3718 3604; x_wconf 72' lang='grc' dir='ltr'><strong>καὶ</strong></span> 
     </span>
    </p>
   </div>
   <div class='ocr_carea' id='block_1_83' title="bbox 2164 3644 3713 3718">
    <p class='ocr_par' dir='ltr' id='par_1_83' title="bbox 2164 3644 3713 3718">
     <span class='ocr_line' id='line_1_83' title="bbox 2164 3644 3713 3718; baseline -0.005 -17"><span class='ocrx_word' id='word_1_579' title='bbox 2164 3647 2297 3718; x_wconf 84' lang='grc' dir='ltr'>ἀθλῇ</span> <span class='ocrx_word' id='word_1_580' title='bbox 2325 3664 2428 3713; x_wconf 92' lang='grc' dir='ltr'>τις,</span> <span class='ocrx_word' id='word_1_581' title='bbox 2452 3645 2511 3699; x_wconf 82' lang='grc' dir='ltr'><strong>ού</strong></span> <span class='ocrx_word' id='word_1_582' title='bbox 2542 3644 2916 3713; x_wconf 80' lang='grc' dir='ltr'>στεφανοῦται,</span> <span class='ocrx_word' id='word_1_583' title='bbox 2949 3646 3040 3698; x_wconf 85' lang='grc' dir='ltr'>ἐὰν</span> <span class='ocrx_word' id='word_1_584' title='bbox 3072 3647 3146 3716; x_wconf 81' lang='grc' dir='ltr'>μὴ</span> <span class='ocrx_word' id='word_1_585' title='bbox 3181 3647 3426 3716; x_wconf 86' lang='grc' dir='ltr'>νομίμως</span> <span class='ocrx_word' id='word_1_586' title='bbox 3455 3645 3713 3716; x_wconf 70' lang='grc' dir='ltr'>ἀθλήσῃ.»</span> 
     </span>
    </p>
   </div>
   <div class='ocr_carea' id='block_1_84' title="bbox 2163 3735 3716 3806">
    <p class='ocr_par' dir='ltr' id='par_1_84' title="bbox 2163 3735 3716 3806">
     <span class='ocr_line' id='line_1_84' title="bbox 2163 3735 3716 3806; baseline -0.006 -13"><span class='ocrx_word' id='word_1_587' title='bbox 2163 3741 2276 3793; x_wconf 73' lang='grc' dir='ltr'><strong>Καὶ</strong></span> <span class='ocrx_word' id='word_1_588' title='bbox 2304 3737 2489 3790; x_wconf 79' lang='grc' dir='ltr'>πάλινο</span> <span class='ocrx_word' id='word_1_589' title='bbox 2519 3754 2537 3787; x_wconf 79' lang='grc' dir='ltr'><strong>ι</strong></span> <span class='ocrx_word' id='word_1_590' title='bbox 2561 3737 2674 3788; x_wconf 85' lang='grc' dir='ltr'>Οὐκ</span> <span class='ocrx_word' id='word_1_591' title='bbox 2707 3735 2906 3798; x_wconf 69' lang='grc' dir='ltr'>οἴδατε,</span> <span class='ocrx_word' id='word_1_592' title='bbox 2960 3737 3043 3788; x_wconf 87' lang='grc' dir='ltr'>ὅτι</span> <span class='ocrx_word' id='word_1_593' title='bbox 3090 3737 3146 3789; x_wconf 90' lang='grc' dir='ltr'><strong>ἐν</strong></span> <span class='ocrx_word' id='word_1_594' title='bbox 3193 3736 3388 3805; x_wconf 81' lang='grc' dir='ltr'>σταδίῳ</span> <span class='ocrx_word' id='word_1_595' title='bbox 3428 3736 3716 3806; x_wconf 81' lang='grc' dir='ltr'>τρέχοντες,</span> 
     </span>
    </p>
   </div>
   <div class='ocr_carea' id='block_1_85' title="bbox 2164 3821 3717 3898">
    <p class='ocr_par' dir='ltr' id='par_1_85' title="bbox 2164 3821 3717 3898">
     <span class='ocr_line' id='line_1_85' title="bbox 2164 3821 3717 3898; baseline -0.005 -14"><span class='ocrx_word' id='word_1_596' title='bbox 2164 3821 2365 3892; x_wconf 76' lang='grc' dir='ltr'>πάντες</span> <span class='ocrx_word' id='word_1_597' title='bbox 2393 3829 2490 3898; x_wconf 80' lang='grc' dir='ltr'>μὲν</span> <span class='ocrx_word' id='word_1_598' title='bbox 2513 3827 2822 3897; x_wconf 86' lang='grc' dir='ltr'>τρέχουσιν,</span> <span class='ocrx_word' id='word_1_599' title='bbox 2858 3821 2938 3889; x_wconf 78' lang='grc' dir='ltr'>εἷς</span> <span class='ocrx_word' id='word_1_600' title='bbox 2961 3826 3017 3878; x_wconf 80' lang='grc' dir='ltr'>δὲ</span> <span class='ocrx_word' id='word_1_601' title='bbox 3058 3826 3322 3896; x_wconf 82' lang='grc' dir='ltr'>λαμϐάνει</span> <span class='ocrx_word' id='word_1_602' title='bbox 3355 3827 3413 3878; x_wconf 81' lang='grc' dir='ltr'><strong>τὸ</strong></span> <span class='ocrx_word' id='word_1_603' title='bbox 3448 3826 3717 3897; x_wconf 83' lang='grc' dir='ltr'>βραϐεῖον;</span> 
     </span>
    </p>
   </div>
   <div class='ocr_carea' id='block_1_86' title="bbox 2163 3916 3720 3990">
    <p class='ocr_par' dir='ltr' id='par_1_86' title="bbox 2163 3916 3720 3990">
     <span class='ocr_line' id='line_1_86' title="bbox 2163 3916 3720 3990; baseline -0.004 -16"><span class='ocrx_word' id='word_1_604' title='bbox 2163 3921 2306 3976; x_wconf 85' lang='grc' dir='ltr'>οὑτω</span> <span class='ocrx_word' id='word_1_605' title='bbox 2353 3919 2598 3990; x_wconf 87' lang='grc' dir='ltr'>τρέχετε,</span> <span class='ocrx_word' id='word_1_606' title='bbox 2636 3919 2723 3971; x_wconf 75' lang='grc' dir='ltr'>ἴνα</span> <span class='ocrx_word' id='word_1_607' title='bbox 2771 3916 3136 3988; x_wconf 88' lang='grc' dir='ltr'>καταλάϐητε.</span> <span class='ocrx_word' id='word_1_608' title='bbox 3185 3917 3323 3986; x_wconf 87' lang='grc' dir='ltr'><strong>Ἐγὼ</strong></span> <span class='ocrx_word' id='word_1_609' title='bbox 3351 3919 3532 3971; x_wconf 86' lang='grc' dir='ltr'>τοίνυν</span> <span class='ocrx_word' id='word_1_610' title='bbox 3561 3917 3720 3977; x_wconf 83' lang='grc' dir='ltr'>οὑτως</span> 
     </span>
    </p>
   </div>
   <div class='ocr_carea' id='block_1_87' title="bbox 2161 4006 3718 4082">
    <p class='ocr_par' dir='ltr' id='par_1_87' title="bbox 2161 4006 3718 4082">
     <span class='ocr_line' id='line_1_87' title="bbox 2161 4006 3718 4082; baseline -0.005 -18"><span class='ocrx_word' id='word_1_611' title='bbox 2161 4011 2342 4082; x_wconf 85' lang='grc' dir='ltr'>τρέχω</span> <span class='ocrx_word' id='word_1_612' title='bbox 2366 4010 2440 4072; x_wconf 86' lang='grc' dir='ltr'>ὼς</span> <span class='ocrx_word' id='word_1_613' title='bbox 2470 4009 2568 4061; x_wconf 88' lang='grc' dir='ltr'><strong>οὑκ</strong></span> <span class='ocrx_word' id='word_1_614' title='bbox 2607 4007 2838 4078; x_wconf 86' lang='grc' dir='ltr'>ἀδήλως,</span> <span class='ocrx_word' id='word_1_615' title='bbox 2869 4006 3042 4069; x_wconf 84' lang='grc' dir='ltr'>οὑτως</span> <span class='ocrx_word' id='word_1_616' title='bbox 3069 4007 3343 4070; x_wconf 84' lang='grc' dir='ltr'>πυκτεύω,</span> <span class='ocrx_word' id='word_1_617' title='bbox 3371 4007 3447 4070; x_wconf 83' lang='grc' dir='ltr'>ὡς</span> <span class='ocrx_word' id='word_1_618' title='bbox 3471 4009 3568 4059; x_wconf 82' lang='grc' dir='ltr'><strong>οὑκ</strong></span> <span class='ocrx_word' id='word_1_619' title='bbox 3597 4006 3718 4073; x_wconf 82' lang='grc' dir='ltr'>ἀέρα</span> 
     </span>
    </p>
   </div>
   <div class='ocr_carea' id='block_1_88' title="bbox 2162 4096 3720 4172">
    <p class='ocr_par' dir='ltr' id='par_1_88' title="bbox 2162 4096 3720 4172">
     <span class='ocr_line' id='line_1_88' title="bbox 2162 4096 3720 4172; baseline -0.005 -17"><span class='ocrx_word' id='word_1_620' title='bbox 2162 4102 2334 4172; x_wconf 82' lang='grc' dir='ltr'>δέρων</span> <span class='ocrx_word' id='word_1_621' title='bbox 2355 4118 2367 4130; x_wconf 93' lang='grc'><strong>·</strong></span> <span class='ocrx_word' id='word_1_622' title='bbox 2407 4099 2521 4154; x_wconf 81' lang='grc' dir='ltr'>ἀλλ’</span> <span class='ocrx_word' id='word_1_623' title='bbox 2551 4096 2857 4160; x_wconf 77' lang='grc' dir='ltr'>ὑπωπιάζω</span> <span class='ocrx_word' id='word_1_624' title='bbox 2907 4114 3008 4166; x_wconf 84' lang='grc' dir='ltr'><strong>μου</strong></span> <span class='ocrx_word' id='word_1_625' title='bbox 3042 4096 3102 4148; x_wconf 76' lang='grc' dir='ltr'>τὸ</span> <span class='ocrx_word' id='word_1_626' title='bbox 3146 4097 3307 4167; x_wconf 85' lang='grc' dir='ltr'>σῶμα</span> <span class='ocrx_word' id='word_1_627' title='bbox 3339 4098 3433 4149; x_wconf 80' lang='grc' dir='ltr'><strong>καὶ</strong></span> <span class='ocrx_word' id='word_1_628' title='bbox 3465 4097 3720 4162; x_wconf 78' lang='grc' dir='ltr'>δουλαγω-</span> 
     </span>
    </p>
   </div>
   <div class='ocr_carea' id='block_1_89' title="bbox 2161 4189 3720 4271">
    <p class='ocr_par' dir='ltr' id='par_1_89' title="bbox 2161 4189 3720 4271">
     <span class='ocr_line' id='line_1_89' title="bbox 2161 4189 3720 4271; baseline -0.005 -24"><span class='ocrx_word' id='word_1_629' title='bbox 2161 4195 2265 4264; x_wconf 84' lang='grc' dir='ltr'>γῶ,</span> <span class='ocrx_word' id='word_1_630' title='bbox 2303 4195 2497 4266; x_wconf 83' lang='grc' dir='ltr'>μήπως</span> <span class='ocrx_word' id='word_1_631' title='bbox 2535 4191 2714 4254; x_wconf 80' lang='grc' dir='ltr'>ἄλλοις</span> <span class='ocrx_word' id='word_1_632' title='bbox 2763 4189 3026 4260; x_wconf 82' lang='grc' dir='ltr'>κηρύξας,</span> <span class='ocrx_word' id='word_1_633' title='bbox 3084 4189 3244 4252; x_wconf 75' lang='grc' dir='ltr'>αὐτὸς</span> <span class='ocrx_word' id='word_1_634' title='bbox 3285 4189 3539 4271; x_wconf 78' lang='grc' dir='ltr'>ἀδόκιμος</span> <span class='ocrx_word' id='word_1_635' title='bbox 3569 4189 3720 4257; x_wconf 84' lang='grc' dir='ltr'>γένω-</span> 
     </span>
    </p>
   </div>
   <div class='ocr_carea' id='block_1_90' title="bbox 2166 4278 3722 4358">
    <p class='ocr_par' dir='ltr' id='par_1_90' title="bbox 2166 4278 3722 4358">
     <span class='ocr_line' id='line_1_90' title="bbox 2166 4278 3722 4358; baseline -0.004 -19"><span class='ocrx_word' id='word_1_636' title='bbox 2166 4303 2286 4358; x_wconf 90' lang='grc' dir='ltr'>μαι.</span> <span class='ocrx_word' id='word_1_637' title='bbox 2317 4303 2336 4338; x_wconf 79' lang='grc'>›</span> <span class='ocrx_word' id='word_1_638' title='bbox 2383 4283 2718 4338; x_wconf 82' lang='grc' dir='ltr'>Ἐπιστὲλλει</span> <span class='ocrx_word' id='word_1_639' title='bbox 2741 4281 2798 4334; x_wconf 88' lang='grc' dir='ltr'>δὲ</span> <span class='ocrx_word' id='word_1_640' title='bbox 2836 4281 2932 4333; x_wconf 68' lang='grc' dir='ltr'><strong>καὶ</strong></span> <span class='ocrx_word' id='word_1_641' title='bbox 2967 4280 3367 4351; x_wconf 79' lang='grc' dir='ltr'>Φιλιππησίοις·</span> <span class='ocrx_word' id='word_1_642' title='bbox 3397 4300 3418 4332; x_wconf 77' lang='grc' dir='ltr'><strong>ι</strong></span> <span class='ocrx_word' id='word_1_643' title='bbox 3445 4282 3545 4333; x_wconf 71' lang='grc' dir='ltr'><strong>Τὸν</strong></span> <span class='ocrx_word' id='word_1_644' title='bbox 3575 4278 3722 4334; x_wconf 76' lang='grc' dir='ltr'>αὑτὸν</span> 
     </span>
    </p>
   </div>
   <div class='ocr_carea' id='block_1_91' title="bbox 2168 4368 3720 4446">
    <p class='ocr_par' dir='ltr' id='par_1_91' title="bbox 2168 4368 3720 4446">
     <span class='ocr_line' id='line_1_91' title="bbox 2168 4368 3720 4446; baseline -0.007 -15"><span class='ocrx_word' id='word_1_645' title='bbox 2168 4377 2354 4446; x_wconf 84' lang='grc' dir='ltr'>ἀγῶνα</span> <span class='ocrx_word' id='word_1_646' title='bbox 2383 4374 2441 4427; x_wconf 84' lang='grc' dir='ltr'>ὃν</span> <span class='ocrx_word' id='word_1_647' title='bbox 2473 4373 2609 4425; x_wconf 77' lang='grc' dir='ltr'>ἴδετε</span> <span class='ocrx_word' id='word_1_648' title='bbox 2639 4371 2734 4424; x_wconf 67' lang='grc' dir='ltr'>καὶ</span> <span class='ocrx_word' id='word_1_649' title='bbox 2762 4370 2991 4441; x_wconf 77' lang='grc' dir='ltr'>ἐμάθετε</span> <span class='ocrx_word' id='word_1_650' title='bbox 3023 4372 3079 4424; x_wconf 88' lang='grc' dir='ltr'><strong>ἐν</strong></span> <span class='ocrx_word' id='word_1_651' title='bbox 3107 4372 3248 4440; x_wconf 74' lang='grc' dir='ltr'>ἐμοὶ,</span> <span class='ocrx_word' id='word_1_652' title='bbox 3285 4370 3378 4423; x_wconf 73' lang='grc' dir='ltr'><strong>καὶ</strong></span> <span class='ocrx_word' id='word_1_653' title='bbox 3409 4369 3504 4422; x_wconf 79' lang='grc' dir='ltr'>νῦν</span> <span class='ocrx_word' id='word_1_654' title='bbox 3545 4368 3720 4423; x_wconf 81' lang='grc' dir='ltr'>ἀκούε·</span> 
     </span>
    </p>
   </div>
   <div class='ocr_carea' id='block_1_92' title="bbox 479 4443 2057 4538">
    <p class='ocr_par' dir='ltr' id='par_1_92' title="bbox 479 4443 2057 4538">
     <span class='ocr_line' id='line_1_92' title="bbox 479 4443 2057 4538; baseline 0.003 -20"><span class='ocrx_word' id='word_1_655' title='bbox 479 4465 584 4519; x_wconf 78' lang='lat' dir='ltr'><strong>sed</strong></span> <span class='ocrx_word' id='word_1_656' title='bbox 615 4465 788 4533; x_wconf 87' lang='lat' dir='ltr'><strong>quid?</strong></span> <span class='ocrx_word' id='word_1_657' title='bbox 815 4465 885 4519; x_wconf 87' lang='lat' dir='ltr'><strong>Ut</strong></span> <span class='ocrx_word' id='word_1_658' title='bbox 907 4480 973 4520; x_wconf 91' lang='lat' dir='ltr'><strong>ne</strong></span> <span class='ocrx_word' id='word_1_659' title='bbox 999 4443 1459 4534; x_wconf 80' lang='lat' dir='ltr'><strong>concupiscentiae</strong></span> <span class='ocrx_word' id='word_1_660' title='bbox 1484 4443 1778 4533; x_wconf 78' lang='lat' dir='ltr'><strong>serviatur,</strong></span> <span class='ocrx_word' id='word_1_661' title='bbox 1807 4443 1914 4521; x_wconf 76' lang='lat' dir='ltr'><strong>hoc</strong></span> <span class='ocrx_word' id='word_1_662' title='bbox 1941 4467 2057 4538; x_wconf 92' lang='lat' dir='ltr'><strong>ipso</strong></span> 
     </span>
    </p>
   </div>
   <div class='ocr_carea' id='block_1_93' title="bbox 2158 4443 3724 4538">
    <p class='ocr_par' dir='ltr' id='par_1_93' title="bbox 2165 4443 3724 4532">
     <span class='ocr_line' id='line_1_93' title="bbox 2165 4443 3724 4532; baseline -0.008 -11"><span class='ocrx_word' id='word_1_663' title='bbox 2165 4443 2246 4520; x_wconf 80' lang='grc' dir='ltr'><strong>τε.</strong></span> <span class='ocrx_word' id='word_1_664' title='bbox 2273 4485 2292 4518; x_wconf 72' lang='grc' dir='ltr'><strong>ι</strong></span> <span class='ocrx_word' id='word_1_665' title='bbox 2328 4466 2453 4527; x_wconf 88' lang='grc' dir='ltr'>Τοῖς</span> <span class='ocrx_word' id='word_1_666' title='bbox 2482 4463 2538 4515; x_wconf 86' lang='grc' dir='ltr'>δὲ</span> <span class='ocrx_word' id='word_1_667' title='bbox 2577 4460 2849 4532; x_wconf 85' lang='grc' dir='ltr'>Ἑϐραίοις</span> <span class='ocrx_word' id='word_1_668' title='bbox 2873 4460 3057 4530; x_wconf 69' lang='grc' dir='ltr'>φησίν*</span> <span class='ocrx_word' id='word_1_669' title='bbox 3089 4479 3107 4512; x_wconf 79' lang='grc' dir='ltr'><strong>ι</strong></span> <span class='ocrx_word' id='word_1_670' title='bbox 3139 4460 3305 4513; x_wconf 84' lang='grc' dir='ltr'>Οὑπω</span> <span class='ocrx_word' id='word_1_671' title='bbox 3333 4460 3525 4531; x_wconf 86' lang='grc' dir='ltr'>μέχρις</span> <span class='ocrx_word' id='word_1_672' title='bbox 3569 4462 3724 4528; x_wconf 84' lang='grc' dir='ltr'>αἵμα-</span> 
     </span>
    </p>
   </div>
   <div class='ocr_carea' id='block_1_94' title="bbox 490 4545 2057 4628">
    <p class='ocr_par' dir='ltr' id='par_1_94' title="bbox 490 4561 2057 4628">
     <span class='ocr_line' id='line_1_94' title="bbox 490 4561 2057 4628; baseline 0.004 -17"><span class='ocrx_word' id='word_1_673' title='bbox 490 4571 752 4628; x_wconf 68' lang='lat' dir='ltr'><strong>praastare</strong></span> <span class='ocrx_word' id='word_1_674' title='bbox 793 4570 973 4628; x_wconf 87' lang='lat' dir='ltr'><strong>potest</strong></span> <span class='ocrx_word' id='word_1_675' title='bbox 1019 4561 1411 4616; x_wconf 88' lang='lat' dir='ltr'><strong>consideratio.</strong></span> <span class='ocrx_word' id='word_1_676' title='bbox 1461 4561 1602 4617; x_wconf 86' lang='lat' dir='ltr'><strong>Sane</strong></span> <span class='ocrx_word' id='word_1_677' title='bbox 1633 4579 1742 4617; x_wconf 92' lang='lat' dir='ltr'><strong>non</strong></span> <span class='ocrx_word' id='word_1_678' title='bbox 1792 4562 2057 4619; x_wconf 90' lang='lat' dir='ltr'><strong>mediocri</strong></span> 
     </span>
    </p>
   </div>
   <div class='ocr_carea' id='block_1_95' title="bbox 2158 4545 3722 4628">
    <p class='ocr_par' dir='ltr' id='par_1_95' title="bbox 2170 4545 3722 4623">
     <span class='ocr_line' id='line_1_95' title="bbox 2170 4545 3722 4623; baseline -0.015 -8"><span class='ocrx_word' id='word_1_679' title='bbox 2170 4577 2261 4622; x_wconf 92' lang='grc' dir='ltr'><strong>τος</strong></span> <span class='ocrx_word' id='word_1_680' title='bbox 2293 4553 2734 4620; x_wconf 80' lang='grc' dir='ltr'>ἀντικατέστητε,</span> <span class='ocrx_word' id='word_1_681' title='bbox 2768 4551 2899 4623; x_wconf 77' lang='grc' dir='ltr'>πρὸς</span> <span class='ocrx_word' id='word_1_682' title='bbox 2930 4549 3026 4620; x_wconf 82' lang='grc' dir='ltr'>τὴν</span> <span class='ocrx_word' id='word_1_683' title='bbox 3057 4551 3332 4620; x_wconf 82' lang='grc' dir='ltr'>ἁμαρτίαν</span> <span class='ocrx_word' id='word_1_684' title='bbox 3372 4545 3722 4616; x_wconf 79' lang='grc' dir='ltr'>ἀνταγωνιςὸ-</span> 
     </span>
    </p>
   </div>
   <div class='ocr_carea' id='block_1_96' title="bbox 475 4637 2057 4725">
    <p class='ocr_par' dir='ltr' id='par_1_96' title="bbox 475 4650 2057 4725">
     <span class='ocr_line' id='line_1_96' title="bbox 475 4650 2057 4725; baseline 0.007 -25"><span class='ocrx_word' id='word_1_685' title='bbox 475 4663 631 4717; x_wconf 78' lang='lat' dir='ltr'><strong>opus</strong></span> <span class='ocrx_word' id='word_1_686' title='bbox 654 4664 848 4718; x_wconf 82' lang='lat' dir='ltr'><strong>agone,</strong></span> <span class='ocrx_word' id='word_1_687' title='bbox 875 4658 935 4703; x_wconf 91' lang='lat' dir='ltr'><strong>ut</strong></span> <span class='ocrx_word' id='word_1_688' title='bbox 963 4666 1153 4704; x_wconf 82' lang='lat' dir='ltr'><strong>revera</strong></span> <span class='ocrx_word' id='word_1_689' title='bbox 1187 4660 1241 4706; x_wconf 87' lang='lat' dir='ltr'><strong>et</strong></span> <span class='ocrx_word' id='word_1_690' title='bbox 1262 4650 1556 4707; x_wconf 77' lang='lat' dir='ltr'><strong>eﬂicaciter</strong></span> <span class='ocrx_word' id='word_1_691' title='bbox 1583 4653 1766 4708; x_wconf 89' lang='lat' dir='ltr'><strong>dicere</strong></span> <span class='ocrx_word' id='word_1_692' title='bbox 1791 4655 2057 4725; x_wconf 82' lang='lat' dir='ltr'><strong>possimus</strong></span> 
     </span>
    </p>
   </div>
   <div class='ocr_carea' id='block_1_97' title="bbox 2158 4637 3726 4725">
    <p class='ocr_par' dir='ltr' id='par_1_97' title="bbox 2169 4637 3726 4724">
     <span class='ocr_line' id='line_1_97' title="bbox 2169 4637 3726 4724; baseline -0.01 -20"><span class='ocrx_word' id='word_1_693' title='bbox 2169 4664 2355 4724; x_wconf 61' lang='grc' dir='ltr'>μενον</span> <span class='ocrx_word' id='word_1_694' title='bbox 2393 4645 2488 4698; x_wconf 59' lang='grc' dir='ltr'><strong>καί⁵</strong></span> <span class='ocrx_word' id='word_1_695' title='bbox 2519 4640 2814 4710; x_wconf 77' lang='grc' dir='ltr'>ἐκλέλησθε</span> <span class='ocrx_word' id='word_1_696' title='bbox 2868 4641 2966 4710; x_wconf 83' lang='grc' dir='ltr'><strong>τῆς</strong></span> <span class='ocrx_word' id='word_1_697' title='bbox 3016 4641 3414 4712; x_wconf 82' lang='grc' dir='ltr'>παρακλήσεως</span> <span class='ocrx_word' id='word_1_698' title='bbox 3455 4639 3580 4708; x_wconf 71' lang='grc' dir='ltr'>ἥτις</span> <span class='ocrx_word' id='word_1_699' title='bbox 3611 4637 3726 4706; x_wconf 83' lang='grc' dir='ltr'>ὑμῖν</span> 
     </span>
    </p>
   </div>
   <div class='ocr_carea' id='block_1_98' title="bbox 473 4730 2057 4822">
    <p class='ocr_par' dir='ltr' id='par_1_98' title="bbox 473 4737 2057 4822">
     <span class='ocr_line' id='line_1_98' title="bbox 473 4737 2057 4822; baseline 0.006 -34"><span class='ocrx_word' id='word_1_700' title='bbox 473 4751 615 4789; x_wconf 74' lang='lat' dir='ltr'><strong>.cum</strong></span> <span class='ocrx_word' id='word_1_701' title='bbox 665 4737 834 4790; x_wconf 86' lang='lat' dir='ltr'><strong>Paulo</strong></span> <span class='ocrx_word' id='word_1_702' title='bbox 869 4755 938 4822; x_wconf 37' lang='grc' dir='ltr'><strong>τῇ(</strong></span> <span class='ocrx_word' id='word_1_703' title='bbox 966 4737 1176 4792; x_wconf 90' lang='lat' dir='ltr'><strong>Bonum</strong></span> <span class='ocrx_word' id='word_1_704' title='bbox 1227 4748 1506 4794; x_wconf 86' lang='lat' dir='ltr'><strong>certamen</strong></span> <span class='ocrx_word' id='word_1_705' title='bbox 1563 4744 1790 4808; x_wconf 86' lang='lat' dir='ltr'><strong>certavi,</strong></span> <span class='ocrx_word' id='word_1_706' title='bbox 1841 4759 2057 4798; x_wconf 91' lang='lat' dir='ltr'><strong>cursum</strong></span> 
     </span>
    </p>
   </div>
   <div class='ocr_carea' id='block_1_99' title="bbox 2158 4730 3728 4822">
    <p class='ocr_par' dir='ltr' id='par_1_99' title="bbox 2166 4730 3728 4806">
     <span class='ocr_line' id='line_1_99' title="bbox 2166 4730 3728 4806; baseline -0.012 -9"><span class='ocrx_word' id='word_1_707' title='bbox 2166 4744 2239 4806; x_wconf 85' lang='grc' dir='ltr'>ὡς</span> <span class='ocrx_word' id='word_1_708' title='bbox 2285 4741 2419 4801; x_wconf 81' lang='grc' dir='ltr'>υἱοῖς</span> <span class='ocrx_word' id='word_1_709' title='bbox 2474 4735 2810 4803; x_wconf 84' lang='grc' dir='ltr'>διαλέγεται·</span> <span class='ocrx_word' id='word_1_710' title='bbox 2838 4732 2957 4796; x_wconf 79' lang='grc' dir='ltr'><strong>Υίέ,</strong></span> <span class='ocrx_word' id='word_1_711' title='bbox 2991 4734 3177 4802; x_wconf 75' lang='grc' dir='ltr'>φησὶν,</span> <span class='ocrx_word' id='word_1_712' title='bbox 3212 4736 3289 4803; x_wconf 82' lang='grc' dir='ltr'>μὴ</span> <span class='ocrx_word' id='word_1_713' title='bbox 3313 4730 3568 4802; x_wconf 77' lang='grc' dir='ltr'>ὀλιγώρει</span> <span class='ocrx_word' id='word_1_714' title='bbox 3614 4746 3728 4780; x_wconf 81' lang='grc' dir='ltr'>παι·</span> 
     </span>
    </p>
   </div>
   <div class='ocr_carea' id='block_1_100' title="bbox 472 4827 2066 4903">
    <p class='ocr_par' dir='ltr' id='par_1_100' title="bbox 472 4827 2066 4903">
     <span class='ocr_line' id='line_1_100' title="bbox 472 4827 2066 4903; baseline 0.006 -24"><span class='ocrx_word' id='word_1_715' title='bbox 472 4828 886 4892; x_wconf 80' lang='lat' dir='ltr'><strong>..-consummavi,</strong></span> <span class='ocrx_word' id='word_1_716' title='bbox 946 4827 1106 4880; x_wconf 81' lang='lat' dir='ltr'><strong>ﬁdem</strong></span> <span class='ocrx_word' id='word_1_717' title='bbox 1165 4829 1497 4886; x_wconf 76' lang='lat' dir='ltr'><strong>servavizin</strong></span> <span class='ocrx_word' id='word_1_718' title='bbox 1563 4832 1835 4902; x_wconf 85' lang='lat' dir='ltr'><strong>reliquum</strong></span> <span class='ocrx_word' id='word_1_719' title='bbox 1903 4848 2066 4903; x_wconf 83' lang='lat' dir='ltr'><strong>repo-</strong></span> 
     </span>
    </p>
   </div>
   <div class='ocr_carea' id='block_1_101' title="bbox 489 4917 2061 4989">
    <p class='ocr_par' dir='ltr' id='par_1_101' title="bbox 489 4917 2061 4989">
     <span class='ocr_line' id='line_1_101' title="bbox 489 4917 2061 4989; baseline 0.005 -18"><span class='ocrx_word' id='word_1_720' title='bbox 489 4918 594 4972; x_wconf 89' lang='lat' dir='ltr'><strong>sita</strong></span> <span class='ocrx_word' id='word_1_721' title='bbox 643 4925 728 4971; x_wconf 89' lang='lat' dir='ltr'><strong>est</strong></span> <span class='ocrx_word' id='word_1_722' title='bbox 781 4917 915 4970; x_wconf 89' lang='lat' dir='ltr'><strong>mihi</strong></span> <span class='ocrx_word' id='word_1_723' title='bbox 967 4933 1168 4972; x_wconf 88' lang='lat' dir='ltr'><strong>corona</strong></span> <span class='ocrx_word' id='word_1_724' title='bbox 1222 4921 1528 4989; x_wconf 70' lang='lat' dir='ltr'><strong>iustitiae&quot;.</strong></span> <span class='ocrx_word' id='word_1_725' title='bbox 1560 4941 1578 4974; x_wconf 76' lang='grc' dir='ltr'><strong>ι</strong></span> <span class='ocrx_word' id='word_1_726' title='bbox 1626 4922 1775 4976; x_wconf 78' lang='lat' dir='ltr'><strong>idem</strong></span> <span class='ocrx_word' id='word_1_727' title='bbox 1825 4938 1927 4978; x_wconf 89' lang='lat' dir='ltr'><strong>nos</strong></span> <span class='ocrx_word' id='word_1_728' title='bbox 1993 4923 2061 4979; x_wconf 92' lang='lat' dir='ltr'><strong>ad</strong></span> 
     </span>
    </p>
   </div>
   <div class='ocr_carea' id='block_1_102' title="bbox 473 5009 2057 5080">
    <p class='ocr_par' dir='ltr' id='par_1_102' title="bbox 473 5009 2057 5080">
     <span class='ocr_line' id='line_1_102' title="bbox 473 5009 2057 5080; baseline 0.004 -17"><span class='ocrx_word' id='word_1_729' title='bbox 473 5010 724 5080; x_wconf 71' lang='lat' dir='ltr'><strong>:exempli</strong></span> <span class='ocrx_word' id='word_1_730' title='bbox 779 5009 977 5064; x_wconf 84' lang='lat' dir='ltr'><strong>similis</strong></span> <span class='ocrx_word' id='word_1_731' title='bbox 1022 5009 1380 5066; x_wconf 89' lang='lat' dir='ltr'><strong>imitationem</strong></span> <span class='ocrx_word' id='word_1_732' title='bbox 1447 5029 1752 5078; x_wconf 83' lang='lat' dir='ltr'><strong>exercens,</strong></span> <span class='ocrx_word' id='word_1_733' title='bbox 1803 5013 2057 5070; x_wconf 89' lang='lat' dir='ltr'><strong>dicebat:</strong></span> 
     </span>
    </p>
   </div>
   <div class='ocr_carea' id='block_1_103' title="bbox 495 5101 2063 5173">
    <p class='ocr_par' dir='ltr' id='par_1_103' title="bbox 495 5101 2063 5173">
     <span class='ocr_line' id='line_1_103' title="bbox 495 5101 2063 5173; baseline 0.006 -23"><span class='ocrx_word' id='word_1_734' title='bbox 495 5101 655 5168; x_wconf 64' lang='lat' dir='ltr'><strong>«Qui</strong></span> <span class='ocrx_word' id='word_1_735' title='bbox 702 5103 757 5157; x_wconf 93' lang='lat' dir='ltr'><strong>in</strong></span> <span class='ocrx_word' id='word_1_736' title='bbox 825 5117 1000 5173; x_wconf 89' lang='lat' dir='ltr'><strong>agone</strong></span> <span class='ocrx_word' id='word_1_737' title='bbox 1050 5104 1353 5170; x_wconf 89' lang='lat' dir='ltr'><strong>contendit,</strong></span> <span class='ocrx_word' id='word_1_738' title='bbox 1384 5121 1494 5159; x_wconf 90' lang='lat' dir='ltr'><strong>non</strong></span> <span class='ocrx_word' id='word_1_739' title='bbox 1543 5106 1901 5162; x_wconf 87' lang='lat' dir='ltr'><strong>coronabitur</strong></span> <span class='ocrx_word' id='word_1_740' title='bbox 1955 5107 2063 5162; x_wconf 88' lang='lat' dir='ltr'><strong>nisi</strong></span> 
     </span>
    </p>
   </div>
   <div class='ocr_carea' id='block_1_104' title="bbox 485 5195 2062 5268">
    <p class='ocr_par' dir='ltr' id='par_1_104' title="bbox 485 5195 2062 5268">
     <span class='ocr_line' id='line_1_104' title="bbox 485 5195 2062 5268; baseline 0.001 -18"><span class='ocrx_word' id='word_1_741' title='bbox 485 5195 732 5265; x_wconf 78' lang='lat' dir='ltr'><strong>legitime</strong></span> <span class='ocrx_word' id='word_1_742' title='bbox 753 5196 1122 5251; x_wconf 89' lang='lat' dir='ltr'><strong>deccrtaverit</strong></span> <span class='ocrx_word' id='word_1_743' title='bbox 1143 5197 1208 5248; x_wconf 77' lang='grc' dir='ltr'>ὀ.</span> <span class='ocrx_word' id='word_1_744' title='bbox 1243 5216 1261 5248; x_wconf 73' lang='grc' dir='ltr'><strong>ι</strong></span> <span class='ocrx_word' id='word_1_745' title='bbox 1293 5197 1497 5252; x_wconf 89' lang='lat' dir='ltr'><strong>lterum</strong></span> <span class='ocrx_word' id='word_1_746' title='bbox 1529 5215 1542 5251; x_wconf 90' lang='lat'><strong>:</strong></span> <span class='ocrx_word' id='word_1_747' title='bbox 1578 5217 1595 5250; x_wconf 81' lang='grc' dir='ltr'><strong>ι</strong></span> <span class='ocrx_word' id='word_1_748' title='bbox 1625 5197 1886 5258; x_wconf 85' lang='lat' dir='ltr'><strong>Nescitis.</strong></span> <span class='ocrx_word' id='word_1_749' title='bbox 1914 5199 2062 5268; x_wconf 92' lang='lat' dir='ltr'><strong>quod</strong></span> 
     </span>
    </p>
   </div>
   <div class='ocr_carea' id='block_1_105' title="bbox 473 5289 2062 5359">
    <p class='ocr_par' dir='ltr' id='par_1_105' title="bbox 473 5289 2062 5359">
     <span class='ocr_line' id='line_1_105' title="bbox 473 5289 2062 5359; baseline 0.004 -19"><span class='ocrx_word' id='word_1_750' title='bbox 473 5289 584 5356; x_wconf 63' lang='lat' dir='ltr'><strong>qui</strong></span> <span class='ocrx_word' id='word_1_751' title='bbox 619 5289 674 5342; x_wconf 88' lang='lat' dir='ltr'><strong>in</strong></span> <span class='ocrx_word' id='word_1_752' title='bbox 709 5289 888 5343; x_wconf 88' lang='lat' dir='ltr'><strong>stadio</strong></span> <span class='ocrx_word' id='word_1_753' title='bbox 919 5299 1170 5353; x_wconf 87' lang='lat' dir='ltr'><strong>currunt,</strong></span> <span class='ocrx_word' id='word_1_754' title='bbox 1205 5303 1397 5345; x_wconf 88' lang='lat' dir='ltr'><strong>omnes</strong></span> <span class='ocrx_word' id='word_1_755' title='bbox 1429 5289 1652 5359; x_wconf 90' lang='lat' dir='ltr'><strong>quidem</strong></span> <span class='ocrx_word' id='word_1_756' title='bbox 1680 5297 1932 5348; x_wconf 87' lang='lat' dir='ltr'><strong>currunt.</strong></span> <span class='ocrx_word' id='word_1_757' title='bbox 1964 5291 2062 5346; x_wconf 88' lang='lat' dir='ltr'><strong>sed</strong></span> 
     </span>
    </p>
   </div>
   <div class='ocr_carea' id='block_1_106' title="bbox 475 5379 2062 5451">
    <p class='ocr_par' dir='ltr' id='par_1_106' title="bbox 475 5379 2062 5451">
     <span class='ocr_line' id='line_1_106' title="bbox 475 5379 2062 5451; baseline 0.003 -19"><span class='ocrx_word' id='word_1_758' title='bbox 475 5395 634 5434; x_wconf 74' lang='lat' dir='ltr'><strong>unus</strong></span> <span class='ocrx_word' id='word_1_759' title='bbox 658 5380 860 5450; x_wconf 89' lang='lat' dir='ltr'><strong>accipit</strong></span> <span class='ocrx_word' id='word_1_760' title='bbox 909 5380 1158 5435; x_wconf 90' lang='lat' dir='ltr'><strong>bravium</strong></span> <span class='ocrx_word' id='word_1_761' title='bbox 1181 5382 1206 5435; x_wconf 88' lang='lat'><strong>?</strong></span> <span class='ocrx_word' id='word_1_762' title='bbox 1232 5380 1312 5436; x_wconf 92' lang='lat' dir='ltr'><strong>sic</strong></span> <span class='ocrx_word' id='word_1_763' title='bbox 1344 5380 1576 5446; x_wconf 88' lang='lat' dir='ltr'><strong>currite,</strong></span> <span class='ocrx_word' id='word_1_764' title='bbox 1603 5387 1665 5434; x_wconf 79' lang='lat' dir='ltr'><strong>ut</strong></span> <span class='ocrx_word' id='word_1_765' title='bbox 1697 5379 2062 5451; x_wconf 86' lang='lat' dir='ltr'><strong>comprehen-</strong></span> 
     </span>
    </p>
   </div>
   <div class='ocr_carea' id='block_1_107' title="bbox 2166 4823 3724 4898">
    <p class='ocr_par' dir='ltr' id='par_1_107' title="bbox 2166 4823 3724 4898">
     <span class='ocr_line' id='line_1_107' title="bbox 2166 4823 3724 4898; baseline -0.01 -10"><span class='ocrx_word' id='word_1_766' title='bbox 2166 4835 2317 4896; x_wconf 90' lang='grc' dir='ltr'>δείας</span> <span class='ocrx_word' id='word_1_767' title='bbox 2362 4828 2592 4898; x_wconf 82' lang='grc' dir='ltr'>Κυρίου,</span> <span class='ocrx_word' id='word_1_768' title='bbox 2632 4826 2767 4896; x_wconf 86' lang='grc' dir='ltr'><strong>μηδέ</strong></span> <span class='ocrx_word' id='word_1_769' title='bbox 2797 4824 2991 4878; x_wconf 81' lang='grc' dir='ltr'>ἐκλύου</span> <span class='ocrx_word' id='word_1_770' title='bbox 3037 4823 3130 4877; x_wconf 83' lang='grc' dir='ltr'>ὑπ’</span> <span class='ocrx_word' id='word_1_771' title='bbox 3159 4824 3327 4878; x_wconf 82' lang='grc' dir='ltr'>αὑτοῦ</span> <span class='ocrx_word' id='word_1_772' title='bbox 3357 4824 3724 4894; x_wconf 77' lang='grc' dir='ltr'>ἐλεγχόμενος.</span> 
     </span>
    </p>
   </div>
   <div class='ocr_carea' id='block_1_108' title="bbox 2174 4913 3729 4994">
    <p class='ocr_par' dir='ltr' id='par_1_108' title="bbox 2174 4913 3729 4994">
     <span class='ocr_line' id='line_1_108' title="bbox 2174 4913 3729 4994; baseline -0.012 -14"><span class='ocrx_word' id='word_1_773' title='bbox 2174 4926 2272 4980; x_wconf 68' lang='lat' dir='ltr'><strong>“Ov</strong></span> <span class='ocrx_word' id='word_1_774' title='bbox 2297 4923 2404 4994; x_wconf 84' lang='grc' dir='ltr'><strong>γὰρ</strong></span> <span class='ocrx_word' id='word_1_775' title='bbox 2426 4920 2614 4989; x_wconf 79' lang='grc' dir='ltr'>ἀγαπᾷ</span> <span class='ocrx_word' id='word_1_776' title='bbox 2643 4917 2865 4988; x_wconf 84' lang='grc' dir='ltr'>Κύριος,</span> <span class='ocrx_word' id='word_1_777' title='bbox 2895 4916 3160 4979; x_wconf 86' lang='grc' dir='ltr'>παιδεύει,</span> <span class='ocrx_word' id='word_1_778' title='bbox 3196 4918 3453 4987; x_wconf 81' lang='grc' dir='ltr'>μαστιγοῖ</span> <span class='ocrx_word' id='word_1_779' title='bbox 3482 4915 3541 4968; x_wconf 88' lang='grc' dir='ltr'><strong>δέ</strong></span> <span class='ocrx_word' id='word_1_780' title='bbox 3565 4913 3729 4965; x_wconf 77' lang='grc' dir='ltr'>πάντα</span> 
     </span>
    </p>
   </div>
   <div class='ocr_carea' id='block_1_109' title="bbox 2187 5003 3732 5083">
    <p class='ocr_par' dir='ltr' id='par_1_109' title="bbox 2187 5003 3732 5083">
     <span class='ocr_line' id='line_1_109' title="bbox 2187 5003 3732 5083; baseline -0.008 -16"><span class='ocrx_word' id='word_1_781' title='bbox 2187 5019 2298 5070; x_wconf 85' lang='grc' dir='ltr'>υίὸν</span> <span class='ocrx_word' id='word_1_782' title='bbox 2344 5013 2419 5068; x_wconf 77' lang='grc' dir='ltr'><strong>’ὃν</strong></span> <span class='ocrx_word' id='word_1_783' title='bbox 2473 5009 2862 5083; x_wconf 78' lang='grc' dir='ltr'>παραδέχεται.</span> <span class='ocrx_word' id='word_1_784' title='bbox 2893 5028 2912 5061; x_wconf 77' lang='grc' dir='ltr'><strong>ι</strong></span> <span class='ocrx_word' id='word_1_785' title='bbox 2982 5009 3210 5071; x_wconf 74' lang='grc' dir='ltr'>’Ἄλλους</span> <span class='ocrx_word' id='word_1_786' title='bbox 3259 5009 3316 5063; x_wconf 72' lang='grc' dir='ltr'>δὲ</span> <span class='ocrx_word' id='word_1_787' title='bbox 3372 5003 3732 5077; x_wconf 77' lang='grc' dir='ltr'>ἐγκωμιάζων</span> 
     </span>
    </p>
   </div>
   <div class='ocr_carea' id='block_1_110' title="bbox 2161 5096 3732 5179">
    <p class='ocr_par' dir='ltr' id='par_1_110' title="bbox 2161 5096 3732 5179">
     <span class='ocr_line' id='line_1_110' title="bbox 2161 5096 3732 5179; baseline -0.004 -17"><span class='ocrx_word' id='word_1_788' title='bbox 2161 5110 2332 5179; x_wconf 79' lang='grc' dir='ltr'>λέγει·</span> <span class='ocrx_word' id='word_1_789' title='bbox 2367 5127 2385 5161; x_wconf 80' lang='grc' dir='ltr'><strong>ι</strong></span> <span class='ocrx_word' id='word_1_790' title='bbox 2417 5107 2582 5160; x_wconf 82' lang='grc' dir='ltr'>Ὥστε</span> <span class='ocrx_word' id='word_1_791' title='bbox 2614 5106 2762 5174; x_wconf 80' lang='grc' dir='ltr'>ἡμᾶς</span> <span class='ocrx_word' id='word_1_792' title='bbox 2798 5103 3106 5173; x_wconf 81' lang='grc' dir='ltr'>καυχᾶσθαι</span> <span class='ocrx_word' id='word_1_793' title='bbox 3142 5103 3282 5173; x_wconf 78' lang='grc' dir='ltr'>ὑπὲρ</span> <span class='ocrx_word' id='word_1_794' title='bbox 3332 5103 3428 5172; x_wconf 85' lang='grc' dir='ltr'>τῆς</span> <span class='ocrx_word' id='word_1_795' title='bbox 3456 5096 3732 5166; x_wconf 71' lang='grc' dir='ltr'>ὑπομονῆς</span> 
     </span>
    </p>
   </div>
   <div class='ocr_carea' id='block_1_111' title="bbox 2163 5187 3735 5272">
    <p class='ocr_par' dir='ltr' id='par_1_111' title="bbox 2163 5187 3735 5272">
     <span class='ocr_line' id='line_1_111' title="bbox 2163 5187 3735 5272; baseline -0.01 -18"><span class='ocrx_word' id='word_1_796' title='bbox 2163 5202 2341 5272; x_wconf 87' lang='grc' dir='ltr'>ὑμῶν,</span> <span class='ocrx_word' id='word_1_797' title='bbox 2373 5198 2469 5252; x_wconf 76' lang='grc' dir='ltr'><strong>καὶ</strong></span> <span class='ocrx_word' id='word_1_798' title='bbox 2512 5197 2746 5260; x_wconf 86' lang='grc' dir='ltr'>πίστεως</span> <span class='ocrx_word' id='word_1_799' title='bbox 2777 5197 2834 5249; x_wconf 84' lang='grc' dir='ltr'><strong>ἐν</strong></span> <span class='ocrx_word' id='word_1_800' title='bbox 2863 5197 2994 5250; x_wconf 78' lang='grc' dir='ltr'>πᾶσι</span> <span class='ocrx_word' id='word_1_801' title='bbox 3023 5198 3136 5259; x_wconf 89' lang='grc' dir='ltr'>τοῖς</span> <span class='ocrx_word' id='word_1_802' title='bbox 3169 5195 3428 5264; x_wconf 81' lang='grc' dir='ltr'>διωγμοῖς</span> <span class='ocrx_word' id='word_1_803' title='bbox 3462 5191 3622 5260; x_wconf 81' lang='grc' dir='ltr'>ὑμῶν</span> <span class='ocrx_word' id='word_1_804' title='bbox 3648 5187 3735 5242; x_wconf 64' lang='grc' dir='ltr'>καὶ</span> 
     </span>
    </p>
   </div>
   <div class='ocr_carea' id='block_1_112' title="bbox 2164 5285 3734 5364">
    <p class='ocr_par' dir='ltr' id='par_1_112' title="bbox 2164 5285 3734 5364">
     <span class='ocr_line' id='line_1_112' title="bbox 2164 5285 3734 5364; baseline -0.01 -14"><span class='ocrx_word' id='word_1_805' title='bbox 2164 5295 2432 5364; x_wconf 77' lang='grc' dir='ltr'>θλίψεσιν,</span> <span class='ocrx_word' id='word_1_806' title='bbox 2453 5287 2540 5355; x_wconf 77' lang='grc' dir='ltr'>αἷς</span> <span class='ocrx_word' id='word_1_807' title='bbox 2564 5291 2844 5360; x_wconf 88' lang='grc' dir='ltr'>ἀνέχεσθε,</span> <span class='ocrx_word' id='word_1_808' title='bbox 2875 5290 3131 5360; x_wconf 74' lang='grc' dir='ltr'>ἔνδειγμα</span> <span class='ocrx_word' id='word_1_809' title='bbox 3150 5290 3246 5358; x_wconf 82' lang='grc' dir='ltr'>τῆς</span> <span class='ocrx_word' id='word_1_810' title='bbox 3271 5288 3484 5349; x_wconf 78' lang='grc' dir='ltr'>δικαίας</span> <span class='ocrx_word' id='word_1_811' title='bbox 3508 5285 3734 5354; x_wconf 85' lang='grc' dir='ltr'>κρίσεως</span> 
     </span>
    </p>
   </div>
   <div class='ocr_carea' id='block_1_113' title="bbox 2161 5377 3736 5456">
    <p class='ocr_par' dir='ltr' id='par_1_113' title="bbox 2161 5377 3736 5456">
     <span class='ocr_line' id='line_1_113' title="bbox 2161 5377 3736 5456; baseline -0.008 -15"><span class='ocrx_word' id='word_1_812' title='bbox 2161 5387 2256 5441; x_wconf 82' lang='grc' dir='ltr'>τοῦ</span> <span class='ocrx_word' id='word_1_813' title='bbox 2291 5385 2451 5452; x_wconf 81' lang='grc' dir='ltr'>Θεοῦ,</span> <span class='ocrx_word' id='word_1_814' title='bbox 2483 5383 2624 5456; x_wconf 77' lang='grc' dir='ltr'>ὑπὲρ</span> <span class='ocrx_word' id='word_1_815' title='bbox 2649 5377 2717 5456; x_wconf 82' lang='grc' dir='ltr'>ἦς</span> <span class='ocrx_word' id='word_1_816' title='bbox 2749 5384 2844 5436; x_wconf 75' lang='grc' dir='ltr'><strong>καὶ</strong></span> <span class='ocrx_word' id='word_1_817' title='bbox 2879 5383 3139 5452; x_wconf 84' lang='grc' dir='ltr'>πάσχετε.</span> <span class='ocrx_word' id='word_1_818' title='bbox 3173 5382 3330 5435; x_wconf 86' lang='grc' dir='ltr'>Ὅσοι</span> <span class='ocrx_word' id='word_1_819' title='bbox 3361 5381 3468 5452; x_wconf 82' lang='grc' dir='ltr'><strong>γὰρ</strong></span> <span class='ocrx_word' id='word_1_820' title='bbox 3496 5380 3736 5432; x_wconf 82' lang='grc' dir='ltr'>θέλουσιν</span> 
     </span>
    </p>
   </div>
   <div class='ocr_carea' id='block_1_114' title="bbox 558 5510 3416 5584">
    <p class='ocr_par' dir='ltr' id='par_1_114' title="bbox 558 5510 3416 5584">
     <span class='ocr_line' id='line_1_114' title="bbox 558 5510 3416 5584; baseline 0.002 -19"><span class='ocrx_word' id='word_1_821' title='bbox 558 5511 768 5566; x_wconf 82' lang='lat' dir='ltr'><strong>“Psal.</strong></span> <span class='ocrx_word' id='word_1_822' title='bbox 801 5527 985 5578; x_wconf 74' lang='lat' dir='ltr'><strong>xxxix,</strong></span> <span class='ocrx_word' id='word_1_823' title='bbox 1016 5511 1071 5566; x_wconf 72' lang='lat'><strong>2.</strong></span> <span class='ocrx_word' id='word_1_824' title='bbox 1150 5512 1193 5544; x_wconf 79' lang='grc'>⁸⁷</span> <span class='ocrx_word' id='word_1_825' title='bbox 1216 5511 1416 5581; x_wconf 85' lang='lat' dir='ltr'><strong>Ephes.</strong></span> <span class='ocrx_word' id='word_1_826' title='bbox 1445 5527 1515 5575; x_wconf 80' lang='lat' dir='ltr'><strong>vi,</strong></span> <span class='ocrx_word' id='word_1_827' title='bbox 1549 5510 1632 5564; x_wconf 68' lang='grc' dir='ltr'><strong>ιε.</strong></span> <span class='ocrx_word' id='word_1_828' title='bbox 1710 5511 1754 5542; x_wconf 73' lang='grc'>⁸⁸</span> <span class='ocrx_word' id='word_1_829' title='bbox 1779 5511 1919 5565; x_wconf 89' lang='lat' dir='ltr'><strong>Deut</strong></span> <span class='ocrx_word' id='word_1_830' title='bbox 1973 5529 2100 5580; x_wconf 75' lang='lat' dir='ltr'><strong>xxx,</strong></span> <span class='ocrx_word' id='word_1_831' title='bbox 2131 5516 2216 5572; x_wconf 79' lang='lat' dir='ltr'><strong>i9.</strong></span> <span class='ocrx_word' id='word_1_832' title='bbox 2293 5517 2408 5572; x_wconf 69' lang='lat'><strong>“~11</strong></span> <span class='ocrx_word' id='word_1_833' title='bbox 2442 5517 2582 5572; x_wconf 91' lang='lat' dir='ltr'><strong>Tim.</strong></span> <span class='ocrx_word' id='word_1_834' title='bbox 2628 5531 2700 5584; x_wconf 80' lang='lat' dir='ltr'><strong>iV,</strong></span> <span class='ocrx_word' id='word_1_835' title='bbox 2733 5517 2784 5583; x_wconf 91' lang='lat'><strong>7,</strong></span> <span class='ocrx_word' id='word_1_836' title='bbox 2817 5514 2868 5569; x_wconf 90' lang='lat'><strong>8.</strong></span> <span class='ocrx_word' id='word_1_837' title='bbox 2947 5515 3064 5572; x_wconf 75' lang='lat' dir='ltr'><strong>&quot;Jl</strong></span> <span class='ocrx_word' id='word_1_838' title='bbox 3101 5516 3242 5571; x_wconf 88' lang='lat' dir='ltr'><strong>T—im.</strong></span> <span class='ocrx_word' id='word_1_839' title='bbox 3277 5531 3340 5580; x_wconf 77' lang='grc' dir='ltr'><strong>ιι,</strong></span> <span class='ocrx_word' id='word_1_840' title='bbox 3364 5515 3416 5570; x_wconf 78' lang='lat'><strong>5.</strong></span> 
     </span>
    </p>
   </div>
   <div class='ocr_carea' id='block_1_115' title="bbox 1758 5635 2437 5726">
    <p class='ocr_par' dir='ltr' id='par_1_115' title="bbox 1758 5635 2437 5726">
     <span class='ocr_line' id='line_1_115' title="bbox 1758 5635 2437 5726; baseline 0.007 -37"><span class='ocrx_word' id='word_1_841' title='bbox 1758 5635 1986 5692; x_wconf 71' lang='lat' dir='ltr'><strong>VARI/ﬁ</strong></span> <span class='ocrx_word' id='word_1_842' title='bbox 2036 5637 2437 5726; x_wconf 66' lang='lat' dir='ltr'><strong>LECTIQNES.</strong></span> 
     </span>
    </p>
   </div>
   <div class='ocr_carea' id='block_1_116' title="bbox 552 5728 2250 5802">
    <p class='ocr_par' dir='ltr' id='par_1_116' title="bbox 552 5728 2250 5802">
     <span class='ocr_line' id='line_1_116' title="bbox 552 5728 2250 5802; baseline 0.002 -22"><span class='ocrx_word' id='word_1_843' title='bbox 552 5729 579 5780; x_wconf 74' lang='lat' dir='ltr'>J</span> <span class='ocrx_word' id='word_1_844' title='bbox 618 5729 759 5784; x_wconf 73' lang='lat' dir='ltr'><strong>Nota</strong></span> <span class='ocrx_word' id='word_1_845' title='bbox 785 5731 933 5786; x_wconf 88' lang='lat' dir='ltr'><strong>hunc</strong></span> <span class='ocrx_word' id='word_1_846' title='bbox 966 5747 1072 5786; x_wconf 92' lang='lat' dir='ltr'><strong>non</strong></span> <span class='ocrx_word' id='word_1_847' title='bbox 1107 5730 1245 5784; x_wconf 89' lang='lat' dir='ltr'><strong>tueri</strong></span> <span class='ocrx_word' id='word_1_848' title='bbox 1276 5728 1715 5784; x_wconf 79' lang='lat' dir='ltr'><strong>immobilitatrm</strong></span> <span class='ocrx_word' id='word_1_849' title='bbox 1748 5744 1873 5800; x_wconf 85' lang='lat' dir='ltr'><strong>erga</strong></span> <span class='ocrx_word' id='word_1_850' title='bbox 1898 5730 2202 5802; x_wconf 84' lang='lat' dir='ltr'><strong>passiones.</strong></span> <span class='ocrx_word' id='word_1_851' title='bbox 2245 5731 2250 5736; x_wconf 89' lang='grc'><em>’</em></span> 
     </span>
    </p>
   </div>
  </div>
