3986 6148
338 313 474 380 Ῑίῖῖ3

1330 313 1663 378 HOMILIA
1703 317 1935 378 LXXX.
1963 342 2030 361 --
2064 318 2162 378 DE
2196 301 2658 395 (ῖΟλἘΟῐζΒῐΑ.

3470 308 3603 375 16Ίᾶ

337 420 572 483 εὐσεϐῶς
598 420 693 490 ζῇν
709 419 764 474 ἐν
790 412 1035 489 Χριστῷ,
1061 415 1474 489 διωχθήσονται.
1511 441 1528 473 ι
1563 422 1621 475 ⁸0
1650 423 1707 476 δὲ
1737 421 1919 476 Ἰωάν-

2031 425 2166 480 datis
2190 425 2274 490 τίς
2334 432 2432 489 ego
2478 419 2644 491 igitur
2671 423 2749 478 sic
2780 436 2964 485 curro,
2997 434 3105 474 non
3143 417 3298 488 quasi
3333 419 3389 472 iu
3419 421 3600 485 incer—

333 496 502 579 vqgt
526 507 976 579 Mi},0aupd{ete,
1012 506 1203 577 φησὶν,
1234 506 1476 577 ἀδελφοὶ,
1511 512 1558 562 εἰ
1589 512 1741 581 μισεῖ
1771 510 1916 580 ὑμᾶς

333 602 362 652 ὁ
392 599 626 669 κόσμος·
661 601 820 670 ἡμεῖς
849 597 1075 667 οἴδαμεν
1105 598 1188 651 ὃτι
1226 599 1685 672 μεταϐεϐήκαμεν
1727 602 1791 654 ὲκ
1818 600 1935 657 τοῦ“

332 689 568 742 Θανάτου
621 693 702 752 εἰς
735 690 835 761 τὴν
861 689 1028 760 ζωήν.
1061 708 1079 741 t
1120 691 1231 743 Καὶ
1270 691 1299 743 ὁ
1334 690 1537 762 Κύριος
1569 708 1582 722 '
1624 710 1643 744 ι
1693 691 1893 761 Ἀγωνί

332 778 495 842 ζεσθε
538 779 800 832 εἰσελθεῖν
833 779 922 833 διὰ
961 781 1063 851 τῆς
1115 782 1306 851 στενῆς
1336 783 1534 853 πύλης,
1566 785 1646 837 ὅτι
1683 784 1917 838 πλατεῖα

330 874 366 942 ἠ
391 871 537 941 πύλη
568 872 661 924 καὶ
705 872 1019 944 εὐρύχωρος
1058 875 1090 943 ὴ
1137 874 1253 937 ὁδὸς
1296 876 1328 944 ἡ
1367 875 1660 943 ἀπάγουσα
1707 878 1789 940 εἰς
1818 877 1919 946 τὴν

329 964 644 1017 ἀπώλειαν·
680 966 773 1017 καὶ
815 964 1001 1017 πολλοί
1060 967 1199 1017 εἰσιν
1253 967 1300 1019 οἱ
1355 967 1799 1038 εἰσπορευόμενοι
1856 968 1925 1021 δι’

326 1058 528 1125 αὐτῆς,
556 1057 638 1109 ὅτι
671 1056 889 1125 στενὴή
937 1055 1082 1126 πύλη
1136 1058 1228 1110 καὶ
1270 1057 1608 1130 τεθλιμμένη
1648 1060 1681 1127 ὴ
1724 1060 1840 1122 ὁδὸς
1888 1062 1919 1130 ἠ

330 1151 629 1213 ἀπάγουσα
685 1150 766 1212 εἰς
817 1148 916 1217 τὴν
956 1147 1124 1218 ζωὴν,
1151 1167 1170 1199 ι
1212 1144 1303 1220 [ἧς
1348 1148 1713 1219 ἀξιωθείημεν
1744 1151 1927 1220 χάριτι

330 1243 581 1311 Χριστοῦ
623 1240 717 1294 τοῦ
765 1239 952 1313 Θεοῦ]
985 1236 1145 1312 Aiaqu
1174 1244 1206 1310 ἡ
1238 1240 1367 1308 δόξα
1412 1243 1492 1304 εἰς
1531 1242 1659 1304 τοὺς
1699 1242 1936 1305 αἰῶνας.”

340 1332 546 1401 Ἀμήν.

2017 528 2164 578 tum;
2204 517 2285 572 sic
2329 529 2530 586 pugno,
2568 529 2677 570 non
2707 513 2862 584 quasi
2919 526 3103 566 aerem
3131 510 3470 576 verberans;
3503 510 3599 564 sed

2016 606 2224 677 castigo
2252 620 2457 675 corpus
2488 619 2672 658 meum
2710 612 2767 657 et
2817 603 2873 656 in
2928 600 3255 655 servitutem
3286 597 3496 667 redigo,
3531 613 3599 650 ne.

2016 696 2158 751 forte
2193 678 2335 750 lcum
2388 694 2517 748 aliis
2563 692 2996 764 prmdicaverim,
3040 687 3157 760 ipse
3192 689 3460 759 reprobus
3487 686 3602 741 cili-

2017 786 2224 840 ciar".
2258 804 2276 836 ι
2331 784 2412 838 Ad
2462 784 2848 853 Philippenses
2897 788 3083 834 autem
3144 793 3244 847 per
3300 776 3597 846 Epistulam

2017 876 2157 929 dicit
2186 893 2200 929 :
2234 895 2251 926 ι
2274 874 2564 929 Certamen
2597 872 2741 943 quod
2774 870 2992 927 vidistis
3024 877 3080 924 et
3102 869 3378 924 didicistis
3406 868 3596 927 inme.

2017 976 2074 1023 ct
2105 983 2253 1022 nunc
2293 966 2585 1021 auditis".
2607 985 2625 1017 ι
2670 965 2751 1035 Ad
2801 962 3067 1018 Hebraeos
3101 977 3325 1033 quoque
3353 976 3366 1013 :
3405 979 3421 1011 ι
3448 959 3601 1014 Non-

2022 1060 2163 1129 dum
2194 1074 2368 1129 usque
2398 1058 2466 1112 ad
2498 1058 2822 1128 sanguinem
2856 1056 3141 1111 restitistis
3174 1054 3438 1122 adversus
3477 1068 3605 1122 pet;-

2022 1127 2204 1204 catuin
2256 1127 2647 1225 repugnantes,
2706 1158 2763 1203 et
2804 1148 2964 1202 obliti
3012 1146 3149 1202 estis
3205 1144 3604 1201 consolationis

2024 1256 2146 1311 quas
2190 1241 2350 1294 vobis
2396 1250 2655 1310 tanquam
2701 1238 2830 1293 filiis
2884 1238 3327 1309 loquitur:Fili,
3360 1237 3457 1300 ait,
3489 1235 3604 1291 noli

2024 1330 2301 1400 negligere
2330 1328 2678 1399 disciplinam
2714 1328 2951 1394 Domini,
2986 1344 3166 1398 neque
3192 1327 3438 1402 fatigcris
3472 1326 3601 1380 dum

328 1424 405 1478 ab
461 1440 529 1478 eo
582 1423 831 1493 argueris
885 1438 1095 1493 :quem
1134 1423 1282 1480 enim
1354 1424 1531 1496 diligit
1576 1424 1865 1489 Dominus,
1915 1422 2145 1494 castigat
2178 1441 2189 1475 :
2222 1422 2461 1493 ﬂagellat
2523 1432 2708 1477 autem
2777 1437 2994 1476 omnem
3036 1420 3208 1475 tilium
3254 1434 3417 1490 quem
3475 1416 3607 1472 reci'

330 1517 421 1585 pit
445 1518 510 1572 ".
542 1536 560 1569 ι
636 1516 790 1571 Alios
837 1517 967 1571 item
1023 1534 1132 1571 non
1183 1518 1447 1573 mediocri
1519 1518 1681 1573 laude
1726 1518 2144 1582 commendans,
2211 1517 2332 1571 ait:
2398 1536 2415 1567 ι
2451 1516 2529 1571 ita
2581 1525 2642 1570 ut
2695 1530 2798 1571 nos
2843 1515 3146 1586 gloriemur
3189 1529 3293 1585 pro
3339 1510 3603 1583 patientia

333 1618 524 1663 vestra
562 1617 619 1663 et
659 1608 761 1663 [ide
795 1612 850 1661 in
887 1609 1146 1663 omnibus
1221 1610 1704 1679 persecutionibus
1758 1610 1964 1664 vestris
2000 1620 2055 1663 et
2124 1606 2595 1673 tribulationibus,
2655 1622 2792 1677 quas
2856 1606 3143 1662 sustinetis
3194 1605 3249 1659 in
3293 1603 3602 1673 exemplum

274 1689 287 1707 Χ
328 1698 475 1768 justi
522 1698 718 1768 judicii
783 1699 901 1761 Dei,
932 1715 1031 1769 pro
1064 1716 1172 1769 qua
1224 1709 1281 1753 et
1317 1701 1570 1770 patimini
1619 1702 1705 1767 '5;
1740 1701 2059 1770 quicunque
2124 1699 2273 1755 cnim
2307 1700 2503 1754 volunt
2564 1699 2669 1769 pie
2696 1698 2882 1754 vivere
2914 1698 2971 1752 in
3002 1697 3244 1763 Christo,
3273 1695 3603 1766 persecutio-

334 1804 471 1845 nem
521 1791 800 1860 patientur
826 1791 937 1844 ⁷⁸.»
991 1791 1231 1846 Joannes
1299 1802 1484 1847 autem
1525 1792 1602 1846 ait
1641 1811 1654 1846 :
1693 1792 1915 1846 «Nolite
1954 1792 2145 1846 mirari
2213 1790 2458 1861 (fratres)
2507 1791 2552 1845 si
2592 1790 2710 1845 odit
2762 1805 2861 1845 vos
2918 1789 3179 1875 m'undus,
3247 1803 3350 1842 nos
3400 1786 3605 1841 scimus

332 1884 475 1953 quia
514 1883 765 1937 translati
808 1898 998 1937 sumus
1047 1882 1114 1937 de
1165 1893 1340 1939 morte
1376 1883 1445 1938 ad
1512 1885 1682 1938 vitam
1739 1885 1805 1937 ⁷⁷.
1839 1903 1856 1935 ι
1936 1883 2206 1938 Dominus
2252 1899 2382 1937 vero
2420 1901 2432 1935 :
2473 1902 2490 1934 ‹
2518 1881 2851 1938 Coutendite
2903 1881 3116 1936 intrare
3164 1895 3264 1951 per
3318 1885 3605 1949 angustam

332 1984 581 2045 portam,
610 1975 739 2045 quia
766 1975 874 2029 lata
898 1982 980 2028 est
1004 1982 1161 2043 porta
1199 1982 1255 2028 et
1278 1975 1516 2046 spatiosa
1560 1978 1646 2032 via
1712 1992 1833 2047 qua:
1865 1976 2020 2032 ducit
2055 1976 2122 2033 ad
2197 1977 2589 2048 perditionem,
2650 1986 2706 2031 et
2741 1976 2900 2030 multi
2940 1983 3070 2031 sunt
3114 1974 3209 2045 qui
3267 1973 3475 2028 vadunt
3504 1988 3604 2043 per

333 2088 467 2126 eam
501 2088 706 2142 :quam
753 2082 982 2144 angusta
1032 2090 1163 2130 vero
1205 2084 1386 2145 porta,
1457 2081 1515 2128 et
1582 2082 1733 2127 arcta
1781 2081 1862 2127 est
1901 2073 1989 2127 via
2029 2088 2151 2142 qua:
2204 2072 2356 2126 ducit
2402 2071 2471 2125 ad
2520 2071 2687 2126 vitam
2712 2072 2775 2124 ⁷³.
2816 2090 2833 2122 ι
2878 2070 2981 2140 Ipsi
3052 2069 3225 2139 gloria
3281 2068 3337 2126 in
3372 2066 3601 2131 _s:ecula.

331 2171 538 2221 Amen.

968 2304 1189 2357 ΛΟΓΟΣ
1222 2306 1301 2358 Πθ.

912 2431 1044 2498 Περὶ
1075 2431 1373 2500 ὁμονοίας.

411 2560 801 2614 Εὐαπόδεκτον
845 2561 967 2631 θεῷ
1020 2563 1120 2631 τῆς
1164 2561 1412 2625 ἑνώσεως
1458 2565 1554 2632 τῆς
1605 2563 1929 2633 Ἐκκλησίας

334 2654 657 2726 φροντίζειν
674 2694 688 2719 ,
733 2648 803 2725 ἦς
830 2653 985 2706 οὐδὲν
1010 2652 1235 2723 ἄμεινον
1260 2657 1318 2707 ὲν
1348 2654 1677 2725 ἀνθρώποις.
1710 2659 1818 2711 Καὶ
1845 2659 1926 2721 τὸ,

334 2746 554 2807 πάντας
589 2743 886 2812 βαστάζειν
904 2784 916 2805 ,
954 2743 1030 2807 ὡς
1057 2744 1153 2797 καὶ
1181 2746 1329 2815 ἡμᾶς
1357 2746 1386 2798 ὁ
1415 2744 1638 2817 Κύριος,
1670 2747 1767 2801 καὶ
1795 2747 1931 2799 πάν-

332 2853 451 2889 των
485 2836 775 2905 ἀνέχεσθαι
808 2838 864 2888 ἐν
897 2837 1107 2907 ἀγάπῃ.
1163 2837 1272 2888 Καὶ
1312 2837 1373 2889 οὐ
1405 2837 1510 2907 χρὴ
1539 2837 1744 2908 εὐλόγῳ
1772 2838 1930 2908 δῆθεν

333 2927 657 2998 προφάσει,
712 2926 799 2979 ἵνα
846 2926 922 2996 μὴ
956 2926 1125 2990 εἴπω,
1163 2927 1260 2980 καὶ
1291 2928 1412 2980 λίαν
1442 2928 1642 2998 ἀλόγῳ,
1675 2929 1928 3000 ἀποσπᾷν

333 3019 575 3081 ἑαυτοὺς
610 3017 719 3095 τοῦ,
743 3016 996 3087 σώματος
1035 3020 1133 3089 τῆς
1172 3006 1518 3088 Ἐκκλησία-ς,
1557 3020 1651 3071 καὶ
1683 3019 1928 3086 ἰόιάζειν,

334 3110 459 3162 ἀλλ’
491 3109 584 3162 ἐπὶ
613 3109 673 3161 τὸ
699 3109 833 3162 αὐτὸ
869 3108 966 3178 μία
993 3109 1294 3180 προσευχὴ,
1328 3109 1427 3179 μία
1450 3109 1657 3179 δέησις,
1679 3104 1760 3173 εἷς
1786 3110 1929 3177 νοῦς,

340 3202 445 3270 μία
475 3200 648 3262 ἐλπὶς,
687 3202 743 3253 ὲν
770 3201 983 3270 ἀγάπῃ,
1015 3203 1073 3252 ἐν
1101 3203 1165 3270 τῇ
1197 3201 1341 3270 χαρᾷ
1372 3203 1436 3270 τῇ
1467 3199 1702 3271 ἀμώμῳ,
1726 3202 1754 3254 δ
1783 3186 1930 3254 ὲστῖν

280 3301 311 3328 κ
349 3288 569 3359 Ἰησοῦς
597 3289 852 3359 Χριστὸς,
887 3285 947 3344 οὗ
977 3290 1129 3343 οὐδὲν
1156 3290 1576 3365 θυμηδέστερον.
1606 3295 1810 3358 Πάντες
1836 3295 1931 3349 οὖν

333 3381 637 3451 ὀφείλομεν
687 3382 1000 3453 συντρέχειν
1037 3382 1112 3446 ὡς
1145 3383 1237 3435 ἐπὶ
1270 3383 1329 3436 ἓν
1360 3384 1779 3456 θυσιαστήριον.
1832 3388 1930 3457 μία

334 3470 492 3541 ψυχὴ
517 3510 532 3534 ,
601 3470 704 3523 κᾶν
762 3473 819 3523 ἐν
871 3470 1087 3528 πολλοῖς
1144 3474 1256 3534 τοῖς
1310 3474 1527 3541 μέλεσιν
1584 3475 1682 3543 μία
1734 3475 1926 3546 γνώμη

332 3561 425 3613 ἐνὶ
457 3559 763 3627 θελήματι,
812 3558 887 3621 ὡς
923 3559 981 3612 ἓν
1013 3560 1172 3630 σῶμα
1198 3561 1558 3631 ὑπάρχοντες.
1585 3564 1797 3632 Ὥσπερ
1821 3565 1930 3634 γὰρ

333 3650 558 3720 σμῆνος
590 3649 859 3718 μελισσῶν
888 3651 1195 3720 ἐργάζεται
1217 3654 1440 3722 κηρίον,
1475 3652 1646 3716 οὕτως
1679 3632 1933 3725 σύστημα
1959 3632 2001 3687 C

324 3739 595 3808 ἀδελφῶν
629 3738 906 3809 βασιλείαν
934 3742 1101 3794 Θεοῦο
1141 3743 1235 3795 καὶ
1262 3744 1412 3797 ὥσπε
1423 3760 1455 3813 ρ
1482 3745 1716 3811 σάλπιγξ
1734 3746 1921 3813 διεγείο

330 3850 430 3903 ρει
466 3830 777 3902 προθυμίαν
809 3831 1172 3902 πολεμιστῶν,
1206 3834 1382 3898 οὕτως
1417 3835 1675 3907 μαθητῶν
1705 3837 1928 3908 σπουδὴ,

325 3922 667 3977 διδασκαλία
684 3923 994 3992 πρακτικῆς
1012 3924 1238 3995 ᾲρετῆς.
1257 3925 1314 3978 '0
1333 3928 1438 3997 γὰρ
1455 3929 1699 3999 χωρίζων
1714 3928 1928 3994 ἑαυτὸν,

328 4014 525 4067 ἔοικεν
555 4012 728 4082 ὀρνέῳ
754 4014 1146 4067 ὲκπετασθέντι
1180 4016 1278 4085 τῆς
1314 4016 1449 4080 ἰδίας
1473 4020 1691 4082 νοσσιᾶς
1723 4020 1815 4072 καὶ
1839 4020 1930 4072 τό-

329 4120 450 4157 πον
473 4104 535 4154 ὲκ
555 4103 721 4155 τόπου
747 4102 1235 4176 ἁμείϐοντι.”οπερ
1258 4106 1702 4161 εὐεπισούλευτον
1723 4109 1930 4177 γίνεται

329 4191 514 4245 παντὶ
564 4193 744 4263 ἰξευτῇ
780 4194 873 4244 καὶ
914 4192 1175 4264 θηρευτῇ.
1231 4195 1507 4249 Πάντοθεν
1536 4198 1644 4267 γὰρ
1677 4199 1927 4266 παγίδες,

330 4280 441 4334 καὶ
472 4281 744 4332 σκάνδαλα
764 4282 996 4350 ἀνομίας
1021 4282 1170 4352 αὐτῷ
1198 4288 1656 4356 καταπεπήγασιν
1678 4291 1726 4340 οἰ
1748 4289 1931 4356 νοητοὶ

332 4373 555 4439 ἰξευταὶ
583 4374 676 4425 καὶ
704 4371 992 4443 θηρευταὶ,
1024 4373 1163 4426 ἀλλὰ
1188 4375 1283 4444 καὶ
1311 4377 1361 4428 οἰ
1389 4377 1675 4447 ἁρπακτά).
1697 4379 1930 4450 κόρακες

330 4464 731 4535 ὲξορύσσουσιν
780 4465 947 4518 αὑτοῦ
995 4467 1122 4528 τοὺς
1163 4466 1496 4538 ὀφθαλμούς.
1550 4470 1709 4523 Κατὰ
1751 4471 1930 4523 πάντα

328 4558 437 4612 οὖν
474 4556 613 4626 καλὴ
661 4557 752 4609 καὶ
786 4558 1122 4627 εὐάρμοστος
1175 4561 1207 4625 ἠ
1245 4561 1538 4631 συμφωνία
1575 4563 1676 4631 τῆς
1706 4562 1931 4631 ἁδελφό-

329 4663 508 4719 τητος
565 4647 702 4716 μετὰ
745 4649 995 4715 ὁμονοίας
1017 4689 1032 4713 ,
1089 4651 1327 4720 μάλιστα
1361 4654 1496 4705 ὅπου
1528 4653 1708 4707 τελεία
1741 4656 1927 4728 ἀγάπη

328 4736 681 4810 ἐρρίζωσεν·
714 4737 897 4801 καθὼς
923 4740 1252 4812 εὑρίσκομεν
1284 4744 1548 4797 Ἐλισαῖον
1574 4746 1710 4814 μετὰ
1725 4746 1928 4801 Ἠλίου*

330 4825 587 4890 ἀκούσας
616 4831 725 4899 γὰρ
753 4826 901 4894 ἅπαξ
930 4830 1029 4882 καὶ
1059 4831 1159 4895 δίς,
1190 4852 1208 4883 ι
1235 4834 1417 4886 Κάθου
1447 4835 1733 4900 ὲνταῦθα,›
1770 4836 1930 4902 αὐτὸς

2390 2300 2432 2368 1
2447 2298 2602 2369 152
2638 2297 2919 2355 HOMILIA
2958 2297 3170 2352 LXXX.

2619 2424 2690 2477 De
2722 2425 3022 2479 concordia.

2101 2560 2214 2615 Deo
2268 2576 2436 2631 quam
2486 2571 2773 2630 acceptum
2819 2561 2892 2615 sit
2943 2560 3163 2615 tuendae
3213 2560 3604 2615 eet-lesfastica:

2032 2652 2270 2706 unitatis
2334 2651 2620 2715 studium,
2688 2651 2814 2720 quis
2878 2651 3131 2705 oratione
3194 2651 3608 2720 consequatur?

2035 2743 2151 2798 Hac
2182 2758 2292 2798 una
2328 2744 2471 2797 nihil
2507 2758 2739 2812 usquam
2773 2743 2920 2796 inter
2950 2741 3207 2797 homines
3236 2743 3607 2813 eomperietur

2035 2837 2259 2891 melius.
2303 2837 2410 2892 Sed
2435 2846 2490 2892 et
2513 2837 2771 2906 portaudi
2795 2851 2988 2890 omnes
3011 2845 3160 2901 sunt,
3184 2836 3399 2890 Domini
3424 2851 3610 2890 exem-

2033 2924 2128 2993 plo
2163 2925 2259 2994 qui
2294 2940 2396 2979 nos
2439 2926 2841 2995 patientissime
2874 2926 3034 2990 tulit,
3092 2941 3285 2981 omnes
3322 2926 3606 2996 (inquam)

2035 3014 2091 3069 in
2125 3015 2396 3069 charitate
2432 3016 2702 3071 tolerandi
2736 3017 2989 3071 veniunt.
3026 3018 3138 3072 Nec
3171 3018 3285 3072 ullo
3314 3028 3604 3088 praetextu,

2032 3102 2345 3172 quamlibet
2381 3103 2556 3157 videri
2575 3105 2761 3173 possit
2793 3105 3167 3173 rationabilis,
3205 3116 3267 3162 ut
3296 3124 3403 3162 non
3429 3108 3607 3163 dicam

2036 3194 2184 3263 quod
2216 3194 2270 3248 id
2305 3211 2336 3249 a
2368 3200 2583 3251 ratione
2613 3198 2854 3253 alienum
2883 3199 2990 3263 sit,
3041 3201 3301 3255 convenit
3334 3216 3391 3255 se
3418 3203 3487 3257 ab
3512 3218 3607 3259 ec-

2035 3286 2333 3342 clesiastici
2360 3289 2614 3358 corporis
2641 3290 2853 3345 unitate
2881 3291 3153 3347 divellere
3178 3308 3241 3347 ac
3260 3297 3488 3348 seors'm
3514 3294 3611 3351 de-

2032 3390 2194 3445 gere;
2249 3375 2346 3429 sed
2391 3376 2445 3430 in
2477 3393 2650 3433 unum
2680 3380 3005 3434 coadunatis
3036 3398 3142 3435 una
3170 3383 3241 3435 sit
3271 3385 3469 3448 oratio,
3506 3386 3609 3440 de-

2033 3468 2281 3535 precatio
2333 3484 2472 3531 una,
2527 3485 2685 3523 mens
2730 3487 2871 3535 una,
2927 3488 3038 3527 una
3071 3490 3198 3545 spes
3233 3474 3287 3529 in
3316 3476 3606 3541 charitate,

2038 3555 2093 3609 in
2144 3556 2345 3626 gaudio
2395 3558 2545 3627 quod
2591 3561 2726 3614 nulli
2762 3571 2948 3631 pateat
2974 3564 3136 3634 justa:
3168 3566 3605 3636 reprehensioni,

2035 3646 2128 3715 qui
2184 3646 2346 3701 Jesus
2386 3647 2645 3705 Christus
2682 3661 2802 3715 est,
2859 3669 2971 3722 quo
3002 3656 3226 3723 quidem
3261 3659 3397 3713 nihil
3428 3670 3610 3731 potest

2035 3737 2224 3791 animo
2258 3740 2500 3796 insidere
2530 3744 2763 3811 gratius.
2800 3745 3078 3802 Debemus
3103 3749 3271 3819 igitur
3299 3766 3489 3806 omnes
3509 3770 3609 3808 nos

2034 3827 2197 3897 parili
2252 3838 2310 3883 et
2352 3831 2548 3885 eodem
2597 3835 2783 3889 animo
2833 3837 3065 3907 perinde
3095 3855 3158 3893 ac
3191 3839 3257 3894 ad
3286 3843 3457 3897 altare
3497 3844 3608 3914 (ita

2036 3919 2203 3975 modo
2236 3920 2406 3990 loqui
2456 3923 2655 3992 liceat)
2709 3941 3063 3985 concurrere.
3129 3918 3368 3987 Tametsi
3417 3950 3609 3991 sumus
3684 3914 3689 3927 ’

2033 4010 2332 4080 multiplici
2362 4013 2627 4069 varietate
2658 4017 3038 4073 membrorum
3072 4019 3319 4076 distincti
3347 4063 3361 4086 ,
3411 4025 3604 4081 eadem

2034 4101 2108 4155 sit
2137 4109 2195 4156 et
2221 4105 2496 4159 sententia
2532 4116 2588 4161 et
2615 4123 2713 4177 par
2733 4110 3025 4178 voluntas,
3071 4128 3197 4168 cum
3230 4130 3398 4169 unum
3430 4117 3607 4171 idern-

2031 4209 2142 4264 que
2191 4196 2367 4252 simus
2405 4213 2640 4269 corpus.
2694 4200 3170 4268 Quemadmodum
3199 4208 3347 4263 enim
3375 4222 3605 4265 examen

2032 4302 2197 4356 apum
2232 4288 2416 4344 favum
2450 4291 2556 4345 sibi
2588 4295 2813 4349 coniicit
2838 4297 3047 4363 mellis,
3097 4298 3170 4353 ita
3206 4298 3438 4355 fratrum
3466 4317 3568 4356 con
3590 4333 3602 4343 -

2033 4379 2281 4449 gregatio
2321 4396 2554 4450 regnum
2587 4395 2945 4454 repraesentat
2978 4390 3091 4445 Dei.
3152 4391 3305 4446 Sicut
3342 4395 3603 4450 tubarum

2035 4469 2261 4540 clangor
2284 4471 2609 4528 bellantium
2627 4488 2920 4544 promovet
2940 4488 2997 4533 et
3018 4482 3222 4539 excitat
3242 4485 3602 4554 alacritatem,

2036 4563 2111 4617 ita
2163 4572 2220 4619 et
2264 4567 2527 4635 practicae
2553 4568 2776 4625 virtutis
2807 4571 3059 4629 doctrina
3094 4576 3274 4631 studia
3305 4578 3605 4649 discipulo-

2034 4669 2158 4708 rum
2196 4653 2340 4710 mire
2371 4656 2611 4713 exacuit.
2674 4659 2808 4713 Nam
2845 4661 3098 4733 quisquis
3132 4679 3192 4719 se
3218 4681 3248 4719 a
3276 4667 3491 4722 czeteris
3518 4683 3606 4724 se-

2034 4755 2227 4819 gregat
2275 4755 2331 4801 et
2379 4748 2435 4802 in
2481 4757 2655 4803 totum
2698 4752 2913 4819 avellit,
2956 4756 3096 4810 nihil
3131 4757 3355 4813 differre
3385 4760 3607 4815 videtur

2031 4840 2101 4894 ab
2131 4841 2219 4893 avi
2255 4857 2377 4911 quae
2406 4857 2437 4897 e
2467 4842 2601 4897 nido
2630 4846 2859 4915 proprio
2890 4848 3149 4915 evolavit,
3183 4860 3359 4923 eaque
3388 4853 3606 4926 cogitur

334 4919 470 4989 μεθ’
498 4920 664 4989 ὅρκου
706 4921 1063 4990 ἁπεκρίνατο,
1096 4942 1114 4974 ι
1154 4924 1229 4994 Ζῇ
1265 4925 1699 4995 Κύριος,λέγων,
1735 4931 1829 4982 καὶ
1860 4928 1926 4999 ζῇ

2035 4944 2066 4984 e
2101 4931 2225 4986 loco
2259 4942 2596 5001 permutare.
2654 4934 2884 4992 Avicula
2919 4955 3039 5009 quae
3071 4942 3194 4997 talis
3217 4919 3301 4997 est
3328 4919 3605 4999 niliil'diL

328 5014 366 5080 ἡ
404 5011 554 5080 ψυχή
584 5028 700 5074 σου,
734 5015 784 5066 εἰ
813 5013 1194 5083 ἐγκαταλείψω
1223 5032 1304 5068 σε.
1325 5036 1343 5066 ι
1389 5018 1621 5087 Ὁμοίως
1652 5020 1744 5073 καὶ
1770 5019 1923 5074 Ῥοὺο

329 5107 369 5172 ή
431 5102 747 5171 Μωαϐῖτις,
805 5108 873 5176 τῇ
923 5105 1166 5177 πενθερᾷ
1203 5108 1406 5176 αὐτῆςο
1469 5109 1655 5162 ι’Τάδε
1705 5112 1932 5180 ποιήσαι

334 5213 441 5265 μοι
473 5194 675 5266 Κύριος
698 5237 712 5260 ,
766 5197 858 5250 καὶ
892 5197 1019 5252 τάδε
1052 5198 1342 5269 προσθείη,
1376 5199 1634 5269 λέγουσα,
1665 5202 1747 5255 ὅτι
1775 5204 1803 5254 ὁ
1830 5203 1929 5257 θά-

330 5300 507 5346 νατος
537 5284 809 5339 διαστελεῖ
838 5287 942 5340 ἀνὰ
982 5289 1146 5358 μέσον
1178 5289 1312 5359 ἐμοῦ
1347 5290 1441 5342 καὶ
1468 5290 1584 5344 σοῦ.
1621 5311 1638 5343 ι
1689 5292 1930 5356 Εἰκότως

329 5370 441 5425 οἷν
490 5375 518 5426 ὁ
561 5374 714 5438 Βοὼζ
736 5415 751 5437 ,
806 5377 1102 5447 εὐλόγησεν
1131 5379 1324 5450 αὐτὴν,
1354 5380 1527 5448 λέγων
1546 5398 1560 5413 ’
1605 5399 1622 5432 ι
1647 5382 1699 5434 Ἀ
1712 5383 1929 5436 ποτίσαι

332 5464 555 5534 Κύριος
584 5466 682 5533 τὴν
714 5467 978 5539 ἐργασίαν
1012 5485 1105 5521 σου
1124 5509 1139 5533 ,
1192 5470 1288 5522 καὶ
1317 5470 1529 5539 γένοιτο
1559 5474 1587 5525 ὁ
1618 5472 1808 5542 μισθός
1836 5491 1929 5527 σου

420 5639 509 5694 ⁷¹1
548 5640 673 5696 Cor.
707 5660 781 5703 Ix.
816 5644 906 5699 Ἦ.
1009 5648 1054 5679 ’³
1088 5646 1223 5701 ibid.
1257 5648 1328 5702 ‘26
1358 5689 1371 5707 .
1404 5649 1493 5703 27.

334 5708 394 5743 '"
424 5709 470 5765 ll
502 5711 644 5766 Tim.
674 5730 752 5777 ιιι,
790 5716 873 5769 12.
903 5712 992 5767 ’Ἰ
1027 5717 1184 5770 Joan.
1232 5734 1309 5773 ut.
1348 5721 1427 5774 l5.

593 5805 861 5868 ΡΑτιιοί..
917 5810 1027 5867 Gn.
1063 5812 1403 5871 LXXXiX.

1599 5650 1642 5681 ⁷³
1670 5650 1842 5722 Philip

1853 5668 1905 5721 p.
1945 5667 2003 5715 ι,
2053 5653 2161 5721 50..

1508 5723 1550 5753 ⁷⁸
1577 5722 1764 5775 Matth.
1810 5721 2018 5790 $1515,
2056 5725 2151 5788 li;
2182 5722 2339 5791 Luc.,
2382 5727 2463 5792 l3,
2500 5730 2584 5783 Eli.

2036 5021 2183 5077 ficile
2232 5025 2453 5093 capitur
2505 5041 2606 5095 per
2652 5030 2884 5101 aucupis
2918 5040 3013 5085 aut
3044 5034 3322 5087 venatoris
3349 5033 3601 5090 insidias.

2027 5112 2191 5190 omni
2241 5115 2388 5168 enim
2438 5131 2507 5170 ex
2549 5120 2705 5186 parte
2770 5135 3017 5190 aucupes
3065 5121 3141 5174 illi
3176 5129 3246 5175 .et
3283 5121 3602 5190 spirituales

2028 5188 2537 5276 captoreslaquéos
2565 5224 2629 5264 ac
2651 5212 2905 5266 scandala
2922 5188 3238 5281 iniquitatis
3265 5188 3601 5282 praestruunt

2028 5303 2085 5349 et
2117 5296 2496 5366 agglomerant
2528 5300 2606 5353 illi
2635 5317 2793 5370 vago,
2830 5302 3095 5372 corvique
3146 5319 3373 5373 rapaces
3405 5305 3600 5361 istius.-

2028 5388 2176 5442 modi
2204 5400 2477 5445 excavant
2506 5400 2562 5446 et
2586 5393 2943 5448 exterebrant
2965 5395 3174 5450 oculos.
3206 5396 3415 5452 Decora
3444 5414 3601 5468 pror-

2029 5492 2128 5533 sus
2177 5488 2234 5535 et
2277 5489 2469 5550 aperte
2522 5497 2622 5552 per
2661 5484 2845 5538 omnia
2881 5498 3191 5555 congruens
3237 5486 3498 5543 fraterna:
3533 5505 3599 5547 es

2247 5654 2292 5685 "
2320 5655 2603 5733 llebraxn
2636 5701 2648 5722 ,
2701 5661 2820 5718 .l-6.
2928 5663 3041 5719 "ll
3076 5665 3268 5721 Thess.
3317 5682 3378 5733 ι,
3424 5668 3457 5723 ι
3485 5708 3501 5733 ,
3542 5666 3596 5726 5.

3207 5829 3282 5891 £33
