3986 6148
476 324 614 396 1515
1644 282 1651 285 ’
1738 327 2040 389 amem

2141 328 2479 390 MONACHI
3571 331 3686 399 1676

469 440 692 499 unionis
755 438 1047 494 consensio
1093 450 1217 491 cum
1267 435 1573 490 animorum
1613 440 1952 493 concordia:
1987 439 2040 493 id

2146 438 2356 509 πλήρης
2393 437 2543 504 παρὰ
2570 435 2799 507 Κυρίου.
2830 454 2848 488 ι
2901 436 3012 490 Καὶ
3056 436 3351 508 ἀλλογενὴς
3382 404 3517 492 οθσα
3541 443 3691 513 ἡρμό-

471 534 620 606 quod
676 532 860 587 locum
920 529 1087 584 habet
1143 529 1230 583 vel
1270 530 1545 595 maxime,
1608 529 1704 583 ubi
1754 530 1925 585 solida
1978 547 2040 586 ac

2145 529 2246 600 σθη
2273 528 2350 600 τῷ
2376 527 2548 594 Βοὼζ,
2586 528 2681 582 καὶ
2711 528 3001 599 ἐγέννησεν
3033 528 3124 582 τὸν
3153 531 3380 583 πάππον
3414 531 3505 585 τοῦ
3531 534 3692 589 Δαϐίδ.

469 626 720 698 perfecta
772 622 1021 678 charitas
1082 621 1298 677 radices
1347 636 1475 675 suas
1532 619 1692 676 ﬁxius
1739 622 2037 693 impressit.

470 717 797 787 Exemplum
820 712 1139 769 invenimus
1166 713 1223 767 in
1243 712 1442 768 Elisaao
1467 728 1591 768 cum
1613 714 1754 768 Elia.
1777 715 1872 769 Ille
1892 715 2041 769 enim

468 811 638 867 semel
682 816 738 863 et
770 807 860 862 bis
899 822 1027 862 cum
1058 805 1348 860 audisset:
1384 824 1402 857 ‹
1431 805 1573 861 Sede
1600 806 1693 860 hic
1721 826 1767 870 ι,
1800 822 1923 860 cum
1949 808 2041 878 ju—

469 908 729 955 ramento
748 898 1035 968 respondit
1060 916 1073 953 :
1108 915 1126 948 ι
1148 897 1295 954 Vivit
1319 897 1607 961 Dominus,
1624 908 1681 953 et
1704 898 1839 953 vivit
1860 900 2038 954 anima

474 1006 587 1057 tua,
622 993 669 1047 si
699 992 949 1046 deseram
980 998 1032 1044 te
1051 989 1117 1043 ⁷³.
1143 1007 1162 1041 ι
1223 989 1337 1043 Nec
1366 1003 1528 1043 secus
1578 988 1726 1043 Ruth
1775 989 1866 1042 illa
1896 989 2043 1043 Moa-

471 1083 606 1138 bitis
656 1083 839 1137 socrui
885 1096 997 1136 sum
1048 1099 1063 1135 :
1114 1098 1131 1131 ι
1166 1080 1293 1135 Haec
1326 1080 1493 1135 faciat
1521 1081 1657 1134 mihi
1688 1081 1956 1135 Dominus
1986 1090 2042 1135 et

470 1175 588 1229 hac
632 1173 835 1238 addat,
894 1173 1025 1242 quia
1064 1187 1216 1227 mors
1248 1172 1394 1226 inter
1421 1187 1508 1226 me
1537 1179 1592 1227 et
1617 1180 1670 1228 te
1705 1174 1818 1228 sola
1845 1172 2043 1227 distin-

470 1265 688 1336 guet".
717 1284 736 1316 ι
792 1264 924 1319 lure
968 1262 1138 1332 igitur
1187 1262 1331 1317 Booz
1375 1263 1661 1317 benedixit
1689 1265 1761 1330 ei,
1804 1263 2035 1319 dicens:

474 1373 495 1407 ι
530 1354 748 1409 Reddat
791 1353 1060 1408 Dominus
1112 1367 1251 1422 Opus
1296 1362 1483 1418 tuum,
1520 1362 1576 1408 et
1604 1354 1677 1409 sit
1709 1370 1920 1410 merces
1949 1364 2038 1409 tua

456 1445 635 1517 plena
669 1461 699 1499 a
726 1443 1047 1499 Domino“.
1071 1463 1089 1495 ι
1132 1445 1258 1499 Hzec
1289 1446 1493 1513 alioqui
1525 1444 1719 1501 alienae
1744 1462 1870 1501 cum
1896 1457 2042 1502 esset

469 1536 682 1607 gentis,
739 1535 1020 1590 connubio
1073 1537 1266 1606 juncta
1319 1544 1404 1591 est
1454 1535 1558 1606 ipsi
1610 1537 1778 1603 Booz,
1817 1553 1885 1592 ex
1930 1555 2041 1608 quo

469 1628 661 1699 genuit
684 1626 871 1682 eximii
897 1622 1119 1681 Davidis
1145 1642 1330 1681 avum.
1368 1627 1510 1681 Ecce
1540 1643 1692 1692 sane,
1734 1648 1750 1680 ι
1781 1629 1917 1698 quid
1946 1630 2042 1684 bo-

468 1735 601 1773 num
632 1728 725 1773 aut
753 1718 885 1789 quid
905 1718 1213 1789 jucundum
1238 1760 1252 1783 ,
1306 1719 1352 1773 si
1394 1734 1504 1773 non
1555 1720 1807 1775 habitare
1839 1721 2038 1777 fratres

468 1810 526 1864 in
555 1825 727 1863 unum
747 1809 829 1861 “?
852 1829 870 1859 ι
915 1809 1300 1864 Partemiastes
1326 1811 1455 1863 item
1495 1827 1507 1863 :
1546 1831 1564 1861 ι
1596 1811 1789 1865 Frater
1819 1812 1911 1882 qui
1940 1812 2038 1866 ad-

466 1903 690 1973 iuvatur
737 1915 767 1953 a
806 1898 974 1954 fratre
999 1941 1012 1963 ,
1073 1900 1230 1969 quasi
1281 1901 1477 1956 civitas
1520 1901 1772 1955 ﬁrma'“
1804 1922 1859 1969 ι,
1898 1910 1954 1957 et
1985 1903 2041 1958 in

469 1989 708 2045 editiore
750 1989 874 2043 loco
913 1988 1037 2043 sita.
1095 1989 1165 2043 Et
1212 2007 1223 2041 :
1272 2008 1290 2042 ‹
1328 1990 1465 2044 Boni
1496 1989 1607 2044 duo
1651 2005 1813 2059 super
1845 2008 2038 2057 unum,

469 2080 673 2150 quibus
716 2089 802 2135 est
849 2080 930 2134 eis
972 2094 1186 2134 merces
1230 2097 1242 2132 :
1277 2080 1428 2149 quia,
1461 2082 1506 2135 si
1533 2082 1858 2147 ceciderint,
1897 2099 2041 2139 unus

469 2173 649 2242 eriget
682 2181 996 2227 consortem
1031 2171 1281 2225 suum”.
1308 2192 1325 2222 ι
1369 2173 1434 2226 Ει
1464 2191 1476 2224 :
1513 2193 1529 2223 ι
1554 2174 1645 2228 Vae
1668 2173 1784 2237 uni,
1822 2175 1867 2228 si
1900 2176 2043 2229 ceci—

470 2262 638 2324 derit,
676 2271 732 2316 et
762 2278 871 2316 non
897 2262 968 2316 sit
995 2263 1275 2318 secundus
1306 2264 1400 2332 qui
1428 2264 1605 2333 erigat
1631 2265 1838 2319 cum“.
1865 2284 1882 2316 ι
1929 2266 1994 2320 Et
2026 2285 2039 2319 :

473 2353 685 2423 1153
722 2371 740 2403 ‹
777 2352 833 2407 Si
862 2368 1005 2406 unus
1035 2353 1345 2422 impegerit,
1380 2354 1490 2408 duo
1517 2356 1823 2410 consistent
1848 2356 2043 2410 adver-

472 2460 567 2499 sus
586 2459 736 2497 eum.
775 2443 1078 2498 Funiculus
1105 2444 1301 2514 triplex
1332 2462 1439 2500 non
1466 2448 1578 2501 cito
1609 2447 1986 2517 rumpetur".
2016 2468 2035 2500 ι

469 2535 578 2592 Sed
597 2536 892 2590 inActibus
904 2536 1276 2605 apostolorum
1297 2538 1560 2607 scriptum
1576 2540 1813 2608 est,quia
1831 2544 1854 2590 ῐ
1873 2540 2044 2608 Quot-

467 2625 605 2696 quot
627 2627 981 2682 crediderant
1001 2636 1160 2681 erant
1182 2628 1236 2681 in
1263 2645 1453 2689 unum,
1479 2639 1535 2684 et
1559 2630 1839 2685 habebant
1856 2633 2042 2687 omnia

464 2717 783 2772 communia
800 2716 869 2771 “.
896 2736 914 2768 ι
968 2717 1266 2788 Aliquanto
1293 2728 1417 2788 post
1446 2738 1458 2773 :
1495 2740 1513 2770 ι
1548 2721 1919 2775 Multitudinis
1949 2737 2044 2777 eo-

468 2822 594 2861 rum
629 2806 724 2876 qui
752 2806 1106 2861 crediderant
1133 2818 1254 2863 ‘erat
1279 2825 1376 2862 cor
1404 2826 1573 2863 unum
1606 2817 1661 2864 et
1684 2811 1864 2864 anima
1891 2827 1998 2867 una
2022 2829 2037 2868 :

467 2905 527 2953 et
560 2913 722 2951 nemo
745 2897 1045 2967 quidquam
1079 2913 1270 2952 eorum
1303 2915 1423 2967 qua:
1453 2901 1788 2968 possidebat,
1823 2901 2043 2959 dicebat

468 3004 593 3044 esse
638 3003 799 3042 suum
827 3026 843 3059 ,
901 2989 999 3043 sed
1045 3000 1203 3043 erant
1234 2991 1345 3044 illis
1376 2991 1559 3044 omnia
1588 2993 1901 3047 communia
1916 2994 1984 3046 ⁸⁷.
2014 3013 2034 3045 ι

2140 622 2307 690 Λέγει
2353 621 2413 674 δὲ
2463 622 2559 675 καὶ
2600 621 2765 686 αὐτὸς
2795 613 2951 683 οὗτος
3000 621 3253 675 όΔαὸἱδο
3316 644 3337 674 ‹
3387 623 3520 677 Ἰδοὺ
3562 625 3612 678 δὲ
3650 626 3694 680 τι

2141 714 2337 779 καλὸν,
2390 713 2423 784 ἦ
2472 713 2526 767 τί
2566 715 2816 785 τερπνὸν,
2850 713 2964 767 ἀλλ’
2994 714 3027 784 ἢ
3061 713 3121 766 τὸ
3147 720 3431 768 κατοικεῖν
3461 715 3693 784 ἀδελφοὺς

2141 806 2235 858 ἐπὶ
2258 805 2319 858 τὸ
2341 805 2502 871 αὐτό;
2527 824 2544 856 ι
2579 807 2688 858 Καὶ
2707 807 2735 857 6
2759 805 3175 875 Παροιμιαστής
3201 820 3397 874 φησιν·
3427 824 3445 856 ι
3468 805 3693 873 ’Λδελφὸς

2143 895 2248 949 ὑπὸ
2296 895 2530 965 ἀδελφοῦ
2586 896 2981 968 βοηθούμενος,
3036 898 3110 960 ὡς
3160 896 3313 960 πόλις
3347 897 3582 969 ὀχυρὰ,ι
3620 898 3695 950 καὶ

2142 986 2341 1059 ὑψηλή.
2375 987 2486 1040 Καί
2507 1005 2520 1018 ο
2559 1006 2576 1038 ι
2601 988 2819 1056 ’Δγαθοὶ
2847 988 2896 1039 οἱ
2926 986 3019 1040 δύο
3047 987 3186 1057 ὑπὲρ
3206 987 3301 1039 τὸν
3328 987 3448 1048 ἕνα,
3475 982 3552 1049 οἷς
3573 988 3694 1041 ἐστιν

2140 1077 2169 1130 6
2212 1078 2408 1148 μισθὸς
2455 1079 2677 1141 αὐτοῖς,
2740 1079 2822 1131 ὅτι
2872 1079 2969 1132 ἐὰν
3015 1078 3293 1142 πέσωσιν,
3346 1080 3375 1131 ό
3404 1072 3487 1140 εἷς
3518 1080 3695 1149 ἐγείρει

2140 1172 2235 1222 τὸν
2269 1171 2496 1240 μέτοχον
2522 1170 2708 1224 αὑτοῦ.
2738 1189 2756 1222 ι
2796 1172 2928 1225 Καίσ
2968 1190 2986 1223 ι
3017 1172 3157 1224 Οὐαὶ
3185 1170 3264 1240 τῷ
3295 1171 3403 1236 ἐνὶ,
3439 1172 3532 1224 ἐὰν
3556 1172 3695 1242 πέσῃ,

2142 1262 2238 1316 καὶ
2271 1259 2402 1334 μὴῇ
2434 1263 2688 1334 δεύτερος
2714 1262 2808 1315 τοῦ
2837 1263 3053 1334 ἐγεῖραι
3080 1263 3262 1317 αὐτόν.
3293 1282 3312 1313 ι
3357 1263 3468 1316 Καί
3493 1282 3506 1294 ο
3543 1283 3561 1315 ι
3592 1264 3698 1316 Ἐὰν

2141 1353 2511 1423 κραταιωθῇιί
2562 1353 2591 1405 6
2637 1347 2759 1416 εἷς,
2833 1354 2880 1404 οἱ
2936 1352 3030 1405 δύο
3087 1356 3381 1423 στήσονται
3435 1354 3699 1407 κατέναντι

2141 1442 2344 1509 αὑτοῦ,
2401 1444 2495 1496 καὶ
2540 1442 2602 1495 τὸ
2649 1445 2945 1511 σπαρτεῖον
2994 1443 3055 1494 τὸ
3097 1443 3342 1510 ἔντριτον
3401 1445 3463 1496 οὐ
3509 1445 3699 1513 ταχέως

2143 1533 2651 1605 ἀπορῤαγήσεται.»
2691 1533 2800 1584 Καὶ
2831 1534 2887 1584 ἐν
2912 1535 3031 1594 ταῖς
3061 1533 3334 1602 Πρὰξεσιν
3364 1533 3477 1585 τῶν
3498 1534 3701 1585 ἀποστόο

2140 1626 2248 1677 λων
2280 1625 2617 1696 γέγραπται,
2653 1624 2735 1679 ὅτι
2774 1641 2795 1675 ι
2833 1623 3041 1687 Πάντες
3075 1624 3125 1677 οἱ
3156 1623 3546 1686 πιστεύσαντες
3576 1619 3701 1693 ἦσαν

2143 1718 2236 1770 ἐπὶ
2264 1717 2325 1770 τὸ
2353 1715 2504 1779 αὐτὸ,
2541 1715 2637 1768 καὶ
2666 1710 2813 1784 εἶχον
2842 1715 3056 1768 ἅπαντα
3081 1715 3290 1767 κοινά.»
3329 1715 3441 1768 Καὶ
3473 1717 3587 1785 μετ’
3605 1713 3703 1768 ὀλί-

2143 1824 2270 1877 γον·
2307 1825 2327 1859 ι
2363 1806 2471 1860 Τοῦ
2514 1806 2570 1859 δὲ
2600 1793 2839 1876 πλήθους
2868 1805 2977 1857 τῶν
3002 1807 3366 1860 πιστευόντων
3399 1802 3469 1876 ἦν
3495 1808 3527 1875 ἡ
3551 1805 3701 1875 ψυχὴ,

2143 1899 2253 1971 καὶ*
2285 1900 2317 1969 ὴ
2358 1897 2555 1969 καρδία
2603 1897 2702 1967 μία
2726 1935 2740 1960 ,
2795 1896 2890 1947 καὶ
2937 1895 3115 1958 οὐδείς
3149 1914 3200 1947 τι
3228 1897 3339 1948 τῶν
3369 1895 3703 1965 ὑπαρχόντων

2142 1988 2290 2059 αὐτῷ
2312 1988 2495 2056 ἔλεγεν
2520 1987 2651 2040 ἴδιον
2673 1981 2834 2052 εἶναι,
2852 1985 2965 2038 ἀλλ’
2982 1980 3049 2054 ἦν
3073 1986 3252 2046 αὐτοῖς
3277 1986 3494 2037 ἅπαντα
3510 1984 3699 2036 κοινά.ι

2141 2080 2433 2149 Μακάριος
2466 2073 2558 2131 οὗν
2588 2078 2738 2130 ἐστιν
2779 2078 2806 2128 ό
2838 2075 3071 2147 μοναχὸς
3104 2075 3133 2127 6
3166 2077 3373 2138 πάντας
3402 2072 3702 2145 ἀνθρώπως

2141 2171 2216 2232 ὠς
2243 2169 2376 2222 Θεὸν
2410 2169 2549 2238 μετὰ
2579 2167 2709 2221 Θεὸν
2742 2168 3076 2237 ἡγούμενοςο
3142 2167 3413 2236 μακάριός
3444 2169 3589 2219 ἐστιν
3620 2181 3706 2233 μο-

2143 2261 2303 2332 ναχὸς
2358 2263 2385 2314 6
2430 2261 2529 2331 τὴν
2561 2260 2816 2313 ἁπάντων
2848 2261 3125 2331 σωτηρίαν
3170 2260 3262 2311 καὶ
3291 2258 3606 2328 προκοπὴν,
3638 2255 3704 2317 ὡς

2141 2354 2349 2407 οἰκείαν
2403 2353 2540 2423 μετὰ
2589 2353 2771 2422 πάσης
2817 2353 2989 2424 χαρᾶς
3037 2351 3206 2421 ἡδέως
3248 2350 3412 2421 ὁρῶν.
3473 2347 3704 2418 Μοναχὸς

2143 2446 2325 2509 ἐστιν,
2379 2447 2407 2496 ὁ
2456 2445 2652 2497 ἑαυτὸν
2702 2443 2840 2513 μετὰ
2880 2444 3097 2497 πάντων
3136 2441 3478 2511 ἡγούμενο;’
3535 2440 3618 2493 διὰ
3650 2439 3704 2491 τὸ

2142 2539 2201 2590 ὲν
2250 2537 2465 2606 ἑκάστῳ
2517 2535 2707 2588 ἑαυτὸν
2757 2535 3179 2604 ἁπαραλείπτως
3227 2535 3407 2587 δοκεῖν
3455 2533 3700 2604 καθορᾷν.

2142 2629 2261 2683 Καὶ
2287 2631 2315 2681 ὁ
2351 2629 2669 2690 Ἀπόστολος
2699 2627 2756 2679 δέ
2789 2643 2956 2695 φησιν
2980 2639 2994 2654 ·
3062 2644 3079 2677 ι
3116 2626 3382 2696 Καθάπερ
3416 2628 3473 2678 ὲν
3507 2627 3583 2678 ένὶ
3609 2625 3703 2678 adt-

2146 2736 2276 2790 ματι
2331 2718 2467 2788 μέλη
2518 2718 2686 2771 πολλὰ
2735 2717 2962 2787 ἔχομεν,
3016 2716 3085 2769 τὰ
3129 2717 3187 2769 δὲ
3236 2717 3374 2786 μέλη
3417 2716 3611 2779 πάντα,
3644 2714 3703 2768 οὗ

2140 2811 2239 2878 τὴν
2267 2809 2438 2879 αὐτὴν
2466 2809 2585 2878 ἔχει
2603 2807 2834 2878 πρᾶξινο
2869 2807 3042 2870 οὕτως
3069 2808 3157 2860 καὶ
3191 2808 3239 2859 ci
3266 2806 3453 2860 πολλοὶ
3479 2807 3535 2859 ἓν
3556 2804 3703 2875 σῶμά

2141 2905 2308 2973 ἐσμεν
2342 2907 2398 2956 ὲν
2429 2902 2686 2973 Χριστῷ,
2738 2901 2799 2954 τὸ
2827 2902 2885 2954 δὲ
2918 2902 3039 2953 καθ’
3087 2895 3188 2963 εἷς,
3230 2899 3478 2969 ἀλλήλων
3507 2897 3650 2969 μέλη.
3675 2915 3697 2950 ιι

2141 2994 2250 3046 Καὶ
2285 2994 2518 3061 ἐπάγειο
2576 3011 2594 3043 ι
2636 2993 2773 3045 Ἀλλ’
2808 2994 2836 3045 ό
2870 2992 3000 3057 Θεὸς
3038 2992 3408 3064 συνεκέρασεν
3440 2990 3501 3044 τὸ
3531 2991 3698 3059 σῶμα,

468 3080 672 3137 Beatus
696 3080 865 3150 igitur
893 3081 940 3134 is
963 3081 1287 3144 monachus,
1317 3083 1435 3151 qui,
1461 3082 1609 3151 quod
1635 3083 1701 3137 ad
1726 3085 1893 3137 Deum
1919 3100 2040 3153 per-

2143 3085 2221 3155 τῷ
2266 3084 2580 3156 ὑστεροῦντι
2630 3084 3030 3156 περισσοτέραν
3065 3084 3188 3147 δοὺς
3220 3082 3417 3152 τιμὴν,
3455 3084 3541 3136 ἵνα
3574 3076 3698 3152 μὴῇ

469 3172 642 3238 tinet,
691 3180 925 3226 caeteros
950 3186 1141 3225 omnes
1172 3172 1522 3227 admirationi
1551 3174 1706 3228 ducit
1736 3186 1793 3229 et
1816 3175 2038 3243 honori,

469 3264 638 3334 idque
692 3271 816 3332 post
858 3262 1050 3316 Deum.
1112 3262 1312 3317 Beatus
1357 3264 1517 3333 plane
1564 3266 1894 3331 monachus,
1947 3268 2041 3336 qui

472 3356 530 3412 in
560 3371 764 3425 genere
801 3354 1051 3409 omnium
1082 3355 1319 3409 salutem
1353 3365 1410 3409 et
1442 3357 1879 3425 promotionem,
1920 3373 2041 3426 per-

469 3461 626 3516 aque
675 3461 742 3500 ac
787 3445 1104 3514 propriam,
1160 3444 1308 3498 omni
1358 3460 1482 3508 cum
1529 3447 1729 3516 gaudio
1775 3455 1831 3501 et
1872 3447 2040 3501 animi

466 3537 821 3608 iucunditate
867 3535 1142 3605 pervidet.
1202 3536 1503 3592 Monachus
1549 3546 1663 3599 est,
1719 3538 1813 3607 qui
1867 3555 2037 3593 unum

471 3645 530 3684 se
558 3643 681 3683 esse
711 3628 858 3682 inter
885 3634 1118 3683 caeteros
1149 3628 1402 3698 deputat,
1438 3644 1538 3698 per
1565 3629 1669 3686 hoc
1694 3635 1840 3699 quod
1862 3631 2041 3686 credit

471 3719 918 3789 impraetermisse
948 3718 1191 3788 seipsum
1217 3720 1472 3774 contueri
1498 3720 1551 3774 in
1577 3736 1911 3791 unoquoque
1932 3722 2045 3777 fra-

470 3820 641 3865 trum.
697 3811 994 3880 Apostolus
1042 3826 1057 3864 :
1107 3827 1125 3862 ι
1164 3809 1321 3865 Sicut
1368 3810 1423 3865 in
1463 3826 1573 3864 uno
1601 3825 1837 3882 corpore
1870 3813 2042 3868 multa

471 3900 721 3955 membra
742 3901 1035 3967 habemus,
1062 3900 1248 3956 omnia
1273 3909 1457 3955 autem
1483 3902 1730 3957 membra
1754 3919 1866 3958 non
1886 3920 2042 3959 eum-

471 3978 600 4047 dem
630 4001 814 4049 actum
846 3993 1090 4059 habent,
1142 3993 1216 4047 ita
1246 4001 1303 4048 et
1331 3993 1492 4048 multi
1523 4009 1694 4048 unum
1721 4010 1925 4065 corpus
1947 4010 2048 4051 sua

478 4097 603 4137 mus
634 4083 688 4136 in
714 4082 959 4146 Christo,
995 4082 1198 4152 singuli
1229 4091 1415 4136 autem
1449 4082 1590 4137 alter
1617 4083 1845 4139 alterius
1869 4099 2044 4141 mem-

472 4173 576 4228 bra
594 4174 662 4230 ⁸⁸.
695 4193 714 4227 ι
776 4174 995 4229 lnducit
1039 4192 1052 4227 :
1103 4193 1121 4225 ι
1150 4172 1255 4228 Sed
1289 4174 1435 4229 Deus
1465 4177 1791 4244 temperavit
1816 4192 2037 4247 corpus,

470 4264 521 4320 ei
577 4267 668 4322 cui
716 4266 906 4322 deerat
957 4264 1424 4321 abundantiorem
1471 4266 1724 4322 tribuens
1753 4268 2042 4339 honorem,

2141 3178 2416 3248 σχίσματα
2445 3182 2504 3231 ὲν
2531 3177 2609 3248 τῷ
2637 3176 2870 3246 σώματι,
2897 3176 3035 3231 ἀλλὰ
3061 3176 3123 3229 τὸ
3146 3176 3277 3229 αὐτὸ
3306 3178 3452 3247 ὑπὲρ
3474 3175 3700 3244 ἀλλήλων

2138 3269 2208 3321 τὰ
2239 3270 2376 3339 μέλη
2412 3268 2774 3338 μεριμνῶσιν.
2798 3286 2815 3319 ι
2852 3267 2951 3319 Διὰ
2973 3267 3130 3319 τοῦτο
3159 3266 3448 3336 ὀφείλομεν
3476 3264 3701 3333 ἀλλήλων

2138 3361 2206 3413 τὰ
2250 3359 2392 3430 βάρη
2441 3358 2774 3429 βαστάζειν,
2831 3358 2925 3410 καὶ
2979 3350 3117 3409 εἶναι
3158 3355 3357 3418 πάντες
3392 3356 3698 3425 ὁμόφρονες,

2138 3453 2426 3523 ὁμόψυχοιν
2444 3451 2832 3519 εὔσπλαγχνοι,
2846 3448 3292 3519 ταπεινόφρονες,
3306 3446 3487 3499 πάντα
3505 3442 3698 3497 ποιοῦν-

2143 3561 2235 3607 τες
2266 3545 2322 3596 ὲν
2347 3544 2561 3614 ἀγάπῃ,
2597 3542 2808 3617 ἴνα-καὶ
2837 3538 3010 3602 οὕτως
3043 3540 3134 3592 τὸν
3161 3538 3295 3591 Θεὸν
3324 3537 3464 3608 πρὸς
3491 3535 3701 3594 ἑαυτοὺς

2146 3634 2587 3705 ὲπισπασώμεθα
2606 3673 2622 3699 ,
2679 3634 2774 3687 καὶ
2803 3631 3204 3705 εὐπρόσδεκτος
3230 3630 3461 3699 γένηται
3488 3626 3520 3698 ἠ
3546 3641 3699 3696 προσ·

2148 3727 2281 3797 ευχὴ
2309 3725 2489 3796 ἡμῶν.
2521 3723 2685 3793 Λέγει
2710 3723 2820 3794 γὰρ
2846 3724 2874 3776 ό
2898 3722 3103 3794 Κύριος
3120 3738 3134 3751 ·
3169 3741 3187 3774 ι
3212 3719 3379 3792 Ἀμὴν
3402 3721 3545 3787 λέγω
3565 3720 3699 3788 ὑμῖν,

2148 3819 2231 3872 ὅτι
2279 3816 2375 3870 ἐὰν
2421 3815 2514 3868 δύο
2559 3814 2618 3881 ἐξ
2660 3813 2814 3884 ὑμῶν
2863 3814 3325 3885 συμφωνήσουσιν
3362 3812 3463 3865 ἐπὶ
3489 3812 3583 3880 τῆς
3610 3806 3703 3879 γῆς

2122 3909 2278 3977 περ)⁸
2323 3906 2526 3970 παντὸς
2568 3906 2916 3978 πράγματος,
2954 3900 3016 3960 οὗ
3052 3905 3147 3959 ἐὰν
3180 3906 3521 3968 αἰτήσονται,
3548 3901 3710 3971 ’γενήε

2143 4017 2296 4055 σεται
2329 3999 2512 4060 αὐτοῖς
2547 3997 2699 4067 παρὰ
2729 3997 2822 4050 τοῦ
2855 3997 3070 4067 Πατρός
3097 4012 3199 4067 μου
3232 3995 3325 4049 τοῦ
3354 3998 3413 4048 ὲν
3445 3994 3699 4062 οὐρανοῖς.

2142 4087 2219 4147 Οὔ
2271 4090 2382 4163 γάρ
2428 4091 2569 4143 εἰσιν
2615 4089 2944 4159 συνηγμένοι
2989 4087 3087 4142 δύο
3127 4089 3159 4159 ἦ
3200 4090 3346 4159 τρεῖς
3394 4090 3476 4150 εἰς
3504 4088 3559 4139 τὸ
3583 4083 3703 4152 ἐμὸν

2142 4184 2353 4254 ὄνομα,
2404 4182 2522 4234 ἐκεῖ
2558 4181 2676 4250 εἰμι
2722 4181 2788 4253 ,ἐν
2834 4179 2988 4251 μέσῳ
3030 4179 3231 4234 αὐτῶν.
3263 4197 3282 4231 ι
3342 4179 3502 4248 Λὺτῷ
3529 4179 3560 4248 ἠ
3587 4175 3701 4240 δόξα

2143 4270 2263 4344 [καὶ
2290 4270 2352 4323 τὸ
2376 4266 2600 4339 κράτος]
2632 4268 2712 4331 εἰς
2736 4269 2862 4331 τοὺς
2887 4268 3113 4330 αἰῶνας.
3156 4268 3353 4337 Ἀμήν.

470 4365 531 4412 ιιι
566 4373 674 4413 non
707 4359 780 4414 sit
825 4357 1064 4413 schisma
1114 4357 1173 4412 in
1215 4372 1477 4427 corpore,
1535 4357 1630 4412 sed
1680 4357 1737 4412 in
1784 4358 2023 4430 idipsum
2063 4380 2166 4435 pro
2229 4360 2462 4416 invicem
2501 4357 2731 4413 sollicita
2762 4359 2874 4414 sint
2917 4357 3165 4413 membra
3197 4358 3264 4411 δ’.
3300 4376 3318 4409 ι
3360 4356 3443 4412 01)
3468 4354 3520 4410 id
3552 4351 3703 4407 debe-

470 4467 595 4506 mus
654 4450 919 4505 mutuiter
1004 4458 1265 4519 praestare
1316 4464 1539 4519 operam
1600 4450 1659 4504 in
1709 4451 2064 4510 sublevandis
2103 4456 2337 4511 aliorum
2376 4451 2672 4517 oneribus,
2729 4462 2785 4508 et
2832 4452 3202 4508 concordibus
3264 4452 3464 4506 animis
3526 4446 3701 4503 eadem

471 4546 697 4610 sentire,
730 4560 795 4599 ac
821 4543 911 4613 pia
947 4557 1078 4614 erga
1104 4543 1241 4598 alios
1267 4554 1480 4614 gestare
1509 4543 1739 4611 viscera,
1773 4546 2020 4604 modeste
2057 4564 2121 4604 ac
2146 4544 2427 4602 humiliter
2459 4545 2527 4601 de
2551 4546 2713 4600 nobis
2772 4546 2977 4601 sentire
2998 4585 3013 4612 ,
3049 4543 3191 4600 nihil
3254 4556 3367 4601 nun
3427 4545 3701 4613 designan-

468 4645 555 4690 tes
582 4636 767 4704 Operis
788 4635 846 4688 in
868 4634 1158 4698 charitate,
1184 4649 1295 4704 quo
1318 4634 1405 4689 vel
1461 4634 1549 4688 his
1603 4636 1865 4704 operibus
1915 4651 2331 4707 promereamur
2365 4634 2527 4690 nobis
2588 4635 2723 4705 ipsis
2767 4635 2865 4691 Dei
2931 4635 3160 4705 gratiam
3193 4636 3465 4690 asisccere
3504 4640 3559 4687 et
3586 4645 3703 4685 eon-

471 4726 660 4783 ciliare
686 4727 960 4792 favorem,
995 4735 1058 4781 ut
1105 4727 1162 4781 in
1191 4727 1340 4783 illius
1365 4727 1542 4782 oculis
1604 4731 1958 4799 acceptabilis
2019 4733 2112 4790 ﬁat
2175 4741 2364 4788 nostra
2423 4728 2757 4798 deprecatio.
2828 4728 2972 4783 Dicit
3024 4727 3173 4783 enim
3229 4729 3347 4798 ipse
3398 4725 3699 4782 Dominus:

476 4840 495 4872 ί
526 4818 699 4873 Amen
730 4816 854 4870 dico
878 4816 1058 4881 vobis,
1082 4817 1211 4886 quia
1231 4817 1278 4872 si
1308 4817 1419 4872 duo
1446 4832 1514 4872 ex
1536 4819 1694 4874 vobis
1724 4826 2111 4880 consenserint
2133 4839 2301 4895 super
2326 4830 2550 4884 terram,
2572 4818 2641 4876 de
2665 4834 3000 4890 quacunque
3027 4832 3089 4874 re
3105 4835 3267 4889 quam
3298 4814 3699 4889 postulaverint.

471 4909 566 4963 fiet
586 4906 667 4961 eis
691 4921 722 4960 a
745 4904 906 4960 Patre
930 4919 1053 4958 meo
1083 4903 1178 4973 qui
1236 4914 1322 4960 est
1350 4906 1408 4959 in
1431 4905 1614 4971 caelis;
1644 4906 1739 4961 ubi
1782 4909 1939 4963 enim
1998 4922 2127 4969 sunt
2165 4909 2480 4984 congregati
2521 4909 2632 4965 duo
2673 4912 2763 4967 vel
2802 4922 2918 4968 tres
2966 4912 3024 4967 in
3058 4911 3281 4967 nomine
3311 4924 3452 4974 meo,
3490 4909 3565 4963 ibi
3594 4918 3700 4960 sum

470 5003 528 5058 in
556 5000 739 5067 medio,
763 5011 959 5054 eorum
975 4996 1044 5050 νυ.
1073 5014 1092 5048 ι
1152 4996 1262 5065 Ipsi
1290 4997 1460 5067 gloria
1492 4998 1548 5051 in
1577 4999 1797 5054 saecula.
1832 5000 2026 5060 Amen.

982 5087 1267 5145 HOMILIA
1300 5087 1540 5143 LXXXI.
1714 5106 1725 5113 ~
2064 5096 2114 5156 υ

986 5180 1066 5233 De
1092 5179 1515 5233 coaitationibus.

986 5196 1066 5233 ue
1092 5196 1515 5251 coguanomous.

538 5274 683 5330 Dicit
704 5272 986 5343 Scriptura
1011 5288 1025 5324 :
1057 5292 1074 5322 ι
1094 5270 1295 5341 Legem
1322 5271 1375 5327 iu
1398 5271 1734 5343 adjutorium
1760 5272 1989 5328 dedit“.
2007 5293 2025 5325 ι

2689 5196 2830 5253 Περὶ
2859 5196 3188 5255 λογισμων.

2214 5276 2383 5346 Φησὶν
2431 5278 2464 5347 ἡ
2506 5276 2697 5348 Γραφή
2720 5293 2761 5308 οι
2796 5295 2815 5329 ι
2843 5276 3029 5348 Νόμον
3070 5278 3152 5339 εις
3187 5274 3439 5349 βοήθειαν
3470 5276 3649 5328 ἔδωκε.
3681 5293 3697 5323 ι

538 5415 583 5447 ’τ’
612 5413 680 5470 lV
707 5413 840 5482 Reg.
872 5427 930 5475 ιι,
959 5409 1014 5482 ti.
1089 5410 1138 5482 ⁸1
1162 5410 1319 5482 Ruth
1368 5425 1406 5471 ι,
1434 5410 1519 5464 17.
1596 5410 1638 5443 ⁸⁸
1672 5408 1816 5464 Ruth
1870 5427 1930 5482 tt,
1964 5409 2040 5465 12

2158 5410 2204 5441 ⁸⁸
2238 5410 2381 5465 Psal.
2417 5427 2635 5482 curm,
2666 5412 2715 5465 1.
2830 5412 2899 5446 ⁸²⁶
2928 5414 3092 5470 Prov.
3122 5431 3271 5480 xvm,
3299 5413 3385 5470 19.
3460 5412 3507 5482 ⁸Α³
3533 5409 3704 5467 Ecclc.

466 5500 538 5547 tv,
565 5484 618 5539 9.
696 5483 741 5514 5‘
775 5479 908 5536 ibid.
939 5481 1025 5536 10.
1125 5481 1175 5513 ⁸³
1208 5480 1344 5535 ibid.
1377 5482 1464 5534 12.
1568 5482 1616 5514 ⁸⁸
1642 5481 1833 5539 Act.tt.
1870 5481 1959 5535 Μ.
2038 5486 2040 5507 λ

2141 5482 2238 5535 let.
2269 5496 2343 5543 tv,
2375 5479 2460 5535 52.
2514 5480 2640 5535 limo
2694 5492 2935 5539 mentem
2989 5485 3227 5539 reddunt
3258 5479 3558 5544 auctoris.
3604 5494 3689 5534 ιιοι

466 5554 595 5607 item
618 5552 807 5616 verba,
847 5559 1142 5619 corruptus
1166 5551 1312 5605 enim
1347 5551 1501 5606 locus
1524 5560 1625 5605 est.
1704 5551 1751 5583 ⁸⁸
1783 5551 1942 5605 Rom.
1978 5567 2069 5615 Xtt,
2099 5551 2154 5617 4,
2188 5553 2241 5605 5.
2317 5552 2361 5583 ⁸³
2395 5550 2415 5605 l
2444 5550 2571 5604 Cor.
2605 5567 2701 5617 χιι,
2726 5552 2816 5607 21.
2892 5554 2936 5586 ⁹⁰
2968 5554 3165 5609 Matth;
3196 5570 3347 5620 xvm,
3389 5553 3471 5609 l9.
3527 5554 3569 5585 ’¹
3608 5553 3684 5606 lsa

466 5638 581 5689 vm,
606 5622 675 5676 20
700 5635 812 5676 sec.
841 5620 1021 5685 LXX;
1059 5620 1234 5676 Galat.
1268 5637 1347 5686 ιιι,
1376 5621 1475 5674 24.

1528 5714 1536 5721 -
1732 5689 1773 5744 ιτ
1788 5688 1968 5743 ιιιιΑι
2009 5688 2415 5745 LECTIO’NES.

538 5781 567 5820 ιι
600 5780 709 5837 Pro
737 5781 1077 5854 καταραχοῇ,
1113 5782 1370 5838 Aldinum
1410 5785 1690 5854 exemplar
1717 5783 1883 5840 habet
1918 5783 2354 5858 ἐπικραταιωθῇ,
2394 5785 2576 5842 victus
2610 5788 2794 5844 fuerit.

2738 5091 2956 5157 ΛΟΓΟΣ
2984 5092 3112 5147 ΠΜ.

2689 5186 2830 5253 Περὶ
2859 5183 3188 5255 λογισμῶν.
