3986 6148
491 326 636 391 .1679

1765 329 2131 391 ANTIOCHI
2174 332 2515 394 MONACHI

3592 331 3708 397 lCBO

489 436 581 500 leo
610 443 701 498 hic
732 442 956 498 dolosus
1004 441 1165 495 nobis
1193 450 1419 511 apparat
1459 455 1523 496 ac
1548 442 1774 497 molitur
1825 444 2074 512 insidias,

2178 446 2289 517 γὰρ
2321 446 2664 517 βδελύττεται
2696 446 2724 500 ὁ
2755 446 2885 510 Θεὸς
2911 448 3038 510 τοὺς
3064 446 3408 519 ἀκαθάρτους
3437 445 3708 518 λογισμοὺς,

493 537 756 592 desidens
805 535 859 588 in
908 532 1173 602 spelunca
1214 548 1334 586 sua.
1392 532 1546 587 Clam
1579 535 2065 592 euimconeinnat

496 629 588 682 hic
638 620 907 681 malorum
961 624 1214 677 incentor
1274 622 1496 692 pedicas
1545 625 1743 691 nobis,
1806 642 1870 680 ac
1928 628 2068 682 retia

495 720 859 774 obscenarum
909 715 1310 784 cogitationum
1333 756 1346 782 ,
1403 723 1460 769 et
1503 731 1625 785 qum
1659 731 1762 771 nos
1800 734 1830 771 a
1862 719 2067 787 pietate

495 818 748 868 avocent.
804 808 995 878 Atqui,
1047 808 1190 862 sicut
1221 808 1430 862 dictum
1464 809 1576 880 jam
1611 820 1723 873 est,
1757 813 2073 868 multifaria:

493 903 766 977 ejusmodi
816 900 1206 972 cogitationes,
1258 902 1410 955 nulla
1454 918 1634 965 mora,
1677 903 1772 957 sed
1810 904 1926 973 ipso
1956 913 2071 973 sla-_-

494 996 592 1050 tim
623 995 776 1050 aditu
826 992 1183 1064 proﬂiganda;
1224 1002 1354 1047 sunt
1403 1010 1467 1048 ac
1502 993 1848 1051 deelinandae
1882 997 2071 1050 studio

471 1087 598 1157 ,βίω
629 1083 1087 1140 contradictionis
1136 1092 1302 1153 atque
1351 1085 1642 1139 orationis.
1698 1086 1791 1140 Ηιθ
1834 1088 2071 1142 maxime

470 1175 890 1248 praevertenda:
929 1174 1196 1239 veni-unt,
1255 1190 1378 1243 qum
1420 1185 1662 1231 mentem
1698 1176 1980 1232 defoedant
2009 1193 2074 1233 ac

472 1269 664 1327 .veluti
695 1267 1063 1338 prostituunt,
1101 1275 1162 1320 ut
1190 1282 1260 1320 ne
1289 1268 1587 1335 inquinent
1611 1268 1964 1323 sanctitatem
1989 1269 2073 1323 lo-

494 1361 577 1425 ci,
630 1375 739 1414 neu
784 1358 1065 1412 hominem
1098 1358 1195 1412 Dei
1233 1359 1528 1427 prnfanent
1577 1368 1635 1413 et
1668 1361 2071 1415 contaminent.

472 1449 710 1520 ,1155
725 1449 953 1504 Omnem
976 1448 1146 1517 igitur
1176 1448 1347 1502 divini
1371 1448 1534 1503 cilicii
1566 1449 1776 1503 cultum
1809 1450 2075 1505 debemus

477 1542 812 1610 ,ιωι-ευίνρτρ
846 1540 983 1604 Deo,
1009 1555 1079 1593 ne
1124 1538 1349 1608 quando
1378 1538 1858 1609 deprehendamur
1903 1542 2075 1596 Deum

493 1632 718 1703 quidem
751 1632 1082 1702 compellare
1109 1640 1165 1686 et
1203 1633 1408 1703 alloqui
1455 1634 1617 1688 labiis
1670 1644 1855 1699 tenus,
1909 1635 2075 1691 corde

492 1740 623 1780 vero
652 1726 832 1780 media
864 1727 918 1779 in
954 1724 1228 1795 Babylone
1252 1725 1568 1780 desidentes
1592 1736 1647 1781 et
1668 1727 2077 1796 captivi,~arro-

2178 538 2380 608 μᾶλλον
2417 540 2473 592 δὲ
2517 539 2616 609 τὴν
2647 539 2942 592 τίκτουσαν
2974 538 3177 602 αὐτοὺς
3203 538 3456 609 καρδίαν,
3500 539 3568 602 ὡς
3591 540 3710 611 δηλιῖ

2175 631 2273 682 καὶ
2300 632 2328 683 ὁ
2356 630 2538 700 νόμος.
2565 631 2732 699 Φησίν
2760 630 2867 702 γάρ
2888 646 2902 659 ο
2942 648 2960 681 ι
2991 631 3103 684 Οὐκ
3135 631 3464 701 άροτριάσῃς
3484 632 3536 686 ὲν
3564 631 3709 702 μὸτχῳ

2176 722 2271 775 καὶ
2302 722 2430 792 ὄνῳ,
2471 741 2489 775 ι
2532 722 2833 786 τουτέστιν,
2865 722 2921 774 ἐν
2950 721 3179 791 καθαρῷ
3218 722 3313 774 καὶ
3343 722 3619 793 ἀκαθάρτῳ
3644 724 3710 778 λοι

2173 813 2376 884 γισμῷ“
2411 814 2472 866 οὐ
2518 813 2830 884 προσοίσεις
2878 803 3210 885 προσευχήν·
3243 815 3304 866 οὐ
3357 813 3627 884 προσάξεις
3647 817 3709 879 είς

2174 905 2363 957 θυσίαν
2419 904 2691 975 πρόϐατον
2744 903 3060 973 ἐπίμωμον,
3104 905 3136 975 ἢ
3171 904 3507 975 ὠτότμητον,
3540 905 3709 975 ἠκολο-

2177 997 2462 1068 6όκερκον,
2490 997 2523 1066 ἢ
2554 993 2821 1066 ψωριοῦν.
2862 996 3002 1050 Ἀλλ’
3055 997 3178 1049 οὐδὲ
3236 997 3456 1066 καρπὸν
3504 996 3708 1065 ἐξίτηλον

2174 1088 2539 1157 προσδέξηται
2572 1089 2636 1140 ἐκ
2664 1086 2763 1156 τῆς
2795 1088 2978 1157 χειρός
3008 1104 3102 1140 σου
3121 1103 3133 1116 ·
3176 1088 3331 1157 πόσῳ
3369 1087 3560 1157 μᾶλλον
3582 1086 3709 1156 εὐχὴν

2176 1174 2377 1249 θολώδη
2423 1180 2518 1232 καὶ
2569 1182 3050 1251 καταφρονητικήν
3086 1198 3131 1245 ;,
3171 1180 3491 1233 Ἐπίσταται
3535 1177 3630 1249 γὰρ
3661 1179 3712 1231 τὰ

2178 1269 2398 1342 κρυπτὰ
2422 1270 2603 1341 ἡμῶν,
2633 1271 2708 1332 ὡς
2740 1273 3009 1343 μαρτυρεῖ
3037 1270 3221 1334 Δασὶδ,
3241 1270 3419 1338 λέγων
3440 1287 3454 1302 ·
3491 1289 3508 1322 ι
3550 1270 3712 1339 Κύριος

2175 1362 2436 1430 γινώσκει
2475 1361 2604 1424 τοὺς
2653 1362 3037 1432 διαλογισμοὺς
3052 1362 3168 1414 τῶν
3197 1360 3504 1432 ἀνθρώπων
3533 1361 3606 1415 ὅτι
3632 1361 3713 1413 εἰσὶ

2181 1455 2419 1525 μάταιοι.
2475 1472 2493 1504 ι
2528 1455 2635 1506 Καὶ
2669 1454 2869 1524 πολλὴν
2917 1454 3154 1525 σπουδὴν
3182 1456 3428 1507 ἐποιεῖτο
3470 1454 3557 1506 τοῦ
3594 1453 3716 1504 ἐλευ-

2177 1544 2485 1615 θερωθῆναι
2527 1544 2621 1597 ἀπ’
2650 1544 2851 1611 αὐτῶν,
2881 1544 3082 1613 λέγων·
3122 1566 3141 1597 ‹
3170 1546 3262 1608 Ei;
3286 1544 3386 1608 τὰς
3414 1547 3611 1616 πρωίας
3636 1545 3721 1596 άπ-

2179 1635 2419 1688 ἐκτεινον
2442 1635 2647 1699 πάντας
2670 1636 2795 1698 τοὺς
2826 1635 3182 1706 ἁμαρτωλοὺς
3203 1639 3303 1707 τῆς
3328 1636 3434 1705 γῆς
3460 1634 3551 1687 τοῦ
3578 1633 3722 1699 ἐξολο-

2181 1726 2409 1798 θρεῦσαι
2439 1728 2503 1780 ὲκ
2536 1726 2743 1792 πόλεως
2776 1728 2986 1796 Κυρίου
3037 1727 3243 1791 πάντας
3285 1729 3415 1791 τοὺς
3463 1725 3724 1798 ἐργαζομέ-

496 1818 627 1872 dere
663 1816 931 1885 quidquid
954 1816 1234 1885 impurum
1256 1825 1372 1869 est:
1404 1817 1479 1869 ita
1508 1826 1569 1870 ut
1590 1817 1645 1869 in
1666 1832 1765 1871 nos
1786 1817 2074 1877 audiamus

2185 1836 2309 1882 νους
2334 1818 2434 1889 τὴν
2462 1818 2711 1889 ἀνομίαν.
2750 1837 2767 1869 ι
2800 1820 2874 1872 Οὐ
2893 1819 2999 1887 γὰρ
3026 1818 3442 1889 συγκεχώρηται
3465 1818 3724 1888 ἀκαθάρτῳ

488 1910 615 1980 .jure
655 1907 976 1977 detorqueri
1011 1926 1024 1961 :
1059 1925 1077 1959 ι
1106 1908 1350 1977 Populus
1380 1907 1663 1962 hiclabiis
1701 1924 1789 1962 me
1827 1908 2080 1971 honorat,

485 2015 591 2053 .cor
620 2006 805 2053 autem
835 2013 1028 2052 eorum
1052 1998 1211 2067 longe
1245 2008 1380 2051 esta
1406 1998 1575 2052 me".
1635 2016 1653 2049 ι
1690 1998 1877 2068 Agone
1913 1998 2082 2068 igitur

494 2091 658 2145 nobis
686 2106 825 2161 Opus
855 2101 959 2154 est,
986 2090 1361 2153 dilectissimi,
1382 2105 1450 2144 ac
1480 2090 1731 2160 pervigili
1754 2091 2078 2157 attentione,

495 2190 555 2236 ut
588 2183 809 2235 interim
849 2182 979 2236 dum
1019 2181 1410 2235 cmodulamur
1452 2181 1720 2245 Psalmos,
1764 2197 1921 2236 mens
1971 2197 2080 2238 una

492 2289 619 2326 eum
662 2274 829 2328 corde
870 2273 1126 2329 concinat
1170 2272 1365 2338 labiis,
1402 2282 1465 2326 ιιι
1509 2289 1580 2328 ne
1638 2289 1737 2344 per
1782 2273 1887 2328 lioc
1932 2273 2077 2343 quod

487 2375 718 2421 orantes
750 2366 1040 2421 credimur
1067 2364 1281 2420 Domini
1309 2366 1541 2436 gratiam
1560 2367 1822 2431 emcreri,
1848 2374 1904 2420 et
1948 2381 2080 2422 con-

491 2459 684 2513 ciliare
738 2458 888 2513 illius
937 2458 1207 2523 favorem,
1252 2458 1429 2528 ipsum
1486 2467 1637 2514 tanto
1685 2459 2079 2515 exaeerbemus

490 2550 760 2613 atrocius,
809 2549 941 2603 dum
989 2564 1159 2603 suave
1209 2548 1474 2619 fragranti
1533 2550 1805 2605 orationis
1849 2552 2075 2606 incenso

492 2648 693 2695 tetrum
742 2641 1116 2711 inspergimus
1157 2641 1355 2695 culina:
1404 2640 1677 2708 nidorem,
1720 2656 1783 2697 ac
1844 2643 2075 2713 proinde

490 2733 762 2788 orationis
811 2740 1014 2787 nostra:
1066 2731 1246 2785 hostia
1295 2733 1528 2801 reproba
1583 2732 1958 2802 eomperiatur
2010 2749 2076 2788 ac

490 2838 823 2893 magnopere
845 2822 1320 2894 reprehensibilis,
1353 2832 1414 2876 ιιι
1460 2824 1593 2877 olim
1656 2824 1922 2893 rejectitia
1985 2824 2076 2878 illa

487 2912 645 2966 Caini
689 2912 975 2967 oblatio".
1006 2914 1342 2967 .Exsecratur
1364 2913 1513 2967 enim
1542 2914 1822 2984 impendio
1844 2915 2072 2982 Deus”,

489 3018 555 3057 ac
584 3002 821 3058 devovet
868 3019 1095 3073 spurcas
1142 3014 1311 3074 atque
1361 3006 1635 3061 obscenas
1684 3008 2071 3077 cogitationes,

2186 1910 2418 1962 εἰσιέναι
2447 1911 2527 1973 είς
2572 1908 2721 1962 οἷκον
2757 1910 2983 1978 Κυρίου,
3017 1909 3200 1972 καθώς
3226 1927 3393 1979 φησιν
3421 1912 3448 1963 ὁ
3482 1911 3646 1980 νόμος·
3673 1901 3723 1962 οὗ

2184 2000 2333 2067 οἶκός
2385 2004 2556 2072 ἐσμεν
2607 2005 2787 2073 ἡμεῖς·
2848 2002 2943 2055 καὶ
2987 2001 3347 2072 Ἰερουσαλὴμ
3398 2002 3551 2063 ἐκτὸς
3594 1999 3725 2070 ἡμῶν

2182 2097 2353 2148 ἐστιν.
2390 2094 2733 2166 Ἀμαρτωλοὶ
2750 2093 2805 2146 δὲ
2828 2093 2926 2162 τῆς
2946 2092 3050 2160 γῆς
3065 2095 3112 2146 oi
3139 2096 3446 2164 χαμερπεῖς
3468 2092 3558 2146 καὶ
3583 2089 3726 2160 ὀφιώ-

2179 2187 2292 2251 δεις
2326 2187 2572 2255 λογισμοί⁵
2610 2187 2661 2239 o'i
2707 2188 2765 2237 ἐν
2793 2188 2857 2255 τῇ
2888 2186 3087 2256 καρδίᾳ
3117 2184 3545 2253 ἐμφωλεύοντες.
3579 2184 3727 2253 Προσ-

2168 2277 2368 2347 ’φόρως
2423 2272 2517 2330 οὖν
2557 2275 2775 2346 εὔχεται
2812 2275 3007 2343 λέγων,
3052 2293 3072 2325 ι
3138 2275 3609 2345 Ἀποκατάστησον
3645 2271 3726 2341 τὴν

2184 2368 2369 2440 ψυῄν
2424 2387 2530 2439 μου
2588 2368 2696 2422 ἀπὸ
2740 2371 2839 2439 τῆς
2905 2368 3246 2438 κακουργίας
3303 2368 3503 2422 αὐτῶν.
3542 2386 3559 2419 ι
3595 2366 3725 2419 Καί·

2185 2479 2205 2512 ι
2250 2461 2648 2531 Διασκὸρπισον
2685 2459 2839 2531 ἔθνη,
2871 2459 2940 2513 τὰ
2969 2461 3093 2523 τοὺς
3135 2459 3406 2529 πολέμους
3443 2459 3668 2512 θέλοντα.
3706 2474 3723 2508 ι

2172 2553 2291 2606 ’Καί
2313 2568 2329 2582 ·
2356 2571 2377 2603 ι
2408 2552 2588 2604 Σῶσόν
2622 2568 2689 2621 με
2718 2550 2824 2605 ἀπὺ
2856 2550 3053 2622 πηλοῦ,
3080 2552 3166 2604 ἵνα
3184 2551 3259 2622 μὴ
3294 2550 3546 2622 ἐμπαγῶ·
3571 2550 3643 2602 ὅτι
3674 2547 3729 2601 σὺ

2177 2637 2287 2713 ait;
2323 2642 2566 2712 ὑπομονὴ
2603 2660 2745 2713 μου,
2792 2641 2989 2712 Κύριε.
3034 2661 3052 2694 ι
3099 2641 3261 2695 Ὅθεν
3312 2643 3408 2695 καὶ
3468 2644 3495 2694 ὁ
3549 2640 3728 2710 Κύριος

2177 2733 2310 2804 πρὸς
2342 2733 2503 2786 αὑτὸν
2532 2735 2591 2785 ἐν
2618 2733 2797 2804 θλίψει
2826 2736 2993 2803 φησίν
3014 2750 3026 2764 ·
3088 2753 3107 2785 ι
3159 2734 3506 2791 Ἐπεκαλέσω
3538 2751 3618 2804 με,
3648 2731 3730 2785 καὶ

2177 2828 2499 2898 ἐρρυσάμην
2533 2841 2626 2879 σε’
2664 2827 2949 2898 ἐπήκουσά
2989 2844 3084 2881 σου
3131 2829 3187 2881 ἐν
3225 2827 3527 2897 ἀποκρύφῳ
3558 2841 3728 2879 καται-

2175 2914 2498 2984 γίδος.»Κα“ι
2527 2916 2690 2986 ἡμεῖς
2716 2912 2830 2982 οὖν,
2852 2916 3089 2985 ἀδελφοὶ,
3119 2916 3415 2987 ὀφείλομεν
3443 2919 3499 2969 ἐν
3529 2914 3728 2968 ἐκτάσει

2179 3006 2400 3077 χειρῶν,
2452 3008 2545 3061 καὶ
2574 2990 2850 3080 τεταμένῂ
2873 3008 3083 3080 διανοίᾳ
3102 3009 3422 3078 δυσωπῆσαι
3443 3008 3529 3061 τὸν
3552 3006 3719 3075 φιλάν-

490 3092 603 3148 imo
638 3092 818 3163 ipsum
848 3109 945 3148 cor
969 3096 1086 3149 odit
1110 3103 1261 3149 tanto
1293 3095 1760 3167 infensius,-quod
1788 3114 1883 3154 eas
1909 3100 2074 3154 eniti-

2179 3100 2396 3172 θρωπον
2413 3099 2565 3164 Θεὸν,
2593 3100 2951 3171 καταπέμψαι
2976 3102 3108 3171 ἡμῖν
3123 3098 3407 3170 βοήθειαν,
3431 3102 3573 3162 ὅπως
3590 3096 3728 3166 Vixi]-

490 3194 584 3237 tur
617 3199 685 3238 ac
733 3183 917 3253 parit,
961 3183 1017 3238 id
1072 3185 1221 3253 quod
1264 3186 1353 3241 lex
1395 3187 1608 3256 liquido
1654 3189 1847 3244 docet:
1900 3209 1919 3241 ι
1950 3190 2071 3245 Non

491 3272 697 3337 arabis,
736 3273 832 3336 ait,
870 3275 924 3327 in
949 3274 1124 3328 vitulo
1151 3282 1209 3327 et
1225 3276 1440 3342 asino‘;
1476 3296 1496 3328 ο
1533 3277 1639 3331 boc
1657 3286 1765 3346 est,
1788 3278 1843 3333 in
1868 3281 2072 3336 munda

492 3364 657 3420 simul
690 3373 745 3419 et
779 3365 1063 3419 immunda
1081 3366 1421 3437 cogitatione
1464 3384 1575 3424 non
1626 3370 1827 3426 oﬂ‘eres
1870 3374 2074 3428 oratio-

492 3471 641 3512 nem.
671 3456 860 3526 Neque
890 3456 1138 3513 adduces
1174 3474 1275 3528 pro
1302 3460 1527 3515 victima
1547 3477 1705 3516 ovem
1722 3477 1845 3532 qua:
1872 3465 2072 3533 praefe-

493 3556 580 3602 rat
630 3548 902 3603 maculam
950 3548 1285 3615 decolorem,
1339 3551 1425 3606 vel
1472 3568 1593 3621 quae
1645 3556 1832 3608 aurem
1874 3555 2076 3611 habeat

492 3637 797 3701 desectam,
847 3645 946 3692 aut
997 3639 1228 3696 caudam
1294 3641 1678 3697 detruncatam
1726 3655 1967 3700 ostentet
2019 3655 2075 3702 et

499 3729 773 3794 mutilam,
829 3739 926 3785 aut
957 3731 1101 3786 fmda
1130 3733 1317 3789 scabie
1351 3736 1715 3803 prurientem,
1763 3738 1858 3792 sed
1897 3754 2076 3809 neque

494 3820 563 3875 de
590 3835 754 3876 manu
807 3829 899 3877 tua
936 3821 1181 3878 fructum
1233 3825 1470 3896 accipiet
1516 3828 1609 3897 qui
1660 3828 1844 3883 elutus
1898 3831 1975 3885 sit
2012 3846 2077 3886 ac

492 3925 684 3982 parum
746 3912 1017 3969 sincerus.
1072 3914 1290 3981 Quanto
1334 3917 1507 3987 magis
1560 3918 1867 3974 orationem
1922 3936 1953 3975 a
2018 3937 2076 3976 se

495 3998 730 4073 repellet
755 4019 820 4059 ac
842 4005 1161 4075 repudiabit
1197 4014 1278 4061 tot
1301 4008 1676 4062 turbulentam
1710 4008 2076 4080 intemperiis,

492 4102 550 4149 et
573 4110 672 4165 per
700 4106 1076 4166 contemptum
1097 4097 1341 4153 oblatam
1358 4098 1381 4152 ?
1397 4098 1563 4153 Novit
1584 4100 1849 4154 Dominus
1872 4116 2079 4156 arcana

493 4186 744 4242 cordium
774 4196 1113 4254 nostrorum,
1164 4189 1250 4243 vel
1287 4196 1426 4244 teste
1456 4189 1670 4245 David:
1730 4210 1747 4241 ι
1779 4192 1941 4246 Novit
1969 4193 2078 4247 Do-

495 4272 684 4332 milfus
754 4278 1122 4348 cogitationes
1188 4279 1511 4345 hominum,
1600 4281 1859 4350 quoniam
1932 4297 2081 4337 vanae

493 4370 681 4429 suut’.
722 4388 741 4421 ι
770 4369 839 4424 Ει
858 4369 1196 4438 quidemille
1221 4371 1473 4441 pervigili
1505 4370 1691 4426 studio
1706 4371 2078 4436 adnitebatur,

2179 3206 2361 3260 σωμεν
2386 3190 2513 3254 τοὺς
2541 3188 2767 3261 ἐχθροὺς
2794 3191 2968 3260 ήμῶν,
2995 3189 3184 3260 ὥσπερ
3220 3190 3431 3259 Μωσῆς
3455 3189 3542 3242 τὸν
3576 3189 3726 3257 Ἀμα-

2172 3282 2300 3353 λήκ.
2343 3281 2530 3336 Δεινδν
2573 3285 2683 3353 γὰρ
2721 3283 2815 3336 καὶ
2841 3282 3084 3353 ὀλέθριον
3111 3282 3173 3335 τδ
3198 3282 3592 3351 συμπείθεοθαι
3613 3295 3728 3350 κρυ-

2174 3372 2325 3436 πτῶς
2353 3375 2463 3434 τοῖς
2492 3373 2823 3445 ἀκαθάρτοις
2871 3374 3170 3445 λογισμοῖς.
3214 3374 3310 3427 Ἐκ
3352 3374 3464 3444 γὰρ
3484 3375 3587 3427 τῶν
3608 3375 3732 3439 λογι·

2176 3463 2327 3534 σμῶν
2354 3463 2448 3516 καὶ
2485 3450 2562 3528 είς
2588 3465 2686 3534 τὴν
2731 3465 2932 3536 πρᾶξίν
2963 3483 3046 3528 τις
3075 3465 3468 3537 κατασύρεται,
3493 3465 3583 3518 καὶ
3613 3461 3731 3517 κατὰ

2179 3555 2374 3627 μικρὸν
2396 3554 2769 3625 ἀλλοτριοῦται
2789 3555 2882 3610 τοῦ
2905 3555 3059 3612 Θεοῦ.
3076 3556 3310 3612 Ὀπόταν
3334 3557 3472 3611 καὶὸ
3494 3571 3731 3621 συγκατα-

2177 3647 2457 3717 τιθέμενος
2488 3648 2690 3713 αὐτοῖς,
2717 3647 2793 3713 ὡς
2822 3650 3198 3720 ἐργασάμενος
3224 3648 3322 3720 τὴν
3347 3649 3631 3721 ἁμαρτίαν,
3649 3661 3732 3699 καε-

2178 3739 2516 3808 τακρίνεται.
2552 3758 2575 3791 1
2608 3740 2702 3803 Εἰς
2725 3740 2835 3812 γὰρ
2860 3742 3188 3811 κακότεχνον
3207 3742 3383 3812 ψυχὴν
3399 3742 3499 3794 οὐκ
3518 3736 3731 3793 εἰσελεύ-

2180 3843 2333 3881 σεται
2390 3829 2571 3897 σοφία,
2602 3828 2722 3882 οὺδὲ
2771 3830 3092 3903 κατοικήσει
3122 3833 3179 3883 ἐν
3211 3830 3431 3901 σώματι
3471 3830 3731 3900 κατάχρεῳ

2179 3918 2474 3990 ἁμαρτίας.
2496 3920 2707 3973 Σκολιοὶ
2722 3919 2830 3991 γάρ
2850 3920 3104 3991 λογισμοὶ
3129 3921 3455 3992 χωρίζουσιν
3473 3920 3578 3977 ἀπὸ
3593 3917 3727 3972 θεοῦ.

2182 4010 2374 4078 Ἀγιον
2426 4011 2534 4082 γὰρ
2593 4011 2815 4081 Πνεῦμα
2869 4013 3059 4082 σοφίας
3113 4014 3368 4084 φεύξεται
3422 4015 3601 4077 δόλον,
3648 4011 3731 4064 καὶ

2180 4100 2633 4171 άπαναστήσεται
2672 4102 2780 4155 ἀπὸ
2811 4102 3087 4173 λογισμῶν
3117 4104 3414 4169 ἀσυνέτων,
3457 4123 3476 4155 ι
3502 4103 3633 4157 κατὰ
3646 4100 3731 4171 τὴν

2182 4190 2578 4261 Γραφήν.Φησὶ
2605 4192 2660 4245 δὲ
2690 4194 2782 4246 καὶ
2806 4192 2834 4247 ὁ
2860 4193 3061 4263 Κύριος
3080 4211 3092 4225 ·
3113 4195 3208 4247 Ὲκ
3237 4195 3334 4265 τῆς
3361 4195 3582 4265 καρδίας
3600 4191 3730 4262 ἐξέρ⁹

2182 4296 2366 4347 χονται
2392 4279 2738 4352 διαλογισμοὶ
2784 4287 3034 4355 πονηροῖ,
3086 4284 3271 4353 φόνοι,
3319 4289 3578 4355 μοιχεῖαι,
3613 4298 3730 4352 πορ-

2183 4374 2344 4433 νεῖαι,
2372 4371 2593 4437 κλοπαὶ,
2628 4373 3127 4445 ψευδομαρτυρίαι,
3161 4376 3523 4446 βλασφημίαι.
3559 4394 3576 4427 ι
3609 4370 3731 4426 Ταῦ-

492 4475 604 4529 quo
656 4459 891 4515 eluctari
949 4470 1135 4530 posset
1188 4472 1240 4515 et
1303 4461 1563 4516 extricari
1610 4478 1641 4516 a
1688 4462 2074 4532 cogitationum

2186 4478 2252 4514 τα
2297 4462 2409 4532 ἔχει
2443 4465 2472 4516 ὁ
2504 4466 2739 4535 πονηρὸς
2788 4465 3076 4537 ἄνθρωπος
3124 4469 3183 4519 ἐν
3236 4467 3316 4538 τῷ
3353 4466 3605 4538 θησαυρῷ
3646 4463 3731 4530 τῆς

494 4551 849 4620 intemperie,
905 4551 1097 4607 dicens
1134 4569 1148 4606 ι
1189 4571 1208 4603 ί
1236 4552 1297 4606 In
1343 4553 1616 4608 matutino
1680 4552 2074 4606 iuterﬁciebam

2181 4552 2407 4623 καρδίας
2445 4552 2633 4606 αὑτοῦ.
2692 4554 2883 4623 Ἡμεῖς
2931 4555 2988 4608 δέ
3040 4557 3484 4626 παραρῤίψωμεν
3533 4556 3732 4609 ἑαυτοὺς

494 4654 690 4693 munes
711 4651 1030 4709 peceatores
1056 4652 1239 4706 terrm,
1264 4653 1325 4696 ut
1353 4642 1731 4712 disperdercm
1753 4641 1821 4697 de
1861 4643 2074 4697 civitate

2180 4643 2409 4696 ἐνώπιον
2452 4644 2551 4717 τῆς
2590 4644 2924 4715 άγαθότητος
2970 4645 3064 4699 τοῦ
3108 4646 3242 4699 Θεοῦ
3266 4687 3279 4709 ,
3316 4647 3559 4716 δεόμενοι
3588 4641 3730 4699 αὐτοῦ

494 4729 713 4783 Domini
763 4747 954 4787 omnes
1013 4742 1307 4802 cperantes
1355 4733 1761 4802 iuiquitatem'.
1816 4750 1836 4784 ν
1893 4733 2074 4803 Neque

2180 4732 2320 4785 κατὰ
2350 4733 2532 4784 πᾶσαν
2559 4731 2725 4802 ὥραν,
2764 4734 2851 4786 ἵνα
2878 4734 3152 4808 καθαρίσῃ
3194 4737 3292 4795 τὰς
3324 4736 3549 4807 καρδίας
3576 4735 3728 4803 ἡμῶν,

494 4821 644 4875 enim
688 4822 833 4877 ullus
896 4824 1215 4880 immundus
1267 4826 1555 4880 sinebatur
1607 4823 1818 4893 ingredi
1858 4827 2074 4879 domum

2182 4822 2323 4876 ὥστε
2362 4826 2726 4894 προσενέγκαι
2775 4826 2923 4897 αὐτῷ
2958 4826 3106 4897 δῶρα
3138 4829 3231 4879 ἐπὶ
3276 4829 3375 4899 τὴν
3419 4831 3611 4899 νοητὴν
3653 4826 3732 4878 ἰε-

497 4910 737 4978 Domini,
773 4911 928 4981 juxta
962 4912 1159 4983 legem,
1205 4912 1359 4984 cujus
1382 4914 1607 4982 quidem
1632 4909 1849 4965 Domini
1879 4910 2074 4967 domus

2187 4912 2483 4984 ρουσαλὴμ,
2537 4916 2631 4968 καὶ
2688 4915 2921 4968 ἀκοῦσαι
2982 4917 3111 4987 παρ’
3142 4920 3309 4970 αὑτοῦ
3336 4935 3352 4952 ο
3391 4937 3410 4969 ι
3450 4920 3511 4971 '0
3559 4914 3733 4983 ἀγαθὸς

495 5014 690 5056 sumus
713 5015 848 5055 nos:
879 4999 977 5055 sed
1007 5010 1065 5055 et
1095 5001 1403 5056 Jerusalem
1438 5001 1577 5053 intra
1605 5013 1705 5053 nos
1731 5009 1835 5054 est.
1871 4999 2073 5054 Pecca-

2178 5001 2465 5072 ἄνθρωπος
2492 5005 2555 5055 ἐκ
2586 5002 2676 5056 cuii
2702 5004 2907 5071 ἀγαθοῦ
2940 5006 3215 5076 θησαυροῦ
3251 5006 3353 5075 τῆς
3394 5005 3619 5075 καρδίας
3651 5000 3733 5054 αὖ·

497 5099 652 5147 tores
708 5109 878 5164 porro
931 5102 1130 5154 terrm.
1181 5092 1550 5162 cogitationes
1593 5104 1743 5158 sunt,
1797 5097 2074 5166 reptilium

2178 5093 2270 5145 τοῦ
2317 5094 2620 5164 προσφέρει
2668 5095 2849 5162 ἀγαθὰ
2902 5096 3262 5168 βλαστήματα
3292 5099 3369 5169 τῷ
3398 5098 3538 5169 Θεῷ.
3571 5116 3589 5147 ι
3619 5090 3680 5164 Ὦ
3706 5092 3733 5160 ἡ

493 5199 649 5239 more
682 5190 954 5269 \repentes
997 5182 1173 5245 humi,
1216 5198 1337 5254 qum
1388 5181 1443 5235 in
1511 5197 1713 5239 arcano
1744 5187 1929 5241 cordis
1974 5202 2074 5240 ceu

2179 5186 2303 5252 δόξα
2348 5189 2429 5250 εἰς
2473 5188 2599 5251 τοὺς
2630 5190 2830 5251 αἰῶνας
2859 5189 2969 5241 τῶν
3008 5189 3241 5243 αἰώνων.
3283 5191 3471 5260 ’Λμήν.

496 5275 745 5332 latibulis
774 5276 1128 5331 delitescunt.
1168 5274 1431 5345 Apposite
1479 5275 1647 5345 igitur
1698 5289 1819 5333 orat
1852 5277 2076 5333 dicens:
2125 5296 2144 5329 ι
2177 5279 2425 5334 Restitue
2485 5279 2722 5333 animam
2767 5296 2943 5336 meam
3002 5298 3031 5335 a
3073 5282 3411 5353 malignitate
3441 5280 3728 5337 eorum‘.l

495 5369 564 5423 Et
599 5382 614 5422 :
656 5388 673 5420 ι
705 5369 965 5439 Disiierge
1000 5379 1192 5439 gentes
1225 5382 1345 5437 qum
1373 5367 1512 5422 bella
1540 5368 1795 5423 volunt“.
1825 5389 1843 5423 ›
1872 5371 1935 5424 Et
1967 5387 1978 5422 :
2015 5389 2032 5420 ι
2059 5370 2278 5425 Salvum
2311 5386 2396 5424 me
2434 5370 2515 5425 fac
2547 5371 2615 5425 de
2646 5373 2764 5428 luto
2798 5382 2856 5427 ut
2890 5389 2999 5427 non
3043 5374 3256 5444 inﬁgar,
3283 5374 3408 5444 quia
3443 5382 3496 5426 tu
3547 5369 3738 5441 patien-

496 5461 573 5515 tia
608 5477 750 5526 mea,
780 5459 1069 5515 Domine“.
1115 5481 1134 5514 ι
1167 5461 1318 5517 Unde
1340 5471 1397 5516 et
1420 5461 1685 5517 Dominus
1722 5462 1787 5521 ad
1848 5476 1944 5516 eos
1990 5463 2082 5531 qui
2124 5464 2379 5534 quapiam
2418 5465 2773 5522 tribulatione
2816 5466 3147 5521 amictantur
3205 5485 3217 5519 :
3279 5487 3296 5517 ι
3349 5465 3615 5521 luvocasti
3663 5477 3736 5516 me

567 5658 721 5736 ’_7'lsa
753 5675 920 5736 “xxix,
960 5660 1042 5712 15.
1122 5662 1165 5691 ’³
1188 5659 1299 5736 Ge"
1349 5659 1483 5736 μςπεῖ
1506 5676 1660 5736 seqq.
1738 5660 1984 5736 ἐ’-ηοωἒ
2009 5677 2074 5736 x_x

2194 5662 2275 5715 t9.
2358 5662 2559 5736 'Deut.
2595 5682 2727 5736 χχιι,
2759 5668 2842 5723 10.
2925 5670 2943 5703 ²
2970 5669 3172 5724 Psalm.
3207 5684 3356 5733 xctn,
3390 5668 3471 5722 ll.
3554 5668 3575 5699 ³
3604 5661 3729 5722 Psal.

498 5730 627 5793 αθ.
703 5730 721 5759 ’⁵
753 5729 948 5784 Psalm.
990 5746 1173 5794 xxxiv,
1214 5731 1287 5783 Π.
1376 5730 1395 5760 ⁵
1424 5730 1565 5783 l’sal.
1603 5747 1772 5796 ωιτη,
1799 5731 1886 5784 51.
1967 5731 1987 5762 ⁸
2019 5732 2074 5787 Ιέ

2197 5748 2383 5802 vatn,
2412 5734 2495 5789 15.

1836 5945 1865 5972 τι
