3986 6148
352 404 478 474 1831
1231 420 1565 483 HOMILIA
1604 420 1902 482 LXXXII.
1940 445 2008 454 —-
2043 420 2140 480 DE
2182 416 2742 480 CORREPTIONE.
3485 419 3624 482 Ῑίδὲ

346 535 402 579 et
427 526 652 584 liberavi
693 538 776 597 te;
805 530 1062 588 exaudivi
1125 535 1267 590 tein
1325 535 1654 592 abscondito
1702 534 2045 605 tempestatis
2095 536 2135 587 ⁷.
2177 552 2196 585 ι
2247 532 2503 589 Manibus
2544 534 2712 605 igitur
2757 536 3012 607 eXpansis
3068 543 3125 591 et
3183 544 3388 592 attenta
3414 545 3618 602 mente,

341 623 586 685 lratres,
648 624 1120 684 clementissimus
1195 630 1343 685 Deus
1393 630 1556 685 nobis
1618 630 1769 684 venit
1823 628 2137 684 exorandus
2225 644 2291 683 ac
2342 629 2821 698 repropitiandus,
2885 637 2947 683 ut
3002 644 3033 683 ε
3071 629 3211 683 solio
3263 644 3365 684 suo
3406 627 3619 682 emittat

340 714 605 770 auxiliare
665 719 1005 786 praesidium,
1027 736 1166 790 _quo
1195 721 1343 786 freti,
1376 721 1565 777 hostes
1607 734 1957 790 superemus,
2035 718 2499 788 quemadmodum
2548 719 2724 774 Moses
2786 714 3089 788 prostravit
3148 718 3454 773 Amalec".
3498 717 3617 823 Non

335 804 489 859 enim
512 809 808 867 mediocris
830 821 915 868 est
951 816 1210 885 periculi,
1276 818 1387 873 imo
1439 817 1662 873 exitiale
1705 831 1890 886 prorst'

2027 830 2229 870 arcana
2282 815 2522 885 quadam
2572 815 2935 886 persuasione
2980 814 3188 885 pacisci
3243 824 3299 869 et
3358 814 3619 868 assentiri

334 884 572 966 impuris
599 884 1048 971 cogitationibus.
1075 907 1158 962 Ab
1184 908 1305 964 istis
1325 908 1475 964 enim
1493 884 1923 978 cogitationibus
1958 884 2315 975 pertrahitur,
2338 908 2465 976 quis
2496 906 2563 961 ad
2591 907 2992 977 operationem,
3060 923 3125 962 ac
3192 908 3399 962 sensim
3440 905 3620 959 desci-

330 987 490 1042 scita
514 991 646 1046 Deo.
683 995 899 1068 1156
930 999 1170 1056 Proinde
1201 1002 1297 1071 qui
1351 1016 1420 1057 ex
1458 1009 1766 1071 compacto
1794 1013 2082 1054 assensum
2123 999 2334 1068 praebet
2370 999 2509 1061 istis,
2548 1000 2865 1066 damnatur,
2916 1015 2998 1099 ac
3029 1003 3108 1099 ,εἰ
3165 1009 3431 1070 operetur

329 1082 540 1131 catum.
572 1080 763 1151 Neque
789 1086 939 1140 enim
979 1106 997 1139 ι
1030 1088 1093 1143 In
1154 1090 1481 1145 malevolam
1525 1090 1765 1145 animam
1811 1087 2040 1143 intrabit
2085 1088 2379 1158 sapientia,
2422 1088 2518 1143 scd
2578 1105 2680 1144 nec
2725 1090 2998 1144 habitabit
3026 1091 3083 1144 in
3117 1105 3351 1161 corpore
3392 1089 3616 1144 subdito

325 1174 608 1238 peccatis:
670 1195 946 1249 perversae
988 1185 1136 1239 enim
1186 1185 1552 1256 cogitationes
1616 1195 1878 1255 separant
1917 1199 1948 1239 a
1980 1185 2124 1249 Deo;
2163 1185 2563 1239 sanctusenim
2618 1185 2861 1255 Spiritus
2893 1186 3181 1256 sapientia:
3235 1185 3463 1254 etlugiet
3520 1183 3615 1235 ﬁe-

326 1268 474 1327 tum,
504 1274 561 1319 et
582 1267 875 1326 subtrahet
894 1289 955 1329 se
980 1290 1011 1328 a
1036 1275 1467 1347 cogitationibus
1503 1290 1626 1346 quae
1655 1283 1784 1330 sunt
1807 1275 1926 1330 sine
1965 1275 2247 1329 intellectu
2268 1275 2311 1338 ⁸,
2346 1294 2364 1327 ι
2394 1276 2552 1346 juxta
2608 1292 2778 1331 sacrae
2807 1277 3005 1348 dogma
3053 1276 3371 1346 Scripturae.
3403 1276 3508 1329 Sed
3557 1291 3612 1332 tt

323 1352 601 1414 Dominus
650 1379 664 1415 :
717 1382 735 1415 ‹
767 1365 846 1420 Ex
909 1368 1078 1424 corde
1132 1378 1337 1425 exeunt
1374 1370 1755 1441 cogitationes
1801 1368 1978 1432 malae,
2019 1368 2350 1436 homicidia,
2405 1370 2701 1435 adulteria,
2750 1369 3192 1434 fornicationes,
3240 1368 3427 1434 furta,
3470 1367 3611 1423 falsa

322 1453 675 1520 teszimonia,
725 1458 1166 1530 blasphemiae".
1197 1484 1216 1517 ι
1264 1464 1550 1535 Ejusmodi
1604 1472 1737 1518 sunt
1784 1462 1919 1517 vitia
1954 1477 2077 1532 quae
2105 1464 2158 1517 in
2203 1464 2466 1518 thesauro
2542 1462 2729 1518 cordis
2793 1462 2900 1527 sui,
2931 1471 2991 1516 ut
3051 1462 3329 1545 reprobus
3375 1463 3610 1532 quisque

321 1557 439 1611 est,
469 1550 748 1606 recondit.
782 1552 952 1623 Atqui
1000 1570 1104 1611 nos
1140 1556 1291 1627 ipsos
1320 1557 1477 1613 nullo
1522 1573 1636 1613 non
1677 1566 1928 1626 tempore
1962 1556 2356 1625 provolvamus
2395 1556 2449 1609 in
2508 1564 2869 1625 conspectum
2899 1554 3105 1611 divinae
3130 1554 3522 1647 benignitatis,
3549 1570 3611 1609 ac

319 1638 724 1709 projiciamus,
750 1643 1110 1702 obsecrantes
1147 1647 1465 1716 Dominum,
1522 1648 1691 1705 corda
1748 1655 1939 1701 nostra
1971 1654 2032 1700 ut
2061 1647 2268 1716 expiet,
2303 1646 2384 1701 sie
2434 1655 2493 1700 ut
2524 1646 3014 1716 digni-babeamur
3044 1646 3138 1716 qui
3198 1646 3276 1701 illi
3311 1644 3609 1702 offeramus

322 1732 478 1790 dona
502 1736 559 1791 in
582 1738 931 1807 spiritualem
959 1743 1108 1798 illam
1140 1745 1565 1802 transcribenda
1615 1742 1943 1806 Jerusalem,
1981 1750 2040 1796 et
2093 1740 2163 1796 ab
2210 1741 2329 1811 ipso
2361 1739 2748 1797 audiamusr‘i
2781 1741 2965 1797 Bonus
3012 1741 3179 1797 homo
3222 1741 3313 1797 de-
3349 1741 3609 1796 thesauro

318 1825 518 1883 cordis
543 1830 630 1887 sui
652 1830 867 1901 profert
899 1834 1077 1895 bonos
1118 1836 1334 1895 fructus
1371 1839 1543 1895 Deo'.
1582 1858 1601 1891 ›
1639 1836 1750 1907 lpsi
1800 1834 1978 1906 gloria
2011 1831 2068 1887 in
2097 1835 2315 1889 saecula.
2345 1834 2548 1889 Amen.

930 1953 1152 2008 ΛΟΓΟΣ
1184 1955 1310 2011 HB'.

892 2062 1036 2133 Περὶ
1072 2064 1379 2135 παιδείας,

388 2167 553 2239 Καλή
578 2170 728 2223 ἐστιν
756 2171 788 2242 ἡ
818 2172 1035 2227 παιδεία
1064 2174 1210 2229 κατά
1233 2178 1415 2231 πᾶσαν
1441 2178 1641 2245 αίτίαν,
1674 2178 1908 2251 μάλιστα
1968 2170 1983 2187 ί

310 2257 372 2311 δὲ
405 2262 554 2314 κατά
584 2260 738 2316 Θεόν.
772 2263 878 2316 Τὸν
906 2266 972 2317 ἐκ
1000 2268 1202 2338 νεαρᾶς
1230 2268 1343 2341 γὰρ
1372 2269 1591 2341 ἡλικίας
1617 2274 1907 2343 ἐκφιλοσο-

310 2351 552 2419 φοῢντα,
591 2355 686 2407 καὶ
724 2355 1115 2427 παιδευόμενον
1144 2360 1363 2434 παιδείᾳ
1382 2363 1478 2417 καὶ
1506 2364 1761 2437 νουθεσίᾳ
1792 2369 1907 2421 Ku-

311 2443 464 2516 ρίου,
490 2442 594 2508 ἕως
628 2446 855 2516 γήρους,
890 2450 986 2502 καὶ
1018 2451 1335 2522 πρεσϐείου,
1360 2454 1422 2508 οὐ
1447 2457 1522 2527 μὴ
1555 2459 1902 2533 ἐγκαταλίπῃ

306 2534 338 2587 δ
371 2535 535 2599 Θεός.
575 2538 651 2590 Οὐ
694 2538 803 2610 γάρ
833 2540 1015 2607 ἄδικος
1054 2545 1083 2596 ό
1104 2544 1236 2611 θεὸς
1260 2547 1614 2606 ἐπιλαθέσθαι
1644 2554 1746 2623 τῆς
1772 2572 1902 2609 παι-

305 2624 491 2689 δείας,
524 2626 618 2680 καὶ
644 2628 740 2681 τοῦ
776 2629 948 2683 κόπου
978 2631 1087 2686 τῶν
1114 2634 1203 2689 διά
1228 2636 1289 2690 τὸ
1312 2638 1484 2709 ὄνομα
1508 2642 1674 2696 αὑτοῦ
1691 2644 1902 2716 ὑπομε-

303 2717 541 2773 νόντων.
598 2719 662 2772 Ἡ
711 2721 823 2792 γὰρ
878 2724 1022 2778 κατά
1071 2725 1206 2781 Θεὸν
1257 2730 1478 2785 παιδεία
1522 2734 1613 2787 ἐπ’
1654 2736 1901 2806 ἐσχάτων

304 2813 868 2883 παῤῥησιασθήσεται
899 2819 956 2871 ἐν
974 2819 1141 2891 πολλῇ
1165 2822 1368 2877 ἀνέσει·
1395 2826 1509 2895 εῐγε
1543 2830 1639 2883 καὶ
1662 2832 1733 2884 τὸ.
1758 2832 1900 2887 καλᾶ

302 2903 366 2969 ἐξ
401 2904 566 2973 ἡμῶν
598 2905 863 2971 πολλάκις
911 2909 1230 2981 ἀφαιρεῖται
1288 2915 1516 2987 Κύριος,
1566 2918 1756 2993 ὥσπερ
1808 2925 1898 2979 τὸν

301 2994 545 3048 πλοῦτον
596 2997 693 3049 τοῦ
751 2998 895 3051 Ἰώϐ·
938 3020 956 3053 ι
1012 3001 1218 3074 Κύριος
1263 3006 1372 3078 γὰρ
1425 3009 1658 3077 ἔδωκεν,
1695 3016 1898 3087 Κύριος

302 3084 593 3154 ἀφείλατο.
634 3106 652 3139 ι
689 3087 915 3155 Πάντως
968 3108 1071 3147 που
1131 3096 1227 3148 καὶ
1280 3097 1351 3150 τὰ
1393 3101 1537 3155 κακὰ
1583 3103 1728 3176 ἅπερ
1763 3084 1896 3178 ἡμῖν

300 3176 595 3247 ἐπήγαγεν
626 3181 654 3233 ό
682 3179 922 3249 αίώνίος,
946 3186 1010 3239 ἐκ
1036 3188 1217 3258 χειρὸς
1244 3192 1400 3262 ἡμῶν
1419 3194 1673 3266 λήψεται·
1698 3221 1715 3253 ι
1743 3176 1893 3272 ’Ᾰγα-

1944 1930 1997 1987 Δ

2514 1948 2798 2005 HOMILIA
2840 1947 3107 2002 LXXXIII

2356 2063 2432 2118 De
2469 2062 2748 2135 disciplina
2768 2064 2875 2117 sive
2904 2061 3253 2131 correptione.

2089 2179 2389 2251 Disciplina
2425 2178 2723 2249 quominus
2769 2178 2916 2233 bona
2942 2175 3121 2232 videri
3174 2174 3395 2239 debeat,
3447 2174 3601 2228 nulia

2012 2268 2263 2337 suppetit
2309 2266 2470 2332 ratio,
2529 2265 2767 2320 maxime
2811 2266 2857 2320 si
2902 2263 3208 2319 secundum
3268 2262 3437 2317 Deum
3491 2269 3598 2314 est.

2012 2357 2201 2427 Neque
2250 2358 2400 2413 enim
2459 2374 2587 2414 eum
2624 2360 2720 2428 qui
2774 2359 2843 2413 ab
2874 2357 3102 2411 ineunte
3134 2354 3377 2426 primum
3436 2359 3600 2407 aetate

2010 2449 2435 2519 philosophatus
2460 2450 2534 2505 sit
2557 2457 2614 2505 et
2637 2448 2894 2504 eruditus
2911 2448 2980 2503 ad
3005 2446 3312 2517 disciplina:
3341 2453 3397 2499 et
3414 2444 3599 2499 Domi~

2008 2547 2146 2601 nica:
2180 2545 2581 2601 admonitionis
2612 2553 2887 2609 tenorem,
2919 2556 3096 2611 usque
3123 2539 3179 2593 in
3214 2546 3495 2593 senectam
3540 2545 3597 2591 et

2008 2638 2225 2692 senium
2248 2637 2398 2692 hunc
2422 2636 2569 2691 Deus
2596 2633 2969 2703 derelinquet.
3003 2631 3124 2687 Non
3156 2630 3305 2686 enim
3356 2629 3595 2700 iniustus

2006 2729 2176 2795 Deus,
2206 2737 2268 2784 ut
2302 2714 2663 2784 obliviscatur
2694 2725 3003 2797 disciplinae
3050 2731 3107 2779 et
3152 2722 3361 2778 laboris
3399 2735 3593 2775 eorum

2005 2822 2100 2892 qui
2123 2837 2225 2891 pro
2257 2820 2431 2892 gloria
2463 2818 2708 2875 nominis
2733 2818 2909 2888 ipsius
2939 2832 3051 2872 non
3085 2816 3372 2870 instrenue
3423 2813 3593 2869 susti-

2005 2918 2160 2965 nent.
2185 2908 2317 2976 Quw
2338 2908 2648 2964 secundum
2691 2910 2865 2964 Deum
2897 2917 2983 2963 est
3023 2906 3361 2976 disciplina,
3387 2905 3445 2960 in
3495 2920 3595 2960 cx-

2005 3000 2200 3055 tremis
2229 3001 2348 3056 suis
2376 3000 2550 3055 multa
2583 3015 2710 3054 cum
2746 3000 3009 3054 libertate
3038 3013 3105 3054 ac
3149 2997 3351 3053 ﬁducia
3395 2997 3593 3067 loque-

2004 3101 2115 3148 tur.
2136 3092 2181 3146 Α
2204 3092 2368 3147 nobis
2403 3092 2596 3162 utique
2621 3093 2769 3147 Deus
2792 3092 2962 3146 etiam
2981 3091 3126 3146 bona
3154 3090 3357 3156 aufert,
3390 3105 3555 3160 quem
3578 3120 3591 3127 -

2001 3184 2297 3238 admodum
2350 3200 2379 3238 a
2448 3192 2642 3239 saneto
2670 3184 2775 3239 Job
2805 3183 3058 3238 divitias:
3098 3204 3113 3235 ι
3147 3182 3415 3237 Dominus
3443 3182 3615 3237 enin,

300 3266 375 3322 ea
404 3269 518 3340 γὰρ
545 3271 639 3324 καὶ
670 3276 817 3327 κακά
848 3280 999 3349 παρά
1022 3281 1229 3351 Κυρίου
1250 3323 1264 3345 ,
1304 3304 1321 3335 ι
1386 3290 1572 3358 φησίν.
1606 3294 1712 3346 Καὶ
1745 3296 1773 3348 ό
1800 3266 1890 3352 ἐπι-

2001 3275 2180 3341 dedit,
2232 3286 2289 3331 ct
2332 3276 2603 3330 Dominus
2649 3275 2979 3329 abstulit”.
3034 3295 3051 3327 ι
3110 3274 3463 3344 Quazcunque
3520 3274 3592 3329 ab

295 3360 536 3441 αγαγὼν
557 3364 690 3432 ἡμῖν
716 3365 784 3417 τὰ
803 3366 1147 3436 κακά,αὐτὸς
1177 3374 1368 3441 ἐπάξει
1391 3379 1523 3447 ἡμῖν
1550 3380 1649 3453 τὴν
1677 3384 1894 3441 αἰώνιον

291 3453 679 3524 εὐφεροσύνην.
716 3458 928 3513 Οὐκοῦν
975 3461 1251 3531 ὀφειλέται
1302 3468 1470 3537 ἐσμὲν
1502 3471 1602 3534 τὰς
1636 3475 1695 3527 ἐν
1729 3478 1894 3531 παντὶ

288 3542 568 3606 παιδείας
598 3547 937 3618 εὐχαρίστως
965 3549 1242 3615 δέξασθαι.
1289 3554 1351 3609 ’0
1372 3557 1482 3629 γὰρ
1525 3562 1600 3633 μὴ
1633 3564 1895 3636 αἱρούμε-

288 3652 390 3699 νος
449 3635 576 3698 τοὺς
606 3636 749 3709 ὑπὲρ
779 3640 1041 3711 ἀληθείας
1089 3644 1306 3712 πόνους,
1347 3650 1613 3716 ἑκουσίως
1650 3657 1753 3710 ὑπὸ
1784 3659 1894 3715 τῶν

288 3726 586 3781 ἀκουσίων
617 3729 1014 3803 χαλεπωτέρως
1047 3736 1385 3794 παιδεύεται.
1439 3742 1499 3796 '0
1542 3744 1599 3797 δὲ
1633 3748 1802 3803 ποιῶν
1831 3750 1893 3805 τὸ

296 3819 529 3888 θέλημα
560 3819 661 3872 τοῦ
691 3819 827 3905 Θεοῦ
865 3824 1007 3878 κατὰ
1038 3824 1290 3898 δύναμιν,
1325 3831 1414 3885 διὰ
1464 3837 1676 3907 μικρῶν
1711 3842 1891 3897 πόνων

287 3908 435 3971 τοὺς
468 3910 737 3979 μεγάλους
794 3913 1138 3982 ἐκφεύξεται.
1174 3920 1345 3989 Φησὶν
1387 3922 1443 3976 δὲ
1484 3928 1576 3979 καὶ
1613 3930 1641 3982 ὁ
1684 3932 1889 4002 Παροι-

293 3999 567 4071 μιαστής’
594 4018 614 4051 ι
649 4000 706 4054 Ὀ
738 4003 1072 4075 φοϐούμενος
1097 4009 1187 4063 τὸν
1215 4010 1418 4084 Κύριον
1453 4016 1731 4084 ἐκδέξεται
1759 3999 1888 4079 παι-

286 4090 473 4144 δείοιν.
511 4109 530 4142 ›
576 4090 683 4146 Kal
712 4090 902 4158 αὖθις·
941 4115 959 4148 ι
1006 4099 1100 4162 Ὃς
1145 4101 1388 4171 φείδεται
1418 4107 1516 4178 τῆς
1556 4111 1752 4167 ἐαυτοῦ
1790 4115 1888 4186 βα-

287 4179 558 4249 κτηρίας,
603 4187 752 4250 μισεῖ
781 4185 871 4237 τὸν
903 4187 1098 4241 ἑαυτοῦ
1135 4191 1266 4243 υίόν·
1299 4194 1328 4245 ό
1366 4193 1423 4247 δὲ
1471 4196 1726 4265 ἀγαπῶν,
1764 4179 1888 4258 ἐπι-

293 4268 486 4339 μελῶς
533 4271 796 4326 παιδεύει.
838 4292 856 4323 ι
897 4275 1008 4328 Kal.
1036 4277 1199 4330 πάλιν
1227 4294 1240 4308 ⁸
1281 4299 1299 4330 ι
1340 4282 1581 4337 Παίδευε
1618 4288 1710 4340 τὸν
1769 4290 1886 4344 υἱόν

291 4377 422 4415 σουο
462 4355 617 4425 οὗτος
643 4364 750 4435 γὰρ
778 4364 930 4419 ἔσται
956 4366 1199 4434 εὔελπις.
1233 4373 1457 4441 Ἀκουε,
1490 4378 1599 4446 υίὲ,
1624 4383 1715 4434 καὶ
1733 4381 1886 4447 δέξαι

286 4451 472 4523 ἐμοὺς
502 4453 715 4522 λόγους,
764 4459 856 4510 καὶ
897 4458 1372 4535 πληθυνθήσονται
1414 4467 1507 4539 ἐτη
1561 4470 1707 4543 ζωῆς
1766 4492 1882 4530 σου.

301 4544 606 4597 Ἐπιλαϐοὗ
643 4548 783 4618 ἐμῆς
815 4552 1095 4620 παιδείας,
1129 4559 1204 4628 μὴ
1235 4559 1413 4628 ἀφείς⁸
1446 4562 1561 4627 υίὸς
1594 4567 1705 4637 γὰρ
1744 4570 1884 4623 ἀπο-

279 4635 705 4706 λιμπανόμενος
753 4641 986 4709 φυλάξαι
1027 4648 1276 4703 παιδείαν
1324 4655 1552 4725 πατρὸς,
1593 4635 1881 4731 μελετήσει

284 4729 492 4799 ῥήσεις
534 4729 732 4793 κακάς.
764 4750 784 4781 ι
816 4733 929 4787 Kal
978 4736 1174 4791 πάλινο
1223 4759 1241 4792 ι
1277 4744 1504 4815 ’Ἄφρων
1551 4729 1879 4821 μυκτηρίζει

282 4819 549 4873 παιδείαν
579 4826 808 4893 πατρός·
840 4829 868 4879 ὁ
912 4826 971 4881 δὲ
1004 4830 1294 4898 φυλάσσων
1320 4837 1600 4910 ἐλέγχους,
1634 4819 1879 4919 πανουρ-

278 4912 560 4984 γὼτερος.
598 4936 616 4968 ι
655 4918 764 4972 Kal
788 4919 952 4974 πάλιν
984 4938 997 4950 ·
1028 4942 1046 4974 ι
1083 4924 1183 4989 Δὸς
1214 4929 1293 4991 είς
1329 4932 1579 4986 παιδείαν
1613 4937 1712 5007 τὴν
1741 4912 1879 5011 καρ-

277 5007 415 5060 δίαν
446 5025 562 5075 σου,
593 5012 662 5064 τὰ
708 5012 766 5065 δὲ
808 5015 948 5069 ὀστᾶ
997 5034 1088 5071 σου
1139 5020 1426 5093 ἑτοίμασον
1472 5026 1651 5095 λόγοις
1681 5007 1878 5104 αἰσοῆ-

279 5116 455 5161 σεως.
502 5120 520 5152 ι
560 5104 668 5155 Καὶ
699 5097 879 5160 πάλιν·
919 5127 937 5159 ι
968 5110 1058 5180 Μὴ
1089 5111 1307 5187 ἀπόσχῃ
1343 5118 1540 5187 νήπιον
1572 5122 1873 5191 παιδεύειν,

276 5191 376 5244 ὅτι
404 5191 501 5244 ἐὰν
536 5194 784 5267 πατάξῃς
814 5200 980 5253 αὐτὸν
1015 5203 1216 5276 ῥάϐδῳ,
1239 5207 1341 5259 ούκ
1370 5210 1745 5279 ἀποθανεῖται,
1777 5215 1881 5286 τὴν

275 5282 345 5335 δὲ
375 5283 552 5355 ψυχὴν
583 5287 749 5342 αὐτοῦ
781 5289 994 5357 σώσεις.
1034 5315 1053 5346 ι
1080 5298 1187 5351 Kal
1213 5295 1369 5364 αὖθις
1396 5321 1410 5334 ·
1454 5322 1472 5355 ‹
1507 5305 1734 5360 Παίδευε
1761 5312 1874 5366 υίόν

281 5388 419 5433 σου,
470 5376 564 5428 καὶ
612 5378 920 5435 ἀναπαύσει
962 5401 1042 5450 σε,
1082 5388 1178 5440 καὶ
1210 5388 1370 5444 δώσει
1428 5394 1630 5466 κόσμον
1684 5401 1755 5471 τῇ
1803 5403 1869 5473 σῇ

274 5463 460 5533 φυλῇ.
498 5484 517 5516 ι
558 5468 665 5521 Kal
694 5470 856 5526 πάλιν
887 5490 900 5503 ·
941 5493 959 5526 ι
1006 5477 1234 5546 Ἀγαθὸν
1267 5482 1326 5534 τὸ
1354 5463 1869 5564 ἀκοῦσαιέπιτίμηζ

281 5571 382 5606 σιν
414 5558 600 5626 σοφοῦ,
639 5562 780 5634 ὑπὲρ
821 5565 991 5639 ἄνδρα
1025 5570 1295 5627 ἀκούοντα
1334 5571 1487 5648 ᾆσμα
1527 5558 1797 5651 ἀφρόνων.
1823 5558 1861 5637 ⁷ι

363 5709 384 5741 ⁷
413 5711 738 5781 PsaLLxxx,
764 5717 816 5773 8.
893 5721 1127 5779 "Exod.
1165 5744 1294 5795 xvu,
1336 5731 1418 5785 11.

372 5790 461 5844 9|.
548 5793 584 5823 "
617 5795 642 5844 .l
682 5796 715 5844 b
749 5812 806 5844 ιι-
858 5796 939 5844 10-
1022 5801 1064 5831 η
1097 5800 1237 5844 lei
1298 5822 1418 5844 νῐνι

548 5793 584 5823 "
617 5795 642 5847 ,ι
682 5796 715 5850 b
749 5812 806 5861 ιι,
857 5796 939 5851 10.
1022 5801 1064 5831 ¹¹
1096 5800 1256 5857 Eetli.
1284 5793 1464 5877 inm,
1498 5809 1580 5865 18.

275 5871 367 5927 ιτ,
413 5863 500 5918 20.

1530 5734 1551 5766 ⁸
1576 5734 1700 5807 Sap.
1727 5755 1764 5802 ι,
1798 5739 1847 5803 1,
1878 5742 1926 5796 5.

1666 5813 1708 5843 ’³
1736 5814 1891 5871 Prov.
1929 5833 2051 5879 xm.
2080 5820 2170 5871 at.

1998 3366 2158 3421 initio
2202 3367 2416 3421 conditi
2458 3367 2646 3422 saeculi
2681 3368 2824 3421 mala
2881 3367 3093 3430 intulit,
3138 3367 3207 3420 de
3263 3382 3431 3421 manu
3470 3368 3592 3438 ejus

1996 3460 2345 3528 accepimus:
2381 3479 2398 3512 ι
2437 3461 2585 3516 Bona
2612 3461 2762 3516 enim
2809 3469 2873 3515 et
2913 3462 3055 3515 mala
3087 3460 3405 3527 Domino”,
3439 3480 3458 3512 ι
3512 3465 3591 3515 ai.

1997 3549 2304 3620 Scriptura.
2358 3552 2598 3607 Proinde
2638 3553 2735 3622 qui
2788 3552 2929 3607 mala
2981 3553 3100 3608 hasc
3143 3554 3361 3610 invehit.
3403 3554 3586 3610 nobis.

1996 3639 2143 3694 idem
2177 3656 2399 3711 quoque
2428 3643 2576 3696 Deus
2596 3652 2863 3697 aeternam
2895 3644 3124 3699 inducet
3167 3646 3433 3701 lzetitiam.
3483 3647 3587 3701 De-

1995 3728 2193 3785 bemus
2216 3732 2401 3802 itaque
2424 3733 2598 3787 multa
2617 3749 2743 3788 cum
2765 3736 3066 3805 gratiarum
3096 3740 3313 3794 actione
3334 3741 3589 3809 accipere

1995 3820 2054 3873 in
2082 3822 2342 3878 omnibus
2374 3824 2728 3895 disciplinam
2774 3836 2829 3882 et
2862 3830 3276 3899 correptioncm
3325 3833 3582 3887 Domini:
3611 3902 3616 3907 .

1993 3913 2090 3983 qui
2127 3914 2413 3987 enimpro
2452 3919 2686 3974 veritate
2716 3922 3025 3989 quamlibet.
3053 3925 3346 3994 perplexos
3372 3926 3585 3982 labori-s-

1992 4019 2106 4059 non
2155 4004 2262 4062 fert
2306 4008 2620 4077 ultroneus,
2674 4014 2813 4068 nolit
2866 4013 3017 4080 licet,
3089 4018 3264 4071 multo
3307 4018 3584 4088 plectetur

1993 4097 2289 4169 disciplina
2317 4104 2614 4159 atrociore.
2638 4103 2907 4177 Quisquis
2932 4118 3116 4164 autem
3137 4112 3420 4182 explenda:
3442 4114 3581 4169 diti-

1991 4206 2076 4246 nae
2110 4193 2383 4250 voluntati
2402 4211 2462 4251 se
2497 4208 2838 4267 spontaneus
2860 4204 3261 4272 accommodat,
3281 4221 3378 4276 per
3401 4208 3582 4263 modi-

1990 4301 2089 4340 cos
2118 4285 2339 4342 labores
2374 4290 2631 4346 ultronee
2677 4294 2941 4350 toleratos
2978 4296 3140 4367 longe
3180 4301 3377 4356 evadet
3426 4318 3581 4358 acer-

1990 4376 2198 4433 biores.
2254 4380 2645 4439 Paroemiastes
2692 4386 2970 4455 siquidem
3036 4391 3157 4444 ait:
3212 4411 3229 4441 ι
3264 4392 3368 4457 Qui
3425 4394 3580 4449 timet

1988 4470 2285 4526 Dominum
2308 4474 2929 4549 exeipietdisciplinam
2956 4484 3019 4541 ³3.
3056 4502 3074 4534 ι
3109 4483 3354 4539 Rursus:
3413 4507 3431 4538 ι
3472 4490 3576 4554 Qu

1988 4565 2168 4633 parcit
2197 4565 2420 4630 baculo,
2458 4569 2815 4640 oditﬁlium;
2857 4575 2950 4644 qui
2986 4588 3171 4632 autem
3204 4580 3402 4650 diligit,
3450 4582 3578 4637 dit.-

1910 4648 1951 4707 C
1985 4666 2182 4727 genter
2217 4660 2408 4716 erudit
2457 4664 2700 4721 illum”.
2736 4686 2756 4719 ›
2817 4668 3061 4749 lterum:
3108 4689 3125 4722 ι
3172 4648 3344 4729 Erudi
3398 4676 3571 4731 lilium

1985 4756 2163 4813 tuum,
2194 4750 2276 4804 sic
2297 4753 2447 4808 enim
2473 4755 2631 4811 bonae
2661 4759 2775 4827 spei
2808 4762 2939 4815 erit.
2973 4762 3139 4829 Audi,
3165 4764 3263 4831 ﬁli,
3296 4775 3353 4821 et
3379 4769 3575 4839 excipe

1981 4855 2135 4896 meos
2158 4857 2465 4912 sermones,
2490 4856 2542 4903 et
2576 4851 3102 4921 multiplicabuntur
3124 4858 3258 4912 anni
3280 4860 3405 4915 vitae
3434 4869 3569 4924 tum;

1986 4933 2198 5004 1157
2233 4937 2455 5006 suscipe
2501 4945 2914 5012 correptionem
2957 4963 3159 5015 meam,
3204 4966 3274 5006 ne
3323 4951 3573 5007 dimittas

1980 5040 2102 5080 eam
2128 5046 2142 5093 ;
2180 5029 2325 5084 (ilius
2345 5032 2495 5087 enim
2524 5035 2620 5104 qui
2648 5038 2859 5093 omittit
2886 5043 3170 5098 custodire
3217 5044 3566 5113 disciplinain

1979 5123 2173 5190 patris,
2233 5128 2569 5197 excogitabit
2622 5132 2896 5204 colloquia
2944 5139 3200 5205 prava“.
3249 5157 3268 5188 ι
3320 5138 3562 5194 lterum;

1985 5234 2003 5266 ι
2042 5216 2258 5273 Stultus
2280 5222 2955 5299 subsannatdisciplinam
2995 5231 3190 5299 patris,
3239 5232 3333 5301 qui
3380 5243 3565 5287 autem

1979 5309 2221 5362 custodit
2281 5315 2683 5383 correptiones,
2721 5320 2958 5372 astutior
3002 5320 3192 5374 erit”.
3234 5339 3253 5372 ›
3314 5321 3562 5378 Rursus:

1985 5417 2004 5450 ι
2052 5400 2127 5454 Da
2153 5401 2222 5455 ad
2246 5402 2600 5475 disciplinam
2635 5423 2733 5461 cor
2759 5416 2934 5473 tuum,
2990 5426 3153 5466 aures
3199 5420 3383 5468 autem
3441 5422 3565 5470 tuas

1975 5496 2332 5552 accommoda
2353 5500 2706 5555 sermonibus
2732 5504 3013 5559 sensus".
3059 5523 3077 5552 ι
3125 5506 3371 5561 lterum:
3432 5526 3451 5559 ι
3483 5509 3564 5564 Ne

1974 5589 2232 5645 omiseris
2256 5591 2480 5647 erudire
2506 5608 2782 5664 puerum;
2829 5598 2958 5667 quia
2983 5598 3027 5654 si
3060 5600 3213 5672 virga
3255 5618 3383 5656 eum
3430 5619 3561 5675 per-

2041 5744 2302 5824 vitanti.
2330 5764 2417 5824 xv,
2452 5750 2541 5815 ιε,
2578 5752 2658 5808 19.
2773 5756 2793 5788 ο
2820 5756 3010 5811 Μειιιιι.
3048 5776 3141 5824 χιι,
3172 5745 3267 5815 55.’
3382 5761 3426 5794 ιο
3455 5762 3565 5820 Job

2253 5823 2295 5853 ”
2329 5821 2491 5878 Prov.
2528 5840 2637 5893 xix,
2673 5825 2753 5880 l8.
2836 5828 2876 5858 ³⁸
2900 5829 3061 5886 Prom
3095 5821 3180 5887 xv.
3208 5835 3261 5889 5.
3320 5835 3358 5867 ¹⁶
3392 5838 3557 5896 Prov.
