3986 6148
394 361 531 429 1035

1338 358 1669 422 HOMILIA
1704 362 2031 423 LXXXIII.
2066 389 2128 398 —
2171 364 2269 427 DE
2312 358 2686 431 CONSILIO.

3498 371 3634 439 1C86

387 474 683 547 θεάρεστόν
716 474 879 529 ἔστιν.
911 469 1103 536 Οὐδεὶς
1134 471 1246 550 γὰρ
1283 472 1311 525 6
1349 472 1424 544 μὴ
1457 474 1675 546 χρῄζων
1720 474 1961 546 συμϐούο

2068 477 2211 532 ceris
2242 477 2504 547 pretium,
2541 495 2769 550 remque
2800 480 2911 536 Deo
2948 495 3277 552 magnopere
3327 490 3629 551 acceptam,

388 574 507 633 λου,
540 570 588 621 εί
619 568 692 639 μὴ
724 567 878 638 μόνος
908 566 937 619 6
965 563 1120 632 Θεὸς,
1156 564 1185 617 6
1215 563 1315 636 τὴν
1354 565 1547 634 σοφίαν
1597 566 1811 630 κτίσας.
1843 566 1960 630 Πᾶς

385 659 446 713 δὲ
479 659 761 730 άνθρωπος
788 660 977 731 χρείαν
1009 661 1122 732 ἔχει
1153 663 1482 732 συμϐουλίας
1509 664 1721 734 ἀγαθῆς
1758 665 1959 736 μᾶλλον

387 748 421 814 ἦ
452 745 546 799 τὸν
592 747 730 817 ἀέρα
780 748 1075 811 ἀναπνεῖν.¹
1109 752 1307 817 Καθὼς
1352 757 1446 808 καὶ
1496 755 1649 824 παρὰ
1676 756 1777 825 τῆς
1810 754 1962 819 θείας

385 838 616 908 Γραφῆς
665 840 1053 913 παιδευόμεθα.
1101 844 1271 913 Φησὶν
1315 846 1460 917 γάρ·
1498 864 1517 897 ‹
1568 846 1723 900 Μετά
1766 844 1961 917 βουλῆς

388 929 573 982 πάντα
607 931 771 998 ποίει,
803 933 940 1004 μετά
972 933 1170 1004 βουλῆς
1197 936 1491 990 οίνοπότει·
1529 956 1549 990 ι
1594 937 1685 991 τὸν
1719 954 1964 1007 πνευμα-

385 1021 549 1071 τικὸν
601 1019 803 1092 δηλαδὴ
865 1019 1027 1087 οἶνον,
1071 1024 1165 1077 τὸν
1215 1025 1572 1094 εὐφραίνοντα
1619 1027 1867 1099 καρδίαν.
1906 1026 1964 1080 Ὁ

385 1109 632 1174 τοιοῦτος
664 1113 921 1166 οὐδέποτε
967 1116 1188 1186 ἀστοχεϊ
1216 1156 1231 1180 ,
1285 1117 1400 1171 ἀλλ’
1449 1117 1769 1188 ἀμερίμνως
1818 1136 1968 1190 παρ-

385 1202 569 1254 οδεύει
626 1203 802 1258 πάντα
842 1204 934 1258 τὸν
975 1204 1089 1275 βίον
1118 1206 1305 1261 αὑτοῦ.
1333 1208 1677 1279 Μισοτυφίας
1723 1209 1831 1279 γὰρ
1874 1210 1967 1263 καὶ

384 1292 779 1357 ταπεινώσεως
819 1296 1121 1365 τεκμήριον
1148 1335 1164 1358 ,
1203 1297 1295 1350 τοῦ
1350 1298 1558 1352 δεῖσθαι
1610 1299 1964 1368 συμϐουλίας,

392 1382 637 1451 μάλιστα
672 1385 781 1436 τῶν
816 1387 875 1439 ἐν
920 1387 1086 1458 πείρᾳ
1127 1389 1423 1457 γερόντων.
1463 1390 1739 1461 Πρόδηλον
1782 1390 1841 1444 δὲ
1884 1391 1967 1445 ὅτι

391 1477 677 1538 ταπεινοῖς
708 1475 925 1531 δίδωσιν
956 1479 983 1533 6
1013 1478 1145 1541 Θεὸς
1172 1478 1352 1550 χάριν,
1387 1480 1762 1551 ὑπερηφάνοις
1786 1481 1841 1535 δὲ
1869 1482 1966 1535 ἀν-

389 1566 737 1620 τιτάσσεται.
774 1567 971 1631 Καθὼς
1016 1585 1180 1638 φησιν
1218 1571 1313 1624 καὶ
1342 1574 1370 1624 6
1406 1570 1606 1635 Τοϐίας
1642 1572 1719 1644 τῷ
1748 1573 1849 1645 υἱῷ
1874 1574 1969 1627 αύ-

385 1656 511 1708 τοῦ·
550 1675 569 1707 ι
610 1657 950 1727 Συμϐουλίαν
986 1660 1136 1728 παρά
1175 1661 1377 1725 παντὸς
1405 1662 1667 1732 φρονίμου
1704 1663 1966 1734 ζήτησον,

390 1748 492 1800 καὶ
529 1749 603 1820 μὴ
644 1752 1063 1824 καταφρονήσῃς
1106 1753 1199 1806 ἐπὶ
1237 1753 1417 1824 πάσης
1463 1754 1793 1824 συμϐουλίας
1832 1772 1969 1826 χρη-

391 1839 584 1909 σίμης.
627 1859 646 1891 ι
682 1841 739 1894 '0
768 1842 876 1913 γὰρ
916 1843 1160 1913 μετέχων
1193 1845 1524 1915 συμϐουλίας
1552 1847 1784 1917 ἀγαθῆς,
1816 1848 1874 1900 ἔν
1903 1850 1969 1919 τῇ
2003 1834 2044 1889 Β

526 1931 632 1985 τῶν
659 1932 890 1987 ἐντολῶν
923 1936 1015 1988 τοῦ
1046 1937 1253 2008 Κυρίου
1286 1936 1513 2007 βαδίζειν
1540 1938 1680 2010 ἀνὴρ
1700 1939 1756 1993 δὲ
1792 1938 1970 2009 ἀσύμ-

390 2022 609 2090 ϐουλος,
644 2024 840 2077 ἑαυτοῦ
873 2026 1152 2096 πολέμιος,
1183 2028 1259 2093 ὡς
1305 2028 1540 2100 Ῥοϐοάμ
1560 2071 1574 2096 ,
1606 2033 1634 2084 ὁ
1675 2030 1770 2085 τοῦ
1807 2031 1971 2085 Σολο-

392 2115 634 2185 μῶντος.
699 2117 1132 2190 Ἐγκαταλείψας
1192 2120 1301 2193 γὰρ
1351 2124 1448 2192 τὴν
1502 2123 1715 2194 ἀγαθὴν
1776 2123 1972 2195 βουλὴν

387 2205 505 2259 τῶν
530 2207 936 2278 πρεσϐυτέρων,
970 2210 1065 2262 καὶ
1092 2214 1382 2281 κατασχὼν
1403 2212 1503 2282 τὴν
1532 2212 1640 2266 τῶν
1667 2212 1971 2284 παιδαρίων

390 2296 619 2367 βουλὴν,
649 2299 1100 2368 ἁνεκτραφέντων
1130 2301 1245 2370 μετ’
1274 2302 1462 2366 αὑτοῦ,
1485 2303 1693 2374 ηὑρέθη
1724 2302 1971 2357 ἀπόλλων

385 2388 497 2457 τὴν
525 2387 805 2459 βασιλείαν
830 2389 937 2442 τῶν
964 2390 1096 2443 δέκα
1125 2392 1418 2463 σκήπτρων
1452 2392 1542 2447 τοῦ
1596 2394 1830 2466 Ἰσραήλ.
1863 2397 1971 2449 Κα·

386 2479 506 2543 λῶς
536 2475 629 2533 οὖν
662 2479 934 2545 ταλανίζει
966 2482 1093 2545 τοὺς
1123 2483 1400 2547 τοιούτους
1435 2486 1463 2537 6
1504 2485 1750 2548 Ἰισαῖας.
1790 2505 1809 2537 ι
1835 2487 1970 2541 Οὐαὶ

387 2572 529 2643 γὰρ,
565 2573 731 2643 φησὶν
753 2614 768 2638 ,
810 2576 857 2626 οἱ
906 2573 1300 2644 βουλευόμενοι,
1347 2577 1407 2628 οὐ
1452 2575 1538 2629 διά
1571 2577 1800 2649 Κυρίου,
1831 2579 1881 2631 οἱ
1911 2580 1969 2633 ἐν

390 2664 581 2733 κρυφῇ
631 2662 927 2726 ποιοῦντεςο
962 2664 1058 2717 καὶ
1085 2663 1237 2720 ἔσται
1270 2668 1327 2719 ὲν
1367 2666 1552 2721 σκότει
1586 2668 1653 2721 τὰ
1699 2668 1836 2739 ἔργα
1867 2671 1966 2723 αὐ-

389 2752 528 2805 τῶν.
565 2770 583 2803 ι
622 2752 687 2827 Ἦ
727 2754 835 2821 γὰρ
869 2753 1033 2825 βουλὴ
1066 2754 1175 2807 τῶν
1213 2756 1463 2826 πονηρῶν
1498 2757 1677 2827 ἄνομα
1716 2759 1969 2829 βουλεύε-

391 2860 511 2896 ται·
546 2843 595 2896 οἱ
634 2843 689 2897 δὲ
715 2845 981 2910 εὐσεϐεῖς,
1024 2847 1222 2901 συνετά
1251 2848 1655 2902 ἐϐουλεύσαντο·
1688 2851 1783 2903 καὶ
1812 2852 1970 2916 ἄλλος

390 2936 572 3003 Σοφὸς
599 2935 803 3005 ἔλεγεν·
836 2957 855 2989 ι
900 2938 1032 2991 ’Λπδ
1066 2938 1239 2991 κακοῦ
1273 2941 1577 3009 συμϐούλου
1608 2940 1842 3010 φύλαξον
1869 2944 1968 3016 τὴν

390 3027 580 3097 ψυχήν
625 3044 742 3080 σου·
774 3029 868 3082 καὶ
912 3031 1020 3100 γὰρ
1068 3030 1227 3095 αὐτὸς
1271 3033 1447 3103 ἐαυτῷ
1494 3033 1828 3102 βουλεύεται,
1874 3036 1968 3089 κα)⁸

394 3120 658 3181 στήσεται
683 3121 739 3186 ἐξ
771 3122 1041 3185 ἐναντίας,
1079 3123 1207 3176 ἰδεῖν
1239 3123 1301 3176 τὸ
1336 3125 1765 3195 συμϐησόμενον.
1804 3146 1822 3178 ι
1859 3126 1967 3181 Καὶ

393 3211 581 3277 αὖθις⁹
630 3232 648 3264 ι
676 3215 766 3283 Μὴ
803 3214 1054 3285 βουλεύου
1104 3217 1242 3286 μετά
1288 3216 1705 3279 ὑποϐλεπόντων
1742 3235 1822 3283 σε,
1872 3222 1967 3272 καὶ

393 3306 508 3359 ἀπὸ
556 3305 664 3359 τῶν
710 3305 1012 3375 ζηλούντων
1049 3324 1134 3372 σε,
1172 3307 1379 3378 κρύψον
1411 3308 1624 3380 βουλήν.
1672 3329 1689 3361 ι
1731 3311 1967 3375 Εἰκότως

391 3394 491 3451 οὖν
522 3398 615 3450 καὶ
654 3397 957 3468 ἀραρότως,
990 3397 1173 3461 καθὼς
1208 3400 1555 3469 προείρηται,
1596 3401 1885 3470 ὀφείλομεν
1908 3404 1966 3456 ἐν

393 3490 566 3541 πᾶσιν
600 3489 698 3557 τῆς
738 3492 1116 3558 πνευματικῆς
1162 3490 1494 3557 συμϐουλίας
1535 3493 1644 3543 τῶν
1684 3493 1966 3562 ἐμπείρων

392 3579 670 3646 γερόντων
705 3578 969 3648 μετέχειν,
1018 3579 1241 3647 φεύγειν
1283 3579 1337 3631 δὲ
1380 3580 1479 3643 τὰς
1531 3581 1639 3632 τῶν
1686 3584 1965 3651 σαρκικῶν

393 3668 495 3721 καὶ
523 3667 863 3722 ἀπαιδεύτων
889 3669 1239 3739 συμϐουλίας
1274 3670 1360 3721 ἴνα
1394 3670 1467 3739 μὴ
1508 3672 1629 3723 ἀντὶ
1661 3673 1965 3742 στηριγμοῦ

396 3758 706 3828 φοινικίνης
733 3756 1053 3828 βακτηρίας,
1092 3759 1399 3829 καλαμίνην
1439 3759 1633 3830 ῥάϐδον
1675 3760 1965 3830 κατάσχω-

396 3869 520 3923 μεν·
553 3853 676 3920 ἦτις
704 3852 802 3920 τὴν
844 3855 1001 3922 χεῖρα
1032 3851 1125 3904 τοῦ
1156 3852 1442 3923 ἀνθρώπου
1502 3854 1714 3924 τρήσει,
1742 3854 1837 3907 καὶ
1874 3853 1965 3909 τὸν

395 3943 478 3997 ἱὸν
506 3942 606 4010 τῆς
651 3940 865 4010 φύσεως
896 3941 1169 4008 ἐκϐάλλει,
1215 3943 1309 3999 καὶ
1353 3942 1476 3995 ἀντὶ
1510 3944 1782 4013 προϐάτου
1813 3943 1965 4015 λύκῳ

393 4030 805 4102 περιπέσωμεν.
845 4048 863 4081 ι
916 4030 973 4083 '0
1024 4030 1134 4101 γὰρ
1186 4032 1661 4101 συμπορευόμενος
1724 4036 1953 4103 σοφοῖς,

393 4121 561 4190 σοφὸς
583 4119 757 4172 ἔσται·
786 4120 814 4171 6
837 4119 892 4172 δὲ
917 4120 1393 4191 συμπορευόμενος
1426 4120 1679 4191 ἄφροσιν,
1711 4123 1963 4194 γνωσθή-

393 4227 568 4265 σεται·
602 4210 855 4283 αἷσθησις
894 4212 1002 4281 γὰρ
1028 4212 1183 4282 παρὰ
1213 4211 1517 4281 φρονίμοις,
1548 4213 1797 4283 εὐχερής.
1841 4233 1859 4265 ›
1906 4214 1964 4267 '0

391 4302 451 4355 δὲ
484 4298 753 4370 Σολομὼν,
787 4322 805 4352 ι
832 4301 891 4364 ὃς
920 4301 1115 4371 πλανᾷ,
1150 4302 1335 4369 φησὶν,
1362 4302 1541 4363 εύθεῖς
1569 4303 1627 4354 ὲν
1661 4302 1764 4373 ὁδῷ
1794 4306 1962 4374 κακῇ,

392 4391 478 4452 εἰς
513 4389 807 4460 διαφθοράν
846 4390 1005 4453 αὐτὸς
1041 4391 1533 4458 ὲμπεσείται.›Καὶ
1567 4392 1729 4445 πάλιν
1753 4409 1765 4421 ·
1802 4411 1821 4443 ι
1843 4392 1961 4459 Υἱὲ,

2066 566 2112 622 si
2138 568 2430 623 consilium
2454 579 2700 639 expetes.
2722 569 2891 625 Nemo
2903 570 3049 624 enim
3071 569 3384 625 invenietur
3402 571 3495 640 qui
3521 587 3631 626 non
3699 636 3704 643 ι

2067 659 2286 730 indigus
2329 660 2402 716 sit
2460 660 2806 725 consiliarii,
2853 660 2959 714 nisi
3014 660 3159 714 Deus
3210 660 3401 724 solus,
3460 675 3634 728 penes

2067 768 2230 822 quem
2260 754 2531 825 sapientia
2554 763 2638 809 est
2667 754 2865 808 omnis.
2895 754 3029 808 Nam
3066 753 3231 807 homo
3270 754 3448 809 omnis
3482 754 3631 809 indic
3700 767 3711 797 ε

2066 859 2169 913 gus
2199 852 2285 899 est
2336 846 2523 916 probae
2570 845 3019 908 consultationis,
3072 859 3188 914 prae
3240 843 3416 898 halitu
3469 859 3633 914 quem

2069 951 2165 991 ore
2196 936 2340 991 efflat
2371 952 2434 991 ac
2456 936 2646 1007 spirat,
2674 944 2735 991 ut
2761 953 2861 991 nos
2896 934 3099 990 divinae
3153 934 3453 1005 Scriptura:
3500 951 3633 990 eru-
3670 998 3677 1005 ρ

2071 1028 2231 1083 diunt
2257 1028 2406 1083 hunc
2437 1029 2492 1082 in
2519 1029 2771 1083 modum:
2808 1047 2827 1079 ι
2862 1026 3055 1084 Omnia
3087 1027 3171 1082 fac
3200 1042 3325 1082 cum
3378 1027 3631 1093 consilio,

2071 1136 2195 1176 cum
2226 1120 2494 1197 consilio_
2516 1122 2704 1176 vinum
2738 1121 2866 1176 bibe
2881 1123 2925 1155 ³⁸
2953 1140 2966 1175 :
3002 1141 3019 1173 ι
3067 1119 3329 1175 nimirum
3377 1118 3434 1173 id
3484 1117 3633 1189 quod

2072 1230 2169 1269 cor
2194 1214 2459 1279 laetificat,
2504 1213 2789 1284 spirituale
2814 1214 3074 1269 videlicet
3119 1212 3329 1266 vinum.
3363 1211 3469 1277 Qui
3511 1209 3639 1264 talis

2071 1315 2177 1373 est,
2209 1296 2491 1375 nunquam
2539 1306 2764 1360 aberrat
2813 1321 2843 1359 a
2877 1320 3066 1375 scopo,
3126 1303 3222 1359 sed
3272 1303 3415 1358 liber
3463 1302 3645 1356 anxia:

2075 1399 2486 1464 sollicitudinis,
2507 1414 2661 1453 suam
2687 1412 2905 1452 omnem
2930 1396 3223 1466 tranquille
3250 1393 3419 1465 exigit
3445 1392 3633 1448 vitam.

2071 1490 2372 1547 Consilium
2408 1491 2555 1545 enim
2580 1506 2610 1544 a
2643 1489 2902 1559 quopiam
2934 1503 3227 1558 corrogare
3272 1495 3328 1541 et
3356 1495 3643 1555 expetere,

2073 1581 2235 1650 plane
2284 1589 2667 1651 argumentum
2712 1588 2799 1634 est
2828 1578 3114 1634 hominum
3174 1577 3266 1648 qui
3320 1575 3638 1646 superbiam

2074 1670 2315 1733 oderint,
2347 1678 2404 1724 et
2421 1670 2488 1725 de
2516 1686 2575 1725 se
2600 1668 2847 1724 modeste
2882 1668 3141 1733 sentiant,
3175 1683 3367 1723 eorum
3402 1666 3639 1722 maxime

2075 1760 2167 1830 qui
2227 1761 2488 1830 praesenti
2548 1767 2814 1832 urgentur
2865 1759 3136 1829 periculo.
3186 1758 3331 1812 Nulli
3394 1756 3639 1812 arbitror

2072 1851 2395 1918 obscurum,
2441 1851 2572 1921 quia
2633 1871 2651 1903 ι
2684 1851 2988 1906 humilibus
3035 1851 3181 1903 Deus
3230 1847 3325 1902 dat
3375 1846 3634 1917 gratiam,

2070 1934 2320 2011 superbis
2350 1952 2531 1996 autem
2553 1941 2843 2014 resistit”.
2882 1960 2901 1993 ι
2934 1939 3406 2008 Quemadmodum
3437 1938 3640 1993 Tobias

2070 2030 2207 2085 dicit
2230 2030 2374 2086 ﬁlio:
2411 2051 2428 2083 ι
2458 2031 2760 2089 Consilium
2789 2032 2859 2086 ab
2885 2030 3034 2087 omni
3066 2030 3311 2100 sapiente
3355 2026 3635 2098 perquire,

2070 2133 2127 2178 et
2156 2140 2224 2179 ne
2258 2124 2658 2194 contempseris
2682 2124 2972 2179 consilium
3020 2121 3152 2176 utile
3168 2120 3232 2174 ³⁷.
3274 2139 3292 2171 ι
3329 2118 3434 2185 Qui
3487 2117 3637 2172 enim

2071 2213 2348 2283 particeps
2391 2222 2477 2268 est
2508 2211 2640 2267 boni
2681 2210 2921 2276 consilii,
2972 2225 3074 2280 per
3128 2208 3274 2262 viam
3326 2204 3638 2277 ingreditur

2070 2303 2456 2357 mandatorum
2486 2302 2702 2357 Domini
2726 2319 2742 2369 ;
2766 2302 2852 2356 vir
2878 2309 3061 2355 autem
3087 2298 3434 2354 inconsultus
3461 2338 3476 2362 ,
3500 2295 3638 2351 sibi-

2071 2388 2174 2458 ipsi
2210 2388 2386 2443 hostis
2425 2396 2535 2444 est.
2590 2389 2854 2458 Exemplo
2899 2398 2984 2443 est
3030 2388 3276 2442 Roboam
3327 2385 3637 2442 Salomonis

2074 2480 2240 2545 filius,
2276 2480 2393 2551 qui,
2426 2481 2696 2537 derelicto
2716 2481 2994 2536 seniorum
3025 2480 3202 2550 probo
3227 2479 3477 2545 consilio,
3504 2478 3637 2533 dum

2073 2588 2368 2643 puerorum
2386 2572 2478 2642 qui
2524 2588 2709 2628 secum
2734 2572 3108 2643 indulgentius
3131 2571 3348 2626 fuerant
3393 2571 3635 2638 educati,

2073 2665 2395 2719 adhmrescit
2421 2665 2677 2731 consilio,
2703 2665 2991 2720 Israelitici
3018 2664 3169 2736 regni
3194 2672 3415 2736 sceptra
3444 2663 3634 2719 decem

2071 2758 2394 2828 perdidit”.
2428 2758 2597 2813 Recte
2629 2757 2797 2828 igitur
2826 2758 2904 2812 sic
2931 2755 3273 2813 inconsultos
3304 2754 3639 2825 depraedicat

2069 2851 2301 2905 miseros
2336 2851 2522 2915 Isaias,
2561 2851 2787 2905 dicens:
2816 2870 2832 2901 ι
2866 2852 2957 2906 νιυ
2987 2852 3078 2922 qui
3103 2852 3293 2906 ineunt
3318 2850 3634 2915 consilium,

2069 2961 2178 2998 non
2205 2960 2302 3013 per
2330 2945 2645 3007 Dominum,
2668 2946 2721 2999 in
2745 2946 2960 3000 occulto
2998 2945 3279 3013 facientes,
3305 2953 3362 2999 et
3385 2951 3548 2999 erunt
3581 2943 3637 2997 in

2071 3036 2314 3091 tenebris
2342 3052 2507 3106 opera
2530 3037 3147 3093 eorum”.IConsilium
3179 3036 3325 3091 enim
3367 3035 3639 3105 maligno-

2070 3142 2188 3179 rum
2239 3127 2425 3195 iniqua
2457 3126 2754 3191 consultat,
2784 3126 2859 3196 pii
2894 3135 3077 3181 autem
3128 3126 3421 3196 prudentia
3461 3126 3638 3197 iniere

2069 3217 2322 3272 consilia.
2373 3218 2525 3272 Alius
2571 3218 2701 3273 item
2751 3218 2974 3289 sapiens
3021 3218 3240 3274 diccbat
3279 3238 3291 3273 :
3339 3239 3357 3271 ι
3394 3219 3440 3274 Α
3492 3219 3641 3273 malo

2067 3307 2385 3362 consiliario
2444 3309 2658 3364 custodi
2725 3311 2963 3364 animam
3012 3318 3159 3363 tuam
3209 3329 3220 3362 :
3280 3310 3486 3364 etenim
3545 3310 3639 3365 ille

2068 3398 2281 3467 sibiipsi
2313 3400 2572 3463 consulit,
2605 3409 2660 3453 et
2705 3400 2875 3453 stabit
2912 3416 2978 3453 ex
3022 3400 3279 3469 Opposito
3333 3407 3396 3453 ut
3452 3400 3640 3456 videat

2067 3484 2198 3554 quid
2245 3493 2576 3539 eventurum
2616 3485 2773 3539 sit".
2810 3505 2826 3538 ι
2855 3487 3068 3541 Rursus
3102 3503 3116 3539 :
3159 3504 3176 3537 ι
3207 3486 3286 3541 Ne
3327 3487 3641 3542 consilieris

2066 3594 2190 3631 cum
2218 3593 2284 3631 eo
2314 3578 2407 3645 qui
2440 3587 2489 3631 te
2521 3586 2675 3631 torve
2728 3578 2996 3645 intuetur,
3047 3586 3102 3634 et
3156 3594 3188 3633 a
3238 3579 3545 3635 zelantibus
3587 3589 3639 3635 te

2066 3668 2343 3723 absconde
2394 3669 2770 3724 consilium".
2816 3689 2835 3721 ι
2892 3671 3011 3724 Non
3052 3669 3220 3742 igitur
3265 3672 3365 3726 abs
3410 3686 3489 3737 rc,
3540 3673 3637 3727 sed

2066 3773 2309 3827 congrue
2342 3759 2426 3828 (nt
2472 3760 2793 3830 prmdictum
2844 3759 2948 3831 est)
2995 3761 3050 3815 in
3104 3761 3363 3816 omnibus
3408 3776 3638 3830 exspec-

2068 3851 2294 3905 tandum
2332 3851 2494 3905 nobis
2522 3860 2607 3905 cst
2635 3853 2977 3908 consortium
3005 3852 3308 3921 spiritualis
3361 3852 3575 3907 consilii
3607 3870 3638 3908 a

2066 3944 2381 3998 senioribus
2413 3959 2553 4013 quos
2597 3960 2731 4000 usus
2786 3961 2967 4000 rerum
3024 3945 3294 4015 prolixior
3336 3946 3638 4016 prudentes

2066 4033 2330 4097 reddidit,
2359 4034 2664 4088 carnalium
2687 4024 2820 4091 vero
2846 4043 2902 4090 et
2928 4034 3334 4089 ineruditorum
3362 4036 3638 4090 consulta-

2069 4123 2248 4178 tiones
2273 4123 2509 4177 vitandae
2536 4139 2786 4193 prorsus,
2822 4134 2972 4179 utne
3019 4139 3120 4193 pro
3157 4124 3483 4179 fulcimento
3531 4124 3639 4180 sci-

2064 4214 2292 4284 pionise
2321 4215 2519 4269 robore
2543 4214 2735 4284 palma:
2768 4215 3013 4285 decerpti
3042 4215 3254 4288 1159
3277 4215 3635 4271 arnndineam
3708 4200 3717 4255 Ϊ

2066 4304 2403 4358 retineamus
2427 4306 2661 4375 virgam,
2707 4321 2829 4375 qua:
2860 4321 3080 4361 manum
3137 4306 3377 4361 hominis
3434 4306 3639 4362 fodicet
3704 4302 3710 4311 ”

2067 4408 2131 4447 ac
2159 4392 2425 4462 perforet,
2446 4409 2666 4464 sumque
2692 4395 2970 4466 inspergat
2989 4412 3263 4452 venenum
3290 4409 3517 4462 naturae,
3542 4407 3637 4453 aut

395 4480 475 4548 μὴ
533 4479 815 4551 καταλάϐῃ
857 4496 916 4532 σε
965 4478 1126 4549 βουλὴ
1159 4479 1329 4550 κακὴ,
1361 4481 1394 4551 ἡ
1421 4480 1792 4537 ἀπολείπουσα
1822 4483 1966 4536 διδα-

2068 4501 2170 4556 pro
2195 4501 2319 4553 ove,
2351 4486 2406 4540 in
2449 4486 2638 4556 lupum
2670 4489 3015 4544 revolvamur
3041 4497 3097 4544 et
3124 4488 3450 4545 incidamus.
3486 4509 3503 4541 ι
3531 4489 3642 4557 Qui

392 4569 625 4622 σκαλίαν
661 4571 929 4639 νεότητος.
964 4566 1058 4632 Οἷς
1082 4570 1189 4645 γὰρ
1229 4569 1304 4640 μὴ
1340 4570 1576 4640 ὑπάρχει
1605 4570 1959 4642 κυϐέρνησις,

393 4660 689 4713 πίπτουσιν
718 4659 792 4722 ὡς
823 4659 996 4727 φύλλα
1021 4675 1033 4688 ·
1073 4660 1316 4731 σωτηρία
1345 4659 1402 4713 δὲ
1436 4660 1673 4731 ὑπάρχει
1703 4663 1761 4714 ὲν
1792 4662 1964 4734 πολλῇ

394 4752 583 4825 βουλῇ.
611 4751 827 4822 Ὥσπερ
847 4751 953 4820 γὰρ
982 4750 1133 4813 πόλις
1160 4751 1487 4820 ἀτείχιστος,
1522 4751 1697 4815 οὕτως
1724 4753 1861 4824 ἀνὴρ
1889 4753 1964 4825 μὴ

395 4842 536 4914 μετὰ
568 4841 761 4911 βουλῆς
801 4841 1060 4910 πράσσων
1094 4856 1146 4892 τι
1206 4859 1226 4891 ι
1276 4841 1335 4894 '0
1364 4841 1456 4894 τοῦ
1497 4842 1631 4895 Θεοῦ
1679 4844 1966 4913 συνόμιλος

391 4933 656 5002 Μωῦσῆς,
678 4933 779 4984 οὐκ
803 4930 1114 5000 ἀπηξίωσεν
1136 4931 1233 5000 τῆς
1258 4932 1591 5000 συμϐουλίας
1630 4934 1724 4986 τοῦ
1753 4935 1957 5003 Ἰοθὼρ,

392 5022 528 5076 ἀλλά
551 5023 643 5075 καὶ
672 5023 771 5075 ὅσα
801 5019 953 5074 εἶπεν
979 5021 1146 5093 αύτῷ,
1182 5021 1436 5087 εὐδοκῶν,
1468 5024 1645 5078 πάντα
1679 5026 1959 5097 ἐποίησεν,

391 5114 486 5166 καὶ
520 5114 619 5166 οὐκ
650 5114 854 5184 ἐπῆρεν
885 5112 1046 5164 αὐτὸν
1086 5114 1117 5182 ή
1147 5112 1385 5182 τοσαύτη
1414 5114 1542 5180 δόξα
1571 5116 1663 5169 τοῦ
1691 5117 1824 5170 Θεοῦ
1866 5120 1962 5173 καὶ

393 5206 502 5258 τῶν
529 5204 850 5276 ἀνθρώπων.
870 5206 979 5258 Καὶ
1009 5205 1142 5259 ότδν
1165 5206 1400 5277 Χριστὸν
1434 5207 1571 5280 ἔχων
1592 5211 1648 5262 ὲν
1672 5210 1849 5282 ἑαυτῷ
1865 5212 1960 5266 λα-

334 5358 345 5362 _
391 5295 587 5347 λοῦντα
632 5294 844 5359 Παῦλος
874 5298 903 5349 ὁ
952 5296 1250 5360 ἀπόστολος
1310 5300 1474 5368 φησὶν
1510 5299 1643 5371 πρὸς
1675 5302 1953 5369 Γαλάταςο

398 5405 417 5437 ι
465 5386 691 5455 ’Λνέϐην
725 5388 804 5449 εἰς
842 5387 1214 5459 Ἰερουσαλὴμ,
1256 5390 1346 5441 καὶ
1380 5389 1650 5462 ἀνεθέμην
1681 5394 1863 5457 αὐτοῖς
1895 5396 1957 5449 τὸ

392 5476 750 5547 Εὐαγγέλιον,
795 5479 825 5532 6
871 5479 1149 5552 κηρύσσω,
1191 5483 1311 5535 κατ’
1344 5481 1482 5536 ίδίαν
1513 5483 1569 5536 δὲ
1612 5486 1724 5547 τοῖς
1772 5485 1955 5541 δοκοῦ-

457 5625 505 5658 ⁸⁵
528 5625 691 5705 Ρῐοχ.
718 5624 955 5705 minuti].
983 5628 1074 5705 _“
1102 5628 1217 5705 Iac:
1254 5645 1333 5693 tv,
1370 5629 1423 5683 6.
1500 5630 1549 5705 ’ζ
1567 5629 1817 5705 1011.13,
1868 5634 1966 5705 _19.

2069 5634 2090 5666 ⁸
2125 5635 2195 5691 ill
2228 5636 2359 5700 Reg.
2388 5652 2485 5701 ιιι,
2512 5635 2736 5705 passim.
2812 5638 2854 5670 ³⁸
2877 5636 2982 5690 lsa.
3008 5652 3154 5700 ms,
3186 5636 3271 5691 15.

388 5707 606 5774 xxxvii,
627 5692 682 5748 9.
755 5695 795 5726 δ’
824 5696 956 5750 ibid.
983 5696 1036 5751 7.
1109 5699 1154 5731 δ’
1185 5692 1345 5755 Prov.
1374 5716 1488 5766 χιιι,
1523 5700 1611 5758 20.
1691 5702 1734 5734 ⁸³
1756 5692 1925 5759 Eccli.
1954 5720 1966 5758 ι

2068 5720 2121 5771 ιι,
2155 5705 2243 5762 50.
2310 5692 2364 5739 ’⁸⁸
2386 5692 2547 5762 Ριηόιῖ
2578 5722 2659 5774 ιιι,
2699 5706 2748 5760 1.

390 5763 627 5832 ιιν,28.

2065 4577 2213 4630 enim
2242 4577 2494 4647 graditur
2518 4593 2642 4632 cum
2682 4580 3043 4650 sapientibus,
3073 4581 3291 4651 sapiens
3311 4582 3416 4636 erit
3440 4599 3455 4649 ;
3503 4582 3640 4638 stul-

2065 4668 2137 4722 tis
2167 4683 2231 4722 ac
2267 4668 2627 4723 clementibus
2652 4684 2848 4726 sensus
2882 4680 2967 4727 est
3005 4673 3304 4742 proclivior
3324 4673 3391 4733 δ’.
3424 4694 3443 4727 ι
3483 4674 3639 4732 Salo-

2064 4778 2193 4818 mon
2227 4779 2392 4817 vero:
2435 4782 2453 4816 ι
2490 4764 3016 4831 Quiscducitrectos
3044 4766 3098 4822 in
3128 4767 3216 4822 via
3249 4768 3411 4833 mala,
3435 4769 3487 4824 in
3514 4785 3639 4825 cor-

2064 4857 2375 4925 ruptionem
2409 4856 2527 4927 ipse
2576 4856 2981 4912 devolvetur".
3019 4875 3037 4910 ι
3078 4858 3310 4916 lterum:
3347 4880 3365 4911 ι
3404 4860 3529 4927 Fili,
3563 4876 3635 4916 ne

2069 4955 2121 5002 te
2144 4947 2525 5017 apprehendat
2562 4949 2852 5003 consilium
2904 4950 3131 5016 malum,
3181 4952 3329 5022 quod
3373 4953 3637 5022 relinquit

2066 5038 2380 5094 doctrinam
2404 5041 2804 5112 juventutis“:
2833 5042 3036 5113 quibus
3061 5043 3206 5097 enim
3235 5060 3345 5098 non
3391 5044 3636 5114 suppetit

2066 5130 2415 5201 gubernatio,
2442 5131 2699 5187 foliorum
2727 5134 2901 5189 instar
2940 5134 3226 5197 decidunt,
3269 5134 3418 5189 salus
3450 5142 3633 5191 autem

2065 5221 2242 5287 adest,
2305 5222 2398 5277 ubi
2452 5225 2622 5278 multa
2672 5225 2903 5279 consilia
2924 5225 3003 5277 “z
3052 5225 3197 5279 sicut
3246 5225 3393 5279 enim
3445 5227 3639 5284 civitas

2064 5314 2236 5369 nullis
2261 5316 2441 5369 cincta
2483 5317 2780 5380 moenibus,
2813 5316 2889 5369 ita
2924 5316 3016 5385 qui
3041 5316 3324 5387 quidpiam
3375 5318 3486 5383 agit
3513 5320 3637 5373 sine

2063 5406 2293 5461 consilio
2315 5407 2381 5460 ⁸⁸.
2412 5427 2431 5458 ι
2470 5407 2699 5477 Moyses,
2735 5407 2827 5476 qui
2862 5415 2969 5461 tam
3005 5406 3353 5461 familiariter
3368 5425 3491 5463 cum
3522 5409 3634 5465 Deo

2062 5492 2422 5561 loquebatur,
2444 5495 2769 5562 neutiquam
2794 5495 3107 5565 repudiavit
3125 5497 3416 5552 consilium
3437 5497 3634 5554 Jothor

3384 5634 3429 5667 ‘°
3460 5634 3627 5696 Eccli.

2858 5707 2903 5738 "
2927 5705 3087 5762 Prov.
3122 5723 3194 5775 xi,
3224 5707 3308 5762 H.
3401 5705 3446 5738 “
3468 5705 3633 5768 Prov.
