3986 6148
463 379 595 445 1087

1727 394 2093 459 ANTIOCHI
2130 390 2473 461 MONACHI

3558 383 3669 448 168-8

461 493 557 548 Sed
581 509 918 564 qua-cunque
948 496 1121 565 ipsius
1144 499 1316 553 relatu
1345 501 1557 568 didicit,
1587 506 1823 576 explevit
1843 524 2031 578 opere,

2148 530 2246 577 σιν,
2284 512 2358 582 μή
2392 527 2507 572 πως
2544 508 2620 571 εἰς
2654 507 2806 559 κενὸν
2831 501 3088 575 τρέχω,ἣ
3117 500 3372 570 ἔδραμον.
3396 515 3412 547 ι
3450 494 3503 547 '0
3527 495 3672 562 λέγων

461 584 655 638 eadem
691 587 1058 655 comprobatus
1084 606 1096 640 :
1126 606 1301 659 neque
1330 592 1458 647 hinc
1489 594 1542 648 in
1600 598 1913 666 superbiam
1942 616 2037 654 ex-

462 675 587 729 tulit
613 690 691 741 se,
721 686 871 731 tanta
895 679 1096 748 alioqui
1129 681 1271 750 apud
1312 683 1479 737 Deum
1511 695 1567 739 et
1612 687 1867 743 homines
1903 705 2032 760 per-

378 780 383 784 ‘
460 765 663 824 fruitus
695 769 867 837 gloria
893 770 954 821 ‘7.
986 771 1093 826 Sed
1124 783 1177 826 et
1202 775 1401 829 Paulus
1432 779 1731 845 apostolus,
1754 780 2035 837 Christum

460 856 516 910 in
544 873 601 911 se
623 859 938 928 loquentem
967 863 1061 930 qui
1089 863 1346 923 habebat.
1375 867 1451 918 ait
1481 867 1716 923 Calatis:
1750 890 1765 919 ι
1798 872 2032 927 Λεσριιάἰ

464 948 516 1002 in
538 949 865 1015 Jerusalem,
896 963 950 1007 et
975 955 1183 1008 Contuli
1208 971 1329 1010 cum
1364 957 1446 1011 eis
1505 959 1859 1029 Evangelium
1889 964 2035 1033 quod

461 1044 721 1112 praedico,
756 1062 1004 1103 seorsum
1047 1052 1230 1104 autem
1268 1050 1353 1107 his
1382 1042 1476 1123 qui
1527 1038 1858 1111 videbant?”
1892 1074 2034 1125 esse,

461 1150 531 1187 ne
558 1134 696 1190 forte
726 1137 779 1190 in
814 1153 1013 1192 vanum
1047 1155 1329 1196 currerem
1372 1151 1468 1198 aut
1518 1146 1973 1203 eucurrissem”.
2012 1169 2030 1201 ι

461 1223 529 1277 Et
554 1224 598 1279 is
631 1227 724 1294 qui
760 1226 893 1282 dicit
917 1243 975 1282 se
1012 1245 1120 1283 non
1153 1230 1221 1284 ab
1264 1231 1581 1289 hominibus
1604 1236 1886 1303 didicisse,
1941 1240 2036 1294 sed

462 1331 561 1383 per
582 1317 971 1373 revelationcm
1003 1319 1131 1374 Jesu
1162 1320 1393 1388 Christi,
1428 1325 1567 1377 nihil
1606 1328 1875 1395 gravatim
1913 1330 2040 1383 tulit

463 1420 587 1457 cum
619 1407 1012 1476 condiscipulis
1041 1409 1316 1472 conferre,
1336 1413 1551 1467 consilii
1583 1415 1808 1469 ineundi
1843 1418 2037 1486 gratia.

462 1495 654 1567 Neque
684 1499 832 1552 enim
865 1501 1083 1569 privato
1109 1502 1325 1573 judicio
1365 1510 1576 1560 tantum
1602 1508 1706 1563 sibi
1735 1510 1827 1563 uni
1850 1509 2042 1563 tribuit

463 1588 699 1653 iidu'ciz'e,
720 1591 928 1647 veritus
953 1608 1020 1646 ne
1053 1592 1106 1647 in
1131 1610 1331 1649 vanum
1364 1607 1616 1660 curreret
1643 1606 1737 1653 aut
1762 1599 2043 1653 cucurris-

2140 604 2214 675 μὴ
2234 601 2542 672 διδαχθῆναι
2572 600 2698 671 παρ’
2720 595 2817 652 ave
2828 596 3030 668 ρώπου,
3065 591 3202 647 ά).λὰ
3222 590 3288 644 δι’
3312 585 3671 654 ἀποκαλύψεως

2149 692 2322 764 Ἰησοῦ
2368 691 2628 763 Χριστοῦ,
2663 691 2765 743 οὐκ
2814 686 3126 757 ἀπηξίωσεν
3160 678 3562 751 συμϐουλεύσας
3583 678 3673 735 τοῖς

2139 784 2523 854 συμμαθηταῖς
2580 780 2768 836 αὑτοῦ.
2817 778 2950 832 Οὐδὲ
2992 777 3100 848 γὰρ
3140 772 3321 844 ἐαυτῷ
3368 772 3671 832 ἐπίστευσεν,

2138 873 2467 942 φοϐούμενος
2502 873 2576 943 μὴ
2628 874 2706 936 είς
2735 871 2891 925 κενὸν
2925 870 3118 941 τρέχῃ,
3147 867 3179 936 ἢ
3216 866 3472 935 ἔδραμεν.
3513 860 3673 928 Ἡμεῖς

2136 966 2191 1019 δὲ
2229 968 2277 1019 oi
2304 967 2378 1037 μὴ
2405 964 2789 1034 γινώσκοντες,
2818 963 2944 1016 ποία
2974 960 3122 1024 δεξιὰ
3150 958 3184 1024 ἦ
3211 953 3498 1026 ἀριστερὰ,
3525 949 3675 1021 πολλῷ

2143 1058 2344 1130 μᾶλλον
2372 1058 2662 1127 ὀφείλομεν
2690 1057 2873 1110 πάντα
2905 1055 3045 1124 μετὰ
3072 1051 3301 1121 γνώμης
3333 1049 3439 1100 τῶν
3470 1060 3678 1111 πνευμα·

2137 1153 2304 1205 τικῶν
2332 1150 2489 1221 ἡμῶν
2523 1148 2782 1218 Πατέρων
2812 1146 3071 1219 πράττειν
3091 1182 3109 1205 ,
3141 1140 3307 1211 φοὸού
3317 1156 3469 1208 μενοι
3493 1136 3548 1188 τὺ
3571 1134 3679 1186 ὑπό-

2138 1247 2337 1314 δειγμα
2387 1242 2481 1296 τοῦ
2528 1240 2876 1295 Ἀποστὸλου·
2917 1239 3012 1292 καὶ
3048 1236 3197 1306 πάσῃ
3229 1232 3442 1301 σπουδῇ
3472 1232 3535 1300 τῇ
3565 1245 3679 1297 συμ-

2141 1337 2325 1408 ϐουλίᾳ
2361 1334 2712 1405 χρησάμενον
2749 1332 2807 1383 ἐν
2857 1329 3048 1401 μηδενὶ
3085 1318 3424 1398 θαρροῦντες
3476 1320 3679 1380 ἑαυτοῖς,

2139 1428 2173 1500 ἢ
2207 1425 2549 1488 πιστεύοντες
2577 1424 2688 1485 τοῖς
2713 1422 2989 1490 λογισμοῖς
3008 1417 3190 1487 ἡμῶν,
3208 1414 3345 1467 ἀλλὰ
3372 1409 3683 1481 στοιχοῦντες

2140 1521 2205 1589 τῇ
2249 1516 2526 1586 συμϐουλῇ
2582 1515 2676 1568 καὶ
2735 1515 2801 1583 τῇ
2845 1511 3022 1582 κρίσει
3058 1508 3163 1562 τῶν
3198 1506 3303 1578 πρὸ
3350 1503 3505 1576 ἡμῶν
3536 1500 3685 1554 Πατέ-

2145 1588 2274 1678 ριον,
2308 1607 2518 1677 μήποτε
2570 1589 2966 1673 ἐμπαιχδῶμεν
3011 1597 3115 1651 ὑπὸ
3145 1595 3256 1649 τῶν
3308 1588 3688 1678 πονηρῶνδαιξ

463 1688 564 1734 set.
601 1681 713 1735 Nos
739 1694 945 1748 autem,
972 1700 1111 1754 quos
1140 1687 1275 1757 latet
1298 1705 1419 1759 qua:
1444 1688 1514 1744 sit
1554 1698 1651 1744 aut
1683 1690 1909 1744 dextera
1946 1698 2043 1744 aut

2410 1697 2498 1758 Ὠς
2549 1694 2658 1763 γὰρ
2713 1692 2961 1746 Θὲλουσιν
3015 1684 3584 1757 μετασχηματιζουσιν
3628 1676 3686 1731 τὰ

462 1770 708 1830 sinistra.
733 1783 940 1841 quanto
961 1778 1174 1846 aequius
1200 1787 1286 1833 est
1312 1780 1449 1835 nihil
1483 1781 1662 1835 moliri
1699 1779 1883 1851 operis
1915 1780 2042 1835 abs-

2148 1791 2468 1861 πρὰγματα,
2504 1788 2740 1858 μάλιστα
2766 1788 2879 1850 τοῖς
2907 1784 3006 1848 τὰς
3036 1782 3234 1852 τέχνας
3271 1776 3457 1831 αὐτῶν
3487 1776 3557 1845 μὴ
3587 1774 3690 1825 ἐπι.

461 1878 571 1931 que
612 1865 984 1933 spiritualium
1057 1869 1285 1925 Patrum
1353 1872 1621 1928 arbitratu
1678 1880 1733 1927 et
1783 1871 2038 1937 consilio,

2148 1857 2516 1953 σταμένοις,ῆ
2558 1877 2877 1932 πεποιοόσιν
2917 1876 3011 1930 ἐπὶ
3044 1873 3123 1944 τῷ
3151 1873 3291 1942 τόξῳ
3334 1870 3427 1924 καὶ
3472 1867 3548 1936 τῷ
3577 1866 3690 1935 βρα-

462 1960 714 2029 cxemplo
743 1962 875 2016 tanti
904 1962 1062 2019 istius
1086 1965 1370 2039 Apostoli?
1391 1970 1487 2025 sed
1514 1971 1663 2025 omni
1694 1970 1880 2025 studio
1918 1970 2042 2027 illo-

2148 1976 2283 2047 κίονι
2305 1973 2503 2026 αὐτῶν.
2540 1970 2638 2025 Διὰ
2668 1969 2776 2041 γὰρ
2810 1969 2908 2038 τῆς
2942 1962 3328 2025 ταπεινώσεως
3357 1956 3691 2012 ἐπελεύσεται

464 2067 584 2107 rum
617 2055 849 2112 consilio
883 2059 987 2123 usi,
1020 2076 1141 2132 non
1188 2062 1319 2117 item
1352 2064 1404 2117 in
1451 2080 1509 2118 re
1555 2065 1752 2134 quavis
1804 2065 2044 2125 nitentes

2148 2042 2230 2134 ἐφ’
2257 2065 2402 2133 ἡμᾶς
2432 2065 2466 2129 ἡ
2504 2061 2666 2131 χάρις
2695 2057 2791 2112 τοῦ
2822 2058 2979 2125 ἁγίου
3021 2051 3369 2133 [λνεύματοςο
3406 2045 3584 2107 καθὼς
3611 2042 3693 2095 καὶ

422 2171 425 2173 >
463 2153 651 2201 nostra
680 2148 1050 2218 qualicunque
1079 2152 1395 2220 prudentia,
1431 2164 1525 2209 aut
1549 2154 1789 2225 pr0priis
1833 2154 2041 2225 cogita-

2148 2155 2174 2207 ὑ
2203 2152 2406 2223 Κύριος
2430 2150 2668 2214 ἐδίδαξεν
2702 2148 2851 2219 ἡμᾶς
2888 2146 3061 2213 λέγων
3085 2160 3097 2173 ·
3139 2162 3158 2194 ι
3196 2143 3366 2209 Ὀταν
3390 2134 3694 2225 προσφέρωῖ

464 2236 711 2292 tionibus
760 2240 922 2296 fidem
976 2247 1480 2311 accommodantes,
1534 2248 1707 2319 magis
1753 2257 1937 2302 autem
1974 2247 2043 2302 ad

2148 2258 2226 2294 σιν
2282 2219 2427 2310 ύμᾶς
2475 2236 2571 2291 ἐπὶ
2617 2236 2717 2299 τὰς
2740 2232 3097 2301 συναγωγὰς,
3133 2228 3228 2319 καί
3267 2227 3368 2319 τάς
3398 2219 3694 2319 άρχὰς,κα“ι

463 2342 656 2382 eorum
693 2331 785 2400 qui
843 2345 1090 2389 nostram
1138 2337 1283 2392 hanc
1335 2347 1756 2394 anteverterunt
1801 2347 2041 2405 astatcm,

2148 2333 2240 2395 τὰς
2278 2329 2547 2397 ἐξουσίας,
2598 2324 2673 2397 μὴ
2725 2324 3100 2395 μεριμνήσητε
3143 2318 3262 2415 πῶς
3292 2310 3696 2415 ἥιτίῄάπολογήῖ

464 2420 761 2475 consilium
803 2422 1181 2493 decretumve,
1232 2444 1334 2484 ceu
1364 2429 1431 2486 ad
1461 2445 1687 2500 scopum
1723 2440 1873 2486 recta
1929 2430 2046 2484 col-

2148 2422 2322 2477 σεσθε.
2359 2420 2433 2472 Τὸ
2481 2418 2589 2488 γὰρ
2646 2416 2802 2483 ἆγιον
2836 2412 3061 2482 Πνεῦμα
3100 2408 3298 2472 διδάξει
3328 2406 3473 2475 ὑμᾶς
3499 2407 3555 2456 ἐν
3575 2401 3695 2505 cura

463 2508 758 2578 lincemus,
793 2530 860 2570 ne
896 2515 1037 2572 forte
1067 2518 1349 2590 contingat
1386 2495 1649 2577 insidiosa
1701 2520 2044 2591 malignitate

2148 2517 2207 2587 τῇ
2243 2513 2363 2585 ὥρᾳ
2404 2511 2440 2566 ἃ
2472 2512 2552 2564 δεῖ
2579 2511 2776 2563 εἰπεῖν.
2816 2526 2833 2559 ι
2866 2505 3025 2578 Αὐτῷ
3057 2506 3090 2575 ἡ
3136 2501 3264 2567 δόξα
3305 2501 3390 2563 είς
3421 2498 3544 2559 τοὺς
3579 2495 3697 2548 αἰῶ·-

464 2598 775 2658 daemonum
820 2604 982 2661 nobis
1022 2607 1201 2663 illudi.
1233 2610 1340 2665 Pro
1371 2626 1468 2666 sua
1505 2612 1653 2667 enim
1708 2610 2045 2667 veteratoria
2141 2624 2257 2670 νας·
2295 2606 2488 2676 ’Δμήνο
3478 2684 3483 2685 ,
3737 2681 3742 2685 .

466 2693 750 2750 voluntate
783 2713 871 2753 res
902 2699 1175 2769 quaslibet
1195 2701 1250 2756 in
1271 2703 1432 2758 aliam
1456 2703 1691 2759 subinde
1720 2709 2037 2775 permutant
2073 2698 2328 2761 formam,
2389 2695 2445 2749 in
2516 2709 2708 2751 eorum
2761 2691 2996 2746 maxime
3042 2692 3336 2758 prospectu
3394 2684 3491 2754 qui
3568 2694 3702 2736 com-

467 2789 752 2847 mentitias
775 2802 921 2848 artes
952 2793 1170 2849 illorum
1228 2811 1337 2851 non
1396 2797 1691 2853 admodum
1720 2798 1858 2854 scite
1889 2796 2112 2859 callent,
2138 2801 2233 2848 aut
2270 2791 2364 2861 qui
2389 2790 2531 2860 plus.
2547 2804 2706 2859 aequo
2735 2787 2989 2841 nituntur
3028 2781 3226 2837 ﬁducia
3259 2780 3345 2835 sui
3393 2794 3552 2834 arcus
3599 2776 3703 2830 sive

468 2883 706 2938 brachii.
740 2885 804 2940 In
838 2904 938 2943 nos
981 2890 1129 2944 enim
1184 2906 1284 2960 per
1333 2892 1724 2959 humilitatem,
1781 2892 1920 2950 sidit
1975 2907 2039 2946 ac
2075 2886 2352 2945 delabitur
2411 2882 2587 2940 sancti
2677 2879 2920 2951 Spiritus
3002 2876 3201 2948 gratia,
3254 2868 3701 2960 quemadmodum

471 2989 576 3027 nos
607 2974 831 3031 edocuit
875 2978 1142 3046 Dominus
1186 2959 1213 3036 7:
1290 3001 1307 3033 ι
1343 2970 1479 3038 Cum
1523 2984 1857 3039 adduxerim
1906 2998 2005 3037 vos
2039 2980 2107 3036 ad
2146 2991 2449 3051 synagogas
2482 2983 2538 3030 et
2566 2972 2911 3045 principatus
2938 2976 2995 3023 et
3019 2972 3345 3038 potestates,
3377 2963 3547 3019 nolite
3574 2959 3706 3030 cogi-

471 3073 588 3121 tare
621 3068 896 3135 quomodo
917 3079 1011 3125 aut
1038 3071 1170 3140 quid
1196 3062 1609 3143 respondeatis:
1645 3074 1885 3144 Spiritus
1901 3073 2048 3128 enim
2087 3080 2314 3126 sanctus
2347 3066 2568 3123 docebit
2604 3079 2705 3120 vos
2768 3063 2825 3118 in
2852 3061 2944 3117 illa
2983 3060 3119 3115 hora
3150 3056 3286 3128 quid
3346 3072 3448 3112 vos
3474 3059 3705 3124 oporteat

472 3157 659 3212 dicere
680 3158 740 3208 "9.
776 3177 793 3209 ι
859 3159 963 3228 Ipsi
1023 3163 1196 3231 gloria
1257 3175 1313 3219 et
1372 3165 1663 3234 imperium
1711 3167 1766 3220 in
1821 3166 2051 3221 saecula.
2083 3163 2277 3218 Amen.

832 3252 874 3320 1
888 3254 1046 3325 160
1084 3255 1367 3312 HOMILIA
1407 3257 1694 3314 LXXXIV.

1056 3346 1135 3402 De
1170 3350 1463 3405 insomniis.

545 3434 664 3489 .lam
697 3435 918 3504 quando
976 3438 1231 3493 nonnulli
1272 3450 1401 3494 sunt
1456 3441 1550 3511 qui
1612 3457 1710 3511 per
1740 3442 1846 3496 hoc
1899 3440 2053 3511 quod

479 3524 641 3578 fidem
698 3526 1018 3582 habuerunt
1078 3529 1400 3595 insomniis,
1454 3547 1484 3585 a
1541 3532 1877 3587 rectitudine
1949 3532 2050 3587 vim

476 3615 700 3670 abducti
722 3615 776 3670 in
811 3616 1102 3685 pudendos
1148 3635 1372 3675 errores
1408 3621 1775 3687 deﬂexerunt,
1821 3622 2049 3692 hujusce

476 3707 556 3761 rei
587 3707 761 3777 gratia
792 3709 1187 3781 submonemus
1210 3728 1327 3777 vos,
1347 3712 1714 3777 dilectissimi,
1736 3730 1806 3769 ne
1829 3712 2049 3783 quando

478 3798 791 3854 istiusmodi
826 3801 1098 3873 aerivagis
1148 3811 1205 3858 et
1269 3804 1704 3860 multiformibus
1757 3790 2049 3860 insomniis

476 3891 843 3948 commodetis
905 3893 1094 3949 ﬁdem.
1147 3894 1288 3951 Sunt
1342 3895 1489 3950 enim
1544 3896 1663 3950 haec
1709 3894 1857 3950 aliud
1906 3894 2046 3949 nihil

476 3987 1208 4058 quammentisimplanata:
1253 4003 1317 4042 ac
1370 3985 1681 4042 deerrantis
1729 3986 2047 4052 simulacra,

478 4074 923 4146 imaginationes,
956 4066 1014 4133 et
1040 4077 1405 4135 frustratoria:
1433 4077 1836 4133 ludiﬁcationes
1856 4091 2048 4146 repro-

476 4165 676 4221 borum
699 4166 1033 4232 daemonum,
1049 4168 1211 4223 nobis
1243 4179 1304 4223 ut
1325 4167 1615 4237 imponant
1638 4175 1693 4222 et
1722 4167 2045 4237 implanent;

477 4257 559 4312 sic
592 4258 795 4313 misere
820 4258 1079 4314 seductos
1123 4268 1185 4313 ut
1224 4260 1471 4314 inescent
1518 4258 1638 4313 istis
1672 4255 2049 4312 delinimentis

476 4357 643 4416 atque
678 4347 980 4413 oblectent,
1027 4356 1089 4401 ut
1127 4347 1392 4417 deinceps
1420 4347 1574 4400 nullo
1604 4345 1830 4416 negotio
1870 4345 2048 4401 homi-

477 4453 601 4493 nem
631 4439 953 4509 pertrahant
994 4440 1061 4496 ad
1090 4439 1357 4519 captanda
1385 4438 1659 4496 lenocinia
1709 4438 2049 4493 illecebrosae

474 4530 795 4599 voluptatis,
816 4532 970 4602 juxta
997 4533 1225 4587 verbum
1253 4530 1408 4587 Jud:e
1438 4528 1670 4599 apostoli
1712 4528 1901 4592 Jacobi
1937 4528 2049 4583 fra-

480 4623 601 4686 tris,
638 4622 706 4677 de
738 4624 1009 4695 ejusmodi
1041 4624 1395 4694 quibusdam,
1420 4621 1687 4678 dicentis:
1731 4640 1749 4672 ι
1787 4620 2051 4675 Similiter

477 4723 536 4770 et
562 4714 620 4767 hi
652 4716 922 4771 insomnia
950 4732 1049 4771 sua
1072 4725 1367 4779 sectantes,
1409 4730 1632 4773 carnem
1665 4713 1889 4785 quidem
1942 4727 2073 4768 ιιιειοι

480 4804 688 4869 culant,
715 4804 1149 4861 dominationem
1179 4816 1360 4861 autem
1392 4814 1682 4875 spernunt,
1716 4804 2055 4872 majestatem

480 4908 616 4947 vero
648 4893 1121 4963 blasphemant“.
1161 4916 1180 4948 ι
1216 4896 1579 4952 Ecclesiastes
1610 4894 1740 4948 item
1785 4891 2055 4961 praecipit,

481 4986 711 5051 dicens:
751 5006 770 5039 ι
797 4988 1211 5044 Insomniumin
1242 4986 1597 5042 multitudine
1632 4984 1972 5048 tcntationis,
2003 4991 2060 5039 et

479 5097 586 5135 vox
608 5081 763 5136 stulti
795 5082 851 5136 in
886 5081 1244 5136 mtiltitudine
1286 5093 1601 5134 sermonum
1623 5080 1689 5135 δί.
1723 5097 1739 5129 ι
1798 5075 2054 5134 luducit:

489 5190 506 5219 ι
545 5170 623 5225 Ne
654 5170 752 5226 des
778 5188 839 5228 os
873 5181 1026 5227 tuum
1058 5179 1116 5225 ut
1142 5185 1399 5226 exertare
1436 5168 1604 5223 facias
1634 5183 1854 5223 carnem
1886 5176 2058 5232 tuam,

374 5284 398 5297 --
484 5267 635 5313 utne
657 5259 928 5314 irascatur
959 5259 1103 5315 Deus
1136 5274 1302 5330 super
1335 5273 1469 5312 voce
1502 5265 1616 5323 tua,
1653 5265 1710 5311 et
1742 5264 2061 5324 corrumpat

483 5349 704 5406 labores
763 5366 1024 5406 manuum
1096 5361 1350 5417 tuarum,
1413 5348 1545 5421 quia
1604 5348 1659 5402 in
1707 5346 2063 5404 multitudine

486 5444 829 5499 somniorum
897 5453 953 5499 et
1019 5445 1325 5500 vanitatum
1369 5451 1427 5498 et
1470 5456 1790 5508 sermonum
1862 5439 2062 5494 multo-

489 5537 696 5590 rum".
752 5555 772 5588 ι
828 5537 985 5592 Jcsus
1054 5537 1185 5591 item
1241 5534 1436 5591 Sirach
1486 5534 1667 5590 ﬁlius:
1728 5531 2059 5587 «Insomnia

487 5628 1150 5698 extolluntiarprudentes
1164 5629 1228 5683 ⁵³.
1266 5648 1284 5680 ι
1315 5627 1517 5683 Infert:
1543 5645 1561 5680 ι
1586 5624 2059 5693 Quemadmodum

2734 3246 2953 3307 ΛΟΓΟΣ
3002 3247 3122 3299 ΠΔἎ

2676 3338 2816 3407 Περὶ
2846 3337 3168 3391 ἐνυπνίων.

2233 3434 2449 3504 Ἐπειδή
2508 3449 2652 3495 τινες
2701 3427 3170 3502 ἐμπιστεύσαντες
3219 3423 3516 3486 ἐνυπνίοις,
3580 3434 3704 3488 παρ-

2149 3526 2469 3596 ετράπησαν
2489 3525 2586 3595 τῆς
2608 3521 2826 3584 εὐθείας
2850 3520 2993 3585 ὁδοῦ,
3011 3518 3198 3572 τούτου
3221 3518 3380 3587 χάριν
3411 3511 3705 3585 ὑπομιμνή·

2151 3635 2353 3688 σκομεν
2391 3617 2558 3686 ὑμᾶς,
2596 3598 2889 3682 ἀγαπητοὶ,
2937 3611 3012 3673 ὡς
3060 3610 3121 3662 οὗ
3165 3608 3269 3679 χρὴ
3322 3606 3523 3677 ῥᾳδίως
3557 3607 3701 3674 ἐμπι-

2152 3710 2375 3766 στεύσαι
2390 3711 2504 3772 τοῖς
2522 3704 2879 3777 ἀστροπόλοις
2911 3703 3005 3756 καὶ
3031 3697 3408 3768 πολυσχιδέσιν
3431 3695 3702 3755 ἐνυπνίοις.

2149 3798 2335 3854 Ταῦτα
2366 3798 2471 3868 γὰρ
2500 3796 2651 3861 οὐδὲν
2690 3792 2878 3865 ἔτερόν
2927 3793 3068 3845 είσιν
3099 3789 3133 3859 ἣ
3158 3788 3400 3851 διανοίας
3433 3781 3704 3852 πλανωμέ-

2149 3908 2246 3963 νης
2279 3889 2593 3959 ἰνδάλματα,
2623 3888 2717 3941 καὶ
2754 3884 3068 3956 φαντασίαι,
3099 3883 3195 3936 καὶ
3225 3881 3391 3951 χλεύη
3424 3878 3532 3932 τῶν
3558 3892 3705 3944 πονη-

2152 3985 2262 4055 ρῶν
2284 3982 2572 4053 δαιμόνων,
2605 3979 2741 4050 πρὸς
2776 3977 2837 4031 τὸ
2866 3972 3182 4030 ἀπατᾶσθαι
3212 3974 3379 4043 ἡμᾶς,
3413 3971 3508 4024 καὶ
3534 3966 3708 4055 siaute-

2148 4053 2357 4128 λουθεῖν
2398 4071 2577 4125 αὐτῶν
2622 4072 2732 4132 τοῖς
2780 4068 3132 4137 δελεάσμασι,
3160 4063 3347 4117 λοιπὸν
3390 4061 3451 4114 δέ
3500 4060 3584 4113 ἵνα
3624 4053 3735 4121 καὶ,

2150 4164 2286 4234 πρὸς
2318 4161 2509 4234 ἡδονὴν
2550 4157 2906 4229 κατασύρωσι
2947 4156 3038 4209 τὸν
3071 4153 3378 4225 ἄνθρωπον,
3410 4153 3488 4214 ὼς
3520 4144 3707 4216 λέγειὸ

2149 4255 2445 4319 ἀπόστολος
2479 4253 2681 4316 Ἰούδας
2712 4252 2741 4304 ὁ
2782 4248 3043 4304 Ἰακώὸου
3080 4247 3210 4317 περί
3246 4262 3407 4298 τινων
3444 4240 3703 4297 τοιούτων.

2148 4350 2288 4422 Φησὶ
2320 4349 2466 4421 γάρ·
2506 4367 2525 4400 ι
2573 4344 2809 4416 Ὁμοίως
2858 4342 3042 4414 μέντοι
3085 4339 3181 4393 καὶ
3215 4332 3363 4392 οὗτοι
3407 4329 3705 4393 ἐνυπνιαζό-

2152 4459 2327 4513 μενοι,
2355 4442 2533 4512 σάρκα
2568 4438 2664 4509 μέν
2692 4436 2986 4507 μιαίνουσι,
3012 4431 3340 4503 κυριότητας
3366 4429 3425 4481 δὲ
3451 4422 3706 4483 άϐετοῦσι,

2100 4572 2117 4601 ._
2151 4535 2309 4601 δόξας
2341 4532 2398 4586 δέ
2431 4528 2833 4601 βλασφημοῦσι.
2871 4544 2891 4577 ι
2937 4526 2995 4578 '0
3032 4523 3088 4576 δὲ
3129 4518 3582 4590 Ἐκκλησιαστὴς,
3620 4531 3709 4566 πα-

2156 4622 2438 4696 ραγίνεται
2470 4621 2578 4690 γάρ
2612 4618 2805 4686 λέγων’
2838 4634 2857 4667 ‹
2910 4613 3189 4668 Ἐνύπνιον
3218 4614 3275 4664 ἐν
3304 4610 3506 4679 πλήθει
3537 4619 3711 4696 πειραέ

2155 4695 2317 4785 σμοῦ,
2370 4711 2465 4765 καὶ
2515 4708 2665 4778 φωνὴ
2712 4708 2946 4776 ἄφρονος
2989 4707 3047 4758 ἐν
3086 4702 3281 4772 πλήθει
3309 4701 3509 4770 λόγων.
3555 4718 3573 4750 ι
3617 4695 3712 4749 Καὶ

2155 4806 2399 4872 ἐπάγει·
2436 4823 2454 4855 ι
2492 4800 2585 4873 Μὴ
2636 4799 2741 4869 δῷς
2767 4801 2828 4851 τὸ
2876 4798 3051 4867 στόμα
3102 4812 3194 4849 σου
3247 4788 3713 4864 ἐξαμαρτεῖντὴν

2158 4897 2335 4966 σάρκα
2365 4910 2478 4946 σουο
2512 4892 2600 4945 ἵνα
2631 4891 2705 4961 μὴ
2750 4887 2979 4958 ὀργισθῇ
3025 4887 3053 4940 ὁ
3079 4885 3209 4948 Θεὸς
3255 4880 3350 4937 ἐπὶ
3405 4883 3559 4950 φωνῇ
3604 4894 3706 4939 σου,

2157 4987 2251 5042 καὶ
2280 4983 2570 5055 διαφθείρῃ
2603 4980 2672 5034 τὰ
2704 4980 2985 5050 ποιήματα
3013 4975 3122 5029 τῶν
3163 4975 3366 5045 χειρῶν
3403 4990 3524 5037 σου,
3556 4972 3635 5024 ὅτι
3664 4968 3713 5019 ὲν

2160 5077 2354 5148 πλήθει
2381 5072 2649 5128 ἐνυπνίων
2699 5070 2795 5124 καὶ
2843 5069 3219 5140 ματαιοτήτων
3258 5065 3356 5120 καὶ
3396 5065 3574 5132 λόγων
3602 5058 3717 5114 πολ-

2156 5169 2290 5224 λῶν.
2329 5187 2347 5220 ι
2407 5165 2521 5219 Καὶ
2579 5165 2607 5216 ὁ
2656 5161 2750 5217 τοῦ
2797 5160 2995 5231 Σειράχ
3050 5174 3252 5229 φησιν,
3290 5156 3370 5209 ὅτι
3428 5155 3719 5209 «Ἐνύπνια

2157 5256 2554 5329 ἀναπτεροῦσιν
2582 5253 2843 5324 ἄφρονας.
2880 5268 2899 5302 ι
2939 5251 3048 5303 Καὶ
3088 5247 3360 5320 ἐπιφέρει,
3394 5264 3414 5297 ι
3455 5240 3718 5313 Ὥσπερὸ

2157 5350 2528 5422 δρασσόμενος
2574 5330 2753 5409 σκιὰς,
2787 5342 2883 5400 καὶ
2915 5344 2943 5396 ὁ
2972 5341 3177 5409 διάγων
3216 5339 3472 5409 ἀνέμους,
3504 5332 3719 5396 οὖτωςό

2167 5443 2381 5512 ἐπέχων
2412 5438 2702 5500 ἐνυπνίοις.
2743 5434 2877 5487 Ἀπὸ
2901 5433 3008 5503 γὰρ
3034 5430 3260 5502 ψεύδους
3297 5427 3348 5480 τί
3385 5424 3673 5496 ἀληθεύει;
3697 5436 3714 5471 ι

2168 5534 2279 5589 Καὶ
2310 5532 2492 5585 πάλινο
2530 5549 2548 5582 ι
2590 5530 2877 5588 Μαντεῖαι,
2908 5524 3004 5577 καὶ
3031 5521 3309 5591 οἰωνισμοὶ
3329 5558 3343 5581 ,
3376 5518 3472 5571 καὶ
3509 5516 3719 5569 ἐνύπνια

2171 5622 2378 5693 μάταιὰ
2411 5623 2558 5674 ἐστι·
2605 5616 2832 5680 πολλοὺς
2868 5614 2977 5684 γὰρ
3019 5611 3328 5680 ἐπλάνησαν
3368 5607 3436 5659 τά
3483 5604 3716 5658 ἐνύπνια.

562 5737 603 5766 ⁸⁷
635 5737 805 5809 Exod.
839 5738 1209 5809 avunpassim.
1289 5738 1523 5794 “Galat.
1553 5755 1611 5803 ιι,
1634 5740 1687 5793 2.
1764 5738 1809 5769 ⁸³
1835 5737 2027 5793 Matth.

2148 5737 2223 5793 ιι).
2298 5737 2341 5769 ⁸ο
2372 5735 2496 5791 Jud.
2535 5734 2599 5789 8.’
2664 5734 2705 5764 ⁵¹
2733 5731 2988 5794 Eoclmv,
3016 5726 3069 5779 2.
3147 5724 3416 5779 "ibid.5.
3497 5726 3531 5755 δ’
3571 5712 3717 5774 Ecca:

493 5818 670 5871 Kxxn‘,
696 5807 740 5859 ι.
