3986 6148
394 319 525 385 iCS’Q

1348 328 1675 391 ΗΟΜΠᾸΑ
1713 330 2023 392 LXXXIV.
2058 356 2128 367 --
2158 328 2257 389 DE
2296 319 2726 388 INSOMNIIS.

3534 319 3669 387 1090

387 436 482 487 xui
508 431 765 496 ἐξέπεσον
795 432 1101 495 ἐλπίζοντες
1129 431 1219 485 ἐπ’
1246 432 1450 496 αὐτοῖς.
1493 453 1511 486 ι
1560 436 1685 488 Ἐὰν
1709 434 1804 488 οὖν
1828 435 1967 504 ὀφθῇ

2096 437 2168 505 ιιιὶ
2208 449 2394 505 pugno
2425 438 2609 500 eaptat
2634 429 2861 484 umbras
2889 439 2944 483 et
2971 426 3554 498 persequiturrentos,
3585 427 3665 480 sic

388 540 492 579 τινι
526 523 636 579 τῶν
669 522 1110 594 ἀγωνιζομένων,
1147 522 1181 593 ἢ
1213 524 1348 593 φῶς,
1380 523 1413 595 ἢ
1454 525 1642 596 σχῆμά
1666 544 1719 579 τι
1753 542 1975 597 πυροει-

390 617 515 678 δὲς,
573 615 843 688 μηδαμῶς
904 614 1299 679 καταδεξάσθω
1347 615 1408 668 τὸ
1463 617 1705 671 τοιοῦτον
1758 619 1967 689 ὅραμα.

401 708 612 779 Ἀπάτη
659 708 768 779 γάρ
828 708 946 793 ἐστι
999 709 1184 778 σαφὴς
1233 708 1297 761 ἐκ
1351 706 1454 776 τῆς
1491 709 1847 778 κακοτεχνίας
1878 709 1971 763 τοῦ

390 798 608 870 ὲχθροῦ.
654 800 826 853 Τοῦτο
859 798 1127 870 δὲσαφῶς
1167 800 1261 853 καὶ
1285 800 1314 852 ὁ
1363 800 1688 864 ’Δπόστολος
1730 801 1975 855 διδάσκει

393 893 562 962 ἡμᾶς,
602 911 620 943 t
652 893 744 955 Εἰς
777 892 1007 959 ἄγγελον
1038 892 1216 961 φωτὸς
1259 910 1277 943 ι
1321 891 1479 944 αὑτὸν
1510 891 1683 959 λέγων
1709 909 1984 962 μετασχη-

399 981 746 1053 ματίζεσθαι.
782 984 965 1036 Καλὸν
994 980 1086 1036 οὖν
1135 984 1252 1035 ἔστι
1296 982 1403 1051 πρὸ
1444 981 1614 1035 ὕπνου
1660 983 1753 1035 ἐπὶ
1793 982 1980 1052 κοίτης

397 1074 477 1136 είς
509 1073 881 1144 φυλακτήριον
904 1072 1108 1143 ψυχῆς,
1134 1073 1230 1127 καὶ
1258 1072 1694 1143 φυγαδευτήριον
1721 1074 1820 1142 τῆς
1846 1073 1982 1126 πλά-

396 1180 498 1234 νης
540 1162 795 1234 εὔχεσθαι
832 1165 933 1236 τὴν
973 1166 1143 1236 εὐχὴν
1176 1164 1379 1235 ταύτην
1402 1178 1417 1194 '

2082 526 2176 596 qui
2208 525 2448 581 intendit
2477 522 2789 584 insomniis,
2818 537 2847 575 a
2875 518 3140 573 meudace
3176 519 3323 572 enim
3351 517 3485 586 quid
3511 532 3672 588 egre-

2077 617 2265 672 dietur
2307 614 2626 670 veritatis“
2657 613 2680 667 ?
2717 631 2735 664 ι
2794 612 3003 666 lterum
3049 626 3063 663 :
3108 626 3127 660 ι
3164 609 3549 663 Divinationes
3612 614 3671 662 et

2079 708 2313 779 auguria
2333 716 2390 762 et
2419 705 2693 760 insomnia
2718 718 2860 757 vana
2881 711 3034 763 sunt,
3071 701 3277 755 multos
3293 699 3442 754 enim
3477 712 3669 753 errare

2081 800 2337 855 fecerunt
2367 797 2662 859 insomnia,
2689 803 2746 849 et
2773 793 3100 848 exciderunt
3131 807 3283 861 spem
3316 800 3588 860 ponentes
3612 790 3670 844 in

2084 892 2166 948 eis
2183 892 2250 944 ⁸³.
2294 910 2313 942 ι
2344 889 2403 944 Si
2439 889 2680 958 cuipiam
2714 887 2881 956 igitur
2908 892 3150 939 vestrum
3177 884 3271 952 qui
3310 883 3366 936 in
3416 883 3521 936 hoc
3555 882 3673 951 spi-

2086 981 2279 1037 rituali
2305 980 2541 1035 desudat
2591 994 2787 1049 agone,
2825 992 2884 1031 se
2944 974 3230 1030 visendam
3277 973 3546 1029 obtulerit
3575 981 3672 1026 aut

2087 1074 2183 1128 lux
2207 1081 2303 1127 aut
2330 1072 2437 1126 alia
2460 1070 2672 1140 qumvis
2703 1070 2876 1138 figura
2910 1066 3206 1135 imaginem
3265 1071 3677 1131 repraesentans

2092 1166 2256 1237 ignis,
2282 1164 2437 1218 nullo
2463 1168 2627 1232 pacto
2656 1158 2929 1229 ejusmodi
2961 1166 3246 1227 spcctrum
3292 1157 3439 1210 sinat
3487 1155 3678 1209 animo

400 1258 758 1315 illabizaliud
781 1260 931 1314 enim
961 1260 1017 1315 id
1043 1259 1288 1314 nihilest
1315 1275 1481 1329 quam
1535 1246 1820 1315 luculenta
1845 1257 2017 1326 fraus,
2055 1259 2291 1315 subdola
2339 1266 2456 1313 arte
2517 1254 2728 1311 inimici
2785 1252 3137 1308 concinnata.
3188 1249 3306 1303 Hoc
3371 1247 3674 1317 perspicue

402 1353 1032 1424 δοοθιηοεΑΡοεῑοῙιιετ
1092 1353 1225 1408 dum
1286 1354 1489 1408 astruit
1552 1353 1829 1423 impurum
1887 1354 2044 1407 illum
2085 1353 2266 1408 solere
2319 1366 2379 1406 se
2432 1348 2829 1419 transﬁgurare
2886 1364 2906 1397 ι
2946 1344 3001 1398 in
3063 1340 3318 1411 angelum
3380 1338 3608 1393 lucis".
3648 1351 3673 1384 ν

401 1445 686 1501 Proluerit
736 1444 932 1515 igitur,
957 1445 1281 1515 priusquam
1331 1443 1614 1515 carpendo
1661 1444 1848 1514 sopori
1902 1443 1957 1498 in
2000 1442 2173 1499 cubili
2222 1441 2396 1497 dedas
2431 1448 2508 1504 te,
2542 1437 2612 1494 ad
2651 1436 2850 1491 animae
2896 1435 3142 1489 salutare
3172 1427 3487 1484 antidotum
3520 1435 3577 1482 et
3604 1426 3675 1481 ad

401 1538 773 1595 amoliendam
807 1547 865 1594 et
892 1538 1329 1609 propulsandam
1362 1538 1432 1592 ab
1467 1553 1532 1592 ea
1566 1537 1876 1592 daemonum
1907 1536 2293 1606 imposturam,
2319 1541 2381 1588 ut
2412 1548 2540 1589 ores
2572 1528 2886 1586 orationem
2916 1527 3062 1582 hanc
3088 1546 3103 1584 :

341 1716 345 1720 ἢ
473 1632 903 1702 Παντοκράτωρ
932 1634 1087 1701 Δότε
1133 1631 1240 1686 τοῦ
1283 1630 1537 1698 Πατρός,
1580 1633 1614 1685 ὁ
1646 1632 1985 1697 αὐτοτελὴς

404 1726 550 1793 Θεὸς
586 1728 783 1795 Ἰησοῦ
814 1725 1052 1795 Χριστὲ,
1082 1726 1156 1780 τὰ
1178 1724 1366 1794 ταχέα
1395 1721 1828 1791 σουίσπλὰχνα
1869 1725 1985 1790 Ἰη-

2161 1627 2502 1698 Omnipotens
2533 1623 2755 1679 Verbum
2780 1621 2957 1676 Patris
2976 1617 3018 1684 ι,
3060 1625 3243 1689 tuapte
3267 1626 3466 1672 natura
3501 1614 3645 1685 perfe

2091 1728 2204 1774 ctus
2227 1719 2366 1773 Deus
2392 1716 2519 1771 Iesu
2552 1713 2796 1778 Christe;
2822 1727 2917 1782 per
2962 1711 3163 1765 viscera
3206 1718 3322 1770 tua,
3349 1707 3476 1763 Iesu
3522 1707 3676 1768 bone,

403 1821 541 1885 σοῦ,
577 1825 610 1874 d
628 1820 935 1889 μηδέποτε
966 1816 1356 1889 χωριζόμενος
1397 1817 1518 1870 τῶν
1559 1815 1690 1870 σῶν
1718 1813 1985 1880 οἰκετῶν,

2096 1828 2214 1883 quae
2241 1812 2311 1866 ad
2342 1807 2758 1865 misericordiam
2789 1804 3199 1877 propensissima
3226 1810 3387 1865 sunt;
3410 1802 3502 1870 qui
3535 1815 3659 1853 nun-

403 1911 542 1966 ἀλλ’
572 1912 663 1965 ἀεὶ
696 1912 766 1964 ἐν
790 1910 998 1977 αὐτοῖς
1033 1910 1515 1977 ἀναπαυόμενος,
1562 1907 1770 1975 Ἰησοῦ
1799 1908 1831 1960 ὀ
1855 1921 1975 1959 ποια

398 2004 528 2073 μὴν
565 2006 598 2057 d
632 2003 822 2069 καλὸς
866 2000 987 2056 τῶν
1032 2000 1161 2055 σῶν
1192 1998 1522 2068 προϐάτωνν
1558 1998 1645 2067 μὴ
1700 1995 1986 2066 παραδῴς

400 2113 476 2166 με
513 2095 587 2163 τῇ
634 2094 945 2162 ἐπιϐουλῇ.
976 2094 1082 2149 τοῦ
1128 2093 1340 2162 ὄφεως,
1380 2089 1539 2162 μηδὲ
1577 2089 1654 2161 τῇ
1704 2090 1986 2160 ἐπιθυμίᾳ

404 2187 510 2242 τοῦ
543 2186 781 2242 Σατανᾶ
821 2188 1164 2254 καταλίπῃς
1209 2202 1323 2253 με,
1366 2185 1456 2238 ὅτι
1494 2184 1734 2253 σπέρμα
1759 2179 1988 2252 φθορᾶς

404 2280 678 2349 πέφυκεν
719 2280 790 2333 ἐν
830 2279 1011 2345 αὐτῷ.
1047 2278 1130 2333 Σὺ
1158 2274 1292 2344 οὖν,
1335 2279 1533 2346 Κύριε,
1570 2274 1839 2341 βασιλεῦ
1870 2288 1986 2327 πα·-

404 2374 592 2443 νάγιε.
636 2375 671 2428 d
724 2366 868 2436 Θεὸς
921 2370 1432 2438 δ’προσκυνητὸς
1482 2368 1681 2436 Ἰησοῦ
1732 2364 1985 2435 Χριστὲ,

405 2465 778 2519 καθεύδοντά
804 2481 883 2533 με
911 2462 1188 2533 φύλαξον
1214 2462 1291 2531 τῇ
1320 2461 1595 2528 ἀθανάτῳ
1635 2477 1751 2514 σου
1778 2456 1989 2527 βου.ῐῇ

405 2553 610 2620 καὶτῷ
642 2555 945 2625 Πνεύματι
993 2571 1110 2608 σου
1157 2552 1236 2618 τῷ
1266 2553 1432 2621 ἁγίῳ,
1470 2545 1519 2619 ᾧ
1554 2550 1816 2619 ηγίασας
1844 2548 1990 2614 τοὺς

405 2647 560 2713 σοὺς
600 2647 896 2716 μαθητὰς,
933 2646 1236 2714 ῥυόμενός
1278 2660 1356 2712 με
1390 2643 1459 2697 ἐκ
1502 2641 1611 2709 τῆς
1659 2640 1989 2708 ἐπιϐουλῆς

406 2738 515 2792 τοῦ
558 2713 771 2808 ὄφεως,
806 2713 1015 2804 Δὸςδέ
1043 2713 1145 2807 ⁸μοι
1177 2734 1258 2801 τῷ
1301 2735 1529 2802 ἀναξίῳ
1555 2733 1675 2802 τὴν
1701 2713 2002 2804 omnia;

408 2844 513 2883 σιν
553 2828 661 2881 τοῦ
705 2827 1004 2895 σωτηρίου
1053 2841 1171 2880 σου
1213 2823 1312 2877 ἐπὶ
1342 2823 1454 2894 τῆς
1486 2823 1695 2891 κοίτης
1719 2840 1861 2892 μου,
1889 2821 1988 2875 καί

407 2920 675 2991 φώτισόν
708 2937 841 2990 -μου
889 2918 1000 2973 τὸν
1044 2916 1198 2972 γοῦν
1241 2916 1320 2982 τῷ
1362 2915 1508 2985 φωτί
1548 2914 1661 2982 τῆς
1714 2913 1991 2983 ’γνώσεως

408 3012 516 3066 τοῦ
546 3009 915 3080 Εὐαγγελίου
939 3025 1076 3063 σου.
1106 3004 1232 3076 Τὴν
1259 3008 1474 3077 ψυχήν
1490 3024 1610 3075 μου
1641 3005 1710 3058 ὲν
1736 3003 1810 3071 τῇ
1841 3003 1989 3067 ἀγά-

410 3118 496 3171 πῃ
525 3102 631 3157 τοῦ
654 3101 922 3169 σταυροῦ
942 3114 1080 3155 σου’
1109 3099 1225 3168 τὴν·
1255 3098 1508 3166 καρδίαν
1525 3115 1645 3167 μου
1678 3096 1748 3149 ἐν
1782 3094 1854 3162 τῇ
1887 3110 1993 3147 κα-

2092 1922 2255 1977 quam
2279 1923 2311 1958 a
2341 1900 2556 1973 famulis
2578 1901 2681 1953 tuis
2705 1907 2754 1951 te
2782 1897 3065 1967 disjungis,
3087 1894 3177 1948 sed
3197 1895 3253 1946 in
3280 1893 3405 1962 ipsis
3433 1891 3663 1960 conquie

2091 2000 2227 2055 scis:
2254 2012 2451 2068 quaso,
2486 1993 2679 2050 Pastor
2707 1991 2838 2045 bone
2860 1988 3032 2043 ovium
3068 1997 3305 2051 tuarum,
3335 1983 3471 2049 Iesu,
3500 1998 3566 2035 ne
3595 1996 3682 2035 me

2093 2088 2280 2142 tradas
2307 2084 2576 2140 insidiosa:
2609 2078 2939 2150 malignitati
2970 2076 3247 2146 serpentis,
3278 2089 3380 2127 neu
3408 2074 3556 2127 sinas
3593 2087 3682 2124 me

2090 2179 2336 2248 intercipi
2383 2173 2805 2245 concupiscentia
2838 2169 3093 2223 Satanan
3142 2183 3319 2221 semen
3372 2167 3514 2219 enim
3561 2178 3680 2217 cor-

2092 2269 2315 2342 ruptelte
2339 2270 2395 2323 in
2429 2268 2542 2338 ipso
2575 2269 2901 2336 prognatum
2951 2267 3048 2312 est.
3106 2257 3182 2312 Tu
3212 2256 3396 2327 igitur,
3452 2253 3680 2307 Domine

2094 2366 2189 2430 mi,
2218 2379 2310 2418 rea:
2363 2359 2719 2422 sanctissime,
2773 2356 2918 2411 Deus
2942 2351 3215 2409 adorande
3264 2347 3393 2402 Iesu
3446 2345 3675 2409 Christe,

2094 2458 2297 2514 custodi
2321 2472 2403 2510 me
2429 2453 2799 2515 dormientem,
2825 2445 3120 2502 immortali
3144 2452 3232 2496 tuo
3272 2437 3491 2494 consilio
3507 2454 3529 2503 ;
3556 2444 3677 2490 tuo-

2094 2566 2194 2622 que
2222 2554 2406 2602 sancto
2433 2543 2657 2613 Spiritu,
2683 2556 2786 2611 quo
2810 2548 2925 2593 tuos
2954 2535 3075 2591 illos
3120 2529 3470 2598 sanctiﬁcasti
3516 2526 3678 2579 disci-

2095 2642 2265 2712 pulos.
2292 2639 2479 2694 Exime
2497 2651 2578 2688 me
2606 2632 2864 2703 serpentis
2889 2627 3193 2685 veteratorii
3215 2622 3444 2678 insidiis.
3464 2618 3674 2688 1161

2096 2707 2223 2790 Ililti
2254 2726 2541 2803 quamlibet
2572 2726 2789 2794 indigno
2818 2721 3098 2792 impertire
3136 2715 3389 2788 gaudium
3429 2710 3505 2763 tui
3531 2707 3685 2763 salu-

2097 2827 2229 2880 taris
2268 2825 2325 2877 in
2354 2819 2511 2877 cubili
2546 2835 2684 2880 meo,
2717 2822 3047 2882 mentemque
3083 2824 3257 2885 meam
3306 2804 3524 2858 illustra
3565 2799 3682 2854 luce

2096 2912 2408 2984 cognitionis
2439 2902 2720 2974 Evangelii
2760 2903 2859 2956 tui.
2908 2899 3159 2954 Animam
3198 2909 3370 2948 meam
3429 2893 3485 2943 in
3513 2888 3681 2943 dilec-

2098 3006 2238 3058 tione
2265 3007 2465 3055 sanctae
2502 3004 2609 3049 tute
2637 2993 2846 3056 crucis;
2903 3005 2994 3043 eor
3049 3001 3225 3040 meum
3272 2983 3327 3035 in
3376 2980 3682 3035 sinceritate

2096 3095 2374 3150 uerborum
2407 3097 2658 3149 tuorum;
2714 3098 2903 3152 corpus
2948 3094 3124 3133 meum
3153 3077 3209 3128 in
3248 3073 3492 3145 passione
3551 3079 3682 3134 tua;

411 3195 691 3263 θαρότητι
718 3161 824 3248 τοέ
857 3193 1046 3262 λόγου
1079 3161 1217 3245 σοιν
1250 3161 1540 3257 τὸνονῶμά⁷
1553 3206 1672 3255 μου
1694 3188 1764 3241 ἐν
1795 3184 1876 3249 τῷ
1901 3182 1991 3248 σῷ

2096 3187 2250 3256 idque
2282 3197 2375 3252 per
2405 3179 2638 3250 gratiam
2662 3180 2765 3225 tua:
2809 3165 3288 3235 intpassibilitatis;
3328 3161 3679 3231 cogitationes

411 3284 603 3346 πάθει,
636 3282 711 3353 τῇ
733 3280 819 3352 σῇ
842 3282 1117 3349 ἀπαθείᾳ·
1156 3281 1298 3348 τοὺς
1326 3279 1656 3348 λογισμούς
1682 3294 1800 3347 μου
1826 3276 1895 3329 ἐν
1920 3274 1991 3343 τῇ

413 3374 498 3445 (νῇ
525 3375 733 3444 εἰρήνῃ
779 3373 1182 3444 διαφύλαξον·
1216 3371 1317 3427 καὶ
1351 3371 1580 3440 ἓγειρόν
1597 3385 1675 3437 με
1717 3369 1787 3420 ἐν
1812 3364 1996 3433 καιρῷ

412 3466 629 3530 εὐθέτῳ
662 3465 811 3533 πρὸς
840 3464 967 3532 σὴν
1011 3463 1390 3531 δοξολογ.”αν·
1435 3461 1524 3513 ὅτι
1555 3457 1995 3525 προσκυνητὸς

412 3557 471 3611 εἴ
489 3556 585 3611 καί
618 3555 1062 3624 δεδοξασμένος
1112 3554 1236 3608 σὺν
1276 3553 1356 3617 τῷ
1390 3549 1573 3618 Πατρὶ
1606 3548 1707 3603 καὶ
1734 3548 1828 3614 .τῴ
1851 3548 1997 3617 ἁγίῳ

415 3650 715 3717 Πνεύματι
749 3650 835 3713 εις
862 3646 1002 3712 τοὺς
1028 3644 1268 3710 αἰῶνας.
1313 3641 1513 3712 Ἀμήν.

486 3739 611 3799 Εἰσὶ
636 3736 692 3791 δὲ
719 3736 945 3790 ἐνύπνια
983 3735 1077 3788 καὶ
1110 3733 1266 3797 ἄλλα,
1300 3726 1411 3786 οἷόν
1436 3748 1489 3784 τι
1517 3729 1594 3794 ὡς
1618 3729 1769 3795 λέγει
1791 3729 1818 3780 ὁ
1849 3726 1992 3781 ’ῐὼϐο

419 3849 440 3885 ε
489 3832 579 3885 Ἐν
605 3829 715 3901 γὰρ
746 3828 825 3900 τῷ
868 3827 1016 3894 ἅπαξ
1044 3826 1267 3897 λαλήσει
1311 3824 1518 3895 Κύριος
1542 3837 1556 3852 ⁶
1591 3825 1648 3876 ὲν
1677 3822 1735 3875 δὲ
1771 3820 1849 3893 τῷ
1873 3820 1997 3874 δευ-

415 3927 560 4001 τέρῳ
606 3924 841 3996 ἐνυπνίῳ
878 3922 954 3984 ὡς
992 3923 1121 3977 ὅταν
1156 3919 1414 3990 ἐμπίπτῃ
1474 3917 1640 3986 φόϐος
1675 3917 1734 3968 ὲν
1760 3913 1937 3968 νυκτί.
1970 3933 1989 3965 ι

426 4018 620 4087 Ἥμεϊς
654 4015 730 4080 δὲ,
757 4014 1057 4083 ἀγαπητοὶ,
1100 4011 1201 4064 οὐκ
1253 4008 1543 4079 ὀφείλομεν
1612 4004 1888 4058 πιστεύειν
1915 4046 1928 4069 ,
1962 4002 1994 4073 ἢ

418 4104 913 4176 συγκατατίθεσθαι
933 4105 1044 4166 τοῖς
1073 4100 1373 4163 ἐνυπνίοιςο
1403 4101 1452 4152 εί
1479 4097 1596 4164 καὶ,
1632 4098 1707 4160 ὡς
1735 4095 1901 4161 εἰκὸς,
1931 4095 1997 4148 ὲκ

418 4199 569 4262 θείας
602 4197 746 4261 τινὸς
792 4194 1190 4263 ἀποκαλύψεως
1222 4189 1589 4258 καταπεμφθῇ
1622 4189 1754 4257 ἡμῖν
1787 4187 1993 4265 ὅραμα,

421 4290 497 4360 μὴ
552 4288 884 4360 πρόσχωμεν
941 4283 1136 4353 τούτῳ,
1171 4282 1259 4336 ἵνα
1305 4280 1379 4350 μὴ
1430 4277 1551 4332 ἀντὶ
1591 4277 1767 4345 φωτὸς
1791 4275 1997 4329 καπνὸν

418 4374 1029 4445 ὑποδεξιῦμεθαόὐδὲν
1087 4371 1197 4442 γὰρ
1248 4371 1307 4423 ὲν
1359 4367 1535 4438 τούτῳ
1588 4365 1996 4434 παροργίζομεν

416 4471 510 4525 τὸν
529 4469 753 4541 Κύριον,
791 4467 925 4521 ἀλλὰ
955 4465 1155 4545 pagum
1188 4465 1282 4516 καὶ
1313 4457 1642 4528 ἀποδέξηται
1673 4458 1821 4526 ἡμᾶς
1858 4454 1995 4526 μετὰ

419 4562 588 4634 φόϐου
641 4559 1008 4629 φυλάττοντας
1055 4557 1148 4610 τὸν
1196 4551 1632 4623 ἐμπιστευθέντα
1683 4551 1814 4619 ἡμῖν
1868 4546 1997 4616 παρ’

418 4651 584 4708 αὐτοῦ
641 4649 935 4721 θησαυρόν.
976 4648 1086 4699 Καὶ
1118 4646 1341 4716 εἴχομεν
1365 4642 1533 4695 πολλὰ
1562 4641 1878 4710 διηγήματα
1911 4637 1999 4689 ἐλ-

421 4746 584 4800 θόντα
614 4746 694 4807 εἰς
738 4741 841 4811 ἐμὲ
889 4737 1097 4793 παλαιὰ
1149 4738 1243 4790 καὶ
1281 4735 1377 4789 νέα
1418 4733 1504 4803 ἐφ’
1530 4732 1687 4804 ἡμῶν
1737 4730 2002 4800 γινόμενα

422 4836 682 4909 περὶτῶν
711 4829 1118 4905 χλευασθέντων
1147 4828 1254 4884 ἀπὸ
1296 4825 1583 4887 ἐνυπνίων,
1611 4822 1705 4876 καὶ
1751 4820 2001 4883 ἐλεεινῶς

421 4928 796 4988 ἐκπεσόντων,
825 4920 1075 4978 ἐνθέσθαι
1109 4922 1172 4991 τῇ
1213 4916 1460 4989 παρούσῃ
1497 4917 1682 4985 γραφῇ
1731 4913 1868 4983 πρδς
1901 4912 2002 4963 ἀσ-

421 5021 648 5091 φάλειαν
696 5018 804 5073 τῶν
851 5013 1293 5084 ἐντυγχανόντων
1321 5027 1334 5039 ·
1381 5010 1497 5061 ἀλλ’
1533 5009 1616 5061 ἵνα
1652 5006 1726 5077 μὴ
1758 5004 2001 5058 ἐκπέσω-

425 5130 525 5183 μεν
574 5110 668 5164 τοῦ
723 5107 1087 5180 προκειμένου
1136 5105 1281 5174 ἡμῖν
1318 5099 1523 5154 σκοποῦ
1553 5140 1567 5162 ,
1597 5099 1654 5151 ἓν
1688 5099 1783 5150 καὶ
1844 5097 2002 5165 μόνον

423 5203 723 5273 κεφάλαιον
754 5199 1019 5272 παραθεὶς
1052 5193 1392 5250 καταπαύσω
1416 5193 1508 5273 τον
1540 5191 1717 5256 λόγον.
1757 5186 2004 5256 Ἐγένετό

428 5264 516 5359 τις
546 5264 895 5365 παράδειγμα
927 5289 1157 5362 μοναχὸς
1189 5291 1248 5340 ἐν
1279 5287 1358 5357 τῷ
1380 5264 1495 5356 opst
1517 5285 1594 5355 τῷ
1621 5283 1784 5352 Σινᾷ”
1811 5280 1868 5343 ὃς
1890 5296 2008 5332 τοσ-

429 5386 601 5458 αύτην
630 5386 958 5457 ἐγκράτειαν
991 5379 1424 5449 ἐπιδειξάμενος,
1452 5377 1547 5429 καὶ
1574 5377 1631 5428 ἐν
1660 5372 1879 5444 κελλίῳ,
1910 5371 2008 5423 καὶ

498 5598 541 5633 ⁸⁵
573 5594 932 5655 Ετιτῐίδιτκιν,
964 5590 1021 5645 ἳ.
1097 5588 1143 5622 ⁸⁵
1168 5586 1306 5643 ibid.
1328 5585 1382 5650 5,
1404 5586 1457 5639 7.
1532 5583 1577 5614 ⁸⁵
1602 5582 1645 5636 li
1683 5580 1810 5639 Cor.
1840 5596 1913 5648 ιι,
1949 5578 2034 5634 14.

519 5749 532 5792 ¹
570 5752 745 5810 Saeua
769 5736 935 5804 liabet
967 5747 1137 5803 editio
1164 5753 1351 5802 nostra
1383 5751 1439 5799 et
1469 5739 1639 5827 LXX1

2099 3292 2243 3331 meas
2272 3274 2327 3327 in
2358 3286 2486 3341 pace
2514 3275 2605 3320 tua
2626 3262 2826 3318 custodi
2849 3277 2866 3315 :
2896 3266 3193 3329 Opportuna
3221 3263 3457 3323 tempore
3486 3264 3680 3319 exper-

2097 3364 2321 3437 gefacito
2342 3340 2422 3413 me
2444 3358 2513 3412 ad
2540 3352 2950 3426 gloriﬁcandum
3002 3363 3190 3401 nomen
3230 3352 3399 3396 tuum.
3432 3340 3683 3394 Adoran-

2098 3429 2196 3510 dus
2223 3455 2363 3507 enim
2387 3459 2443 3503 tu
2470 3455 2518 3500 et
2541 3442 2922 3517 gloriﬁcandus
2955 3456 3076 3493 cum
3101 3437 3267 3491 Patre
3287 3442 3336 3488 et
3355 3439 3538 3487 sancto
3560 3429 3682 3500 Spi-

2098 3550 2205 3602 ritu
2230 3546 2286 3600 in
2315 3540 2532 3598 saecula.
2563 3538 2753 3594 Amen.

2169 3724 2310 3780 Sunt
2331 3719 2562 3792 proinde
2590 3726 2648 3775 et
2672 3717 2776 3773 alia
2801 3715 3097 3776 insomnia,
3116 3712 3280 3782 quale
3312 3707 3449 3764 illud
3483 3706 3550 3761 de
3572 3720 3686 3775 quo

2097 3817 2201 3874 Job
2226 3834 2240 3869 :
2272 3835 2289 3867 ι
2318 3815 2536 3871 Etenim
2568 3813 2735 3867 semel
2760 3812 3022 3879 loquetur
3042 3806 3332 3865 Dominus,
3359 3803 3414 3855 in
3439 3797 3686 3854 secundo

2098 3915 2282 3959 autem
2311 3901 2588 3957 insomnio
2609 3942 2623 3966 ,
2656 3899 2804 3953 sicut
2829 3913 2955 3951 cum
2987 3893 3246 3950 inciderit
3286 3892 3451 3945 timor
3492 3890 3548 3942 in
3589 3902 3687 3940 no-

2098 4004 2185 4051 cte
2198 3996 2266 4048 ⁵⁷.
2294 4015 2312 4047 ›
2333 3995 2444 4049 Νοε
2471 3992 2728 4064 proinde,
2760 3987 3253 4051 dilectissimi,non
3278 3981 3496 4036 facilem
3528 3993 3685 4033 com-

2099 4088 2323 4143 modare
2339 4087 2503 4142 ﬁdem
2527 4087 2797 4140 debemus
2813 4091 2908 4138 aut
2925 4078 3183 4135 assentiri
3213 4073 3528 4136 insomniis,
3552 4081 3690 4125 tam-

2098 4180 2203 4235 etsi
2227 4180 2282 4233 in
2301 4178 2541 4248 speciem
2556 4176 2734 4231 videri
2758 4174 2973 4245 possint
2989 4171 3056 4226 ad
3075 4184 3178 4224 nos
3195 4168 3416 4223 cmlitus
3448 4162 3688 4218 demissa

2099 4287 2220 4328 esse
2249 4272 2389 4341 (nisi
2417 4267 2847 4324 adsitdiscretio
2870 4264 3192 4334 spirituum,
3230 4267 3379 4313 certa
3401 4271 3505 4310 nec
3527 4255 3689 4308 fallax

2100 4367 2381 4435 interpres
2398 4362 2477 4416 rei
2494 4359 2648 4430 visae)
2666 4373 2735 4413 ne
2755 4373 2854 4427 pro
2879 4357 3002 4409 luce
3021 4354 3234 4407 fumum
3271 4351 3488 4403 inanem
3514 4354 3693 4414 capte-

2100 4454 2244 4507 mus.
2269 4451 2655 4518 Num,qu.7eso,
2689 4461 2787 4516 per
2819 4446 2925 4498 hoc
2952 4441 3351 4496 exacerbamus
3391 4437 3687 4491 adversum
3782 4442 3786 4446 '

2034 4542 2076 4596 D
2104 4558 2204 4598 nos
2231 4540 2555 4596 Dominum?
2575 4538 2727 4593 Adeo
2744 4536 2883 4589 nihil
2906 4535 3062 4587 illum
3086 4533 3189 4585 hac
3208 4545 3316 4584 una
3331 4516 3390 4583 re
3408 4542 3694 4596 exaspera-

2101 4642 2321 4697 mus,ut
2345 4632 2425 4686 illi
2447 4631 2615 4685 etiam
2640 4626 2813 4682 futuri
2847 4626 3023 4680 simus
3052 4623 3346 4694 gratiores,
3364 4618 3573 4697 quippe
3596 4617 3691 4686 qui

2099 4740 2222 4780 cum
2244 4726 2441 4779 timore
2458 4731 2513 4777 et
2527 4718 3027 4788 circumspectione
3047 4730 3148 4769 nec
3163 4710 3428 4767 mediocri
3451 4690 3696 4764 asserva-

2098 4834 2223 4873 mus
2237 4817 2556 4871 thesaurum
2575 4814 2642 4868 ab
2658 4814 2776 4882 ipso
2794 4810 2957 4865 nobis
2975 4804 3455 4863 conereditum.Et
3468 4801 3692 4872 quidem

2100 4924 2210 4963 non
2242 4922 2416 4978 pauca
2440 4907 2561 4975 ejus
2591 4902 2811 4975 generis
2844 4900 3095 4970 exempla
3126 4897 3406 4967 possimus
3433 4904 3694 4947 enarrare

2100 5016 2224 5070 (ιιιεε
2239 4999 2307 5053 ad
2327 5014 2428 5053 nos
2445 5012 2619 5067 usque
2639 5000 3043 5067 pervenerunt,
3062 5006 3185 5045 cum
3201 4997 3408 5048 vetera,
3423 4993 3693 5036 tumuova

2102 5069 2162 5145 ut
2178 5106 2300 5160 quae
2320 5098 2478 5143 {etate
2495 5090 2661 5141 etiam
2682 5086 2786 5140 hac
2802 5092 2993 5139 nostra
3011 5079 3386 5147 contigerunt,
3405 5072 3472 5125 de
3492 5071 3580 5124 his
3598 5069 3694 5138 qui

2105 5200 2204 5253 per
2219 5181 2489 5237 insomnia
2506 5178 2915 5234 ludificationes
2934 5173 3247 5227 dmmonum
3271 5161 3516 5234 perpessi
3540 5169 3692 5221 sunt,

2104 5286 2159 5332 et
2185 5277 2383 5331 misere
2404 5274 2776 5330 conciderunt
2805 5283 2903 5338 per
2923 5267 3085 5319 (idem
3109 5259 3352 5314 habitam
3376 5253 3688 5310 insomniis.

2105 5370 2247 5427 Sane
2275 5368 2392 5424 haec
2436 5363 2697 5436 praesenti
2736 5360 2947 5429 scripto
2997 5352 3258 5409 venirent
3287 5344 3586 5403 inserenda
3625 5343 3692 5398 ad

2106 5578 2149 5610 ⁵⁷
2175 5576 2278 5633 Iob
2306 5589 2493 5639 χχχιιι,
2533 5572 2596 5625 l5
