  <div class='ocr_page' id='page_1' title='image "/cluster/home/n/w/nwhite01/storage/ocr_20150623/89/mdp.39015008868328/873.png"; bbox 0 0 3986 6148; ppageno 0'>
   <div class='ocr_carea' id='block_1_1' title="bbox 478 316 611 417">
    <p class='ocr_par' dir='ltr' id='par_1_1' title="bbox 478 316 611 417">
     <span class='ocr_line' id='line_1_1' title="bbox 478 316 611 417; baseline -0.008 -34"><span class='ocrx_word' id='word_1_1' title='bbox 478 316 611 417; x_wconf 67' lang='grc' dir='ltr'><strong>ιοθι</strong></span> 
     </span>
    </p>
   </div>
   <div class='ocr_carea' id='block_1_2' title="bbox 1740 321 2491 382">
    <p class='ocr_par' dir='ltr' id='par_1_2' title="bbox 1740 321 2491 382">
     <span class='ocr_line' id='line_1_2' title="bbox 1740 321 2491 382; baseline 0.003 -2"><span class='ocrx_word' id='word_1_2' title='bbox 1740 321 2107 382; x_wconf 74' lang='lat' dir='ltr'><strong>ANTIOCHI</strong></span> <span class='ocrx_word' id='word_1_3' title='bbox 2148 321 2491 382; x_wconf 77' lang='lat' dir='ltr'><strong>MONACHI</strong></span> 
     </span>
    </p>
   </div>
   <div class='ocr_carea' id='block_1_3' title="bbox 2906 222 2931 241">
    <p class='ocr_par' dir='ltr' id='par_1_3' title="bbox 2906 222 2931 241">
     <span class='ocr_line' id='line_1_3' title="bbox 2906 222 2931 241; baseline 0 0"><span class='ocrx_word' id='word_1_4' title='bbox 2906 222 2931 241; x_wconf 71' lang='grc' dir='ltr'><strong><em>ο</em></strong></span> 
     </span>
    </p>
   </div>
   <div class='ocr_carea' id='block_1_4' title="bbox 3560 321 3665 387">
    <p class='ocr_par' dir='ltr' id='par_1_4' title="bbox 3560 321 3665 387">
     <span class='ocr_line' id='line_1_4' title="bbox 3560 321 3665 387; baseline 0.019 -2"><span class='ocrx_word' id='word_1_5' title='bbox 3560 321 3665 387; x_wconf 68' lang='grc' dir='ltr'><em>ιωῖ</em></span> 
     </span>
    </p>
   </div>
   <div class='ocr_carea' id='block_1_5' title="bbox 471 424 2036 509">
    <p class='ocr_par' dir='ltr' id='par_1_5' title="bbox 471 435 2036 509">
     <span class='ocr_line' id='line_1_5' title="bbox 471 435 2036 509; baseline 0.001 -14"><span class='ocrx_word' id='word_1_6' title='bbox 471 440 743 495; x_wconf 75' lang='lat' dir='ltr'><strong>cautelam</strong></span> <span class='ocrx_word' id='word_1_7' title='bbox 773 436 1099 508; x_wconf 72' lang='lat' dir='ltr'><strong>legentium.</strong></span> <span class='ocrx_word' id='word_1_8' title='bbox 1140 435 1209 491; x_wconf 83' lang='lat' dir='ltr'><strong>At</strong></span> <span class='ocrx_word' id='word_1_9' title='bbox 1255 452 1325 493; x_wconf 89' lang='lat' dir='ltr'><strong>ne</strong></span> <span class='ocrx_word' id='word_1_10' title='bbox 1361 439 1646 509; x_wconf 81' lang='lat' dir='ltr'><strong>proposito</strong></span> <span class='ocrx_word' id='word_1_11' title='bbox 1680 439 1842 494; x_wconf 89' lang='lat' dir='ltr'><strong>nobis</strong></span> <span class='ocrx_word' id='word_1_12' title='bbox 1874 442 2036 497; x_wconf 85' lang='lat' dir='ltr'><strong>semel</strong></span> 
     </span>
    </p>
   </div>
   <div class='ocr_carea' id='block_1_6' title="bbox 2143 424 3749 509">
    <p class='ocr_par' dir='ltr' id='par_1_6' title="bbox 2148 424 3749 509">
     <span class='ocr_line' id='line_1_6' title="bbox 2148 424 3749 509; baseline 0.001 -15"><span class='ocrx_word' id='word_1_13' title='bbox 2148 439 2622 509; x_wconf 81' lang='grc' dir='ltr'>ὲπικεκλεισμένος</span> <span class='ocrx_word' id='word_1_14' title='bbox 2654 438 2746 492; x_wconf 69' lang='grc' dir='ltr'><strong>ἐπὶ</strong></span> <span class='ocrx_word' id='word_1_15' title='bbox 2775 437 2870 509; x_wconf 74' lang='grc' dir='ltr'><strong>ἔτη</strong></span> <span class='ocrx_word' id='word_1_16' title='bbox 2910 437 3077 491; x_wconf 73' lang='grc' dir='ltr'>πολλὰ</span> <span class='ocrx_word' id='word_1_17' title='bbox 3097 479 3112 500; x_wconf 90' lang='grc'>,</span> <span class='ocrx_word' id='word_1_18' title='bbox 3138 436 3360 508; x_wconf 74' lang='grc' dir='ltr'>ὕστερον</span> <span class='ocrx_word' id='word_1_19' title='bbox 3386 437 3668 506; x_wconf 79' lang='grc' dir='ltr'>διαϐολικαίς</span> <span class='ocrx_word' id='word_1_20' title='bbox 3744 424 3749 429; x_wconf 19' lang='grc' dir='ltr'>δ</span> 
     </span>
    </p>
   </div>
   <div class='ocr_carea' id='block_1_7' title="bbox 471 529 2044 601">
    <p class='ocr_par' dir='ltr' id='par_1_7' title="bbox 471 529 2044 601">
     <span class='ocr_line' id='line_1_7' title="bbox 471 529 2044 601; baseline 0.002 -16"><span class='ocrx_word' id='word_1_21' title='bbox 471 545 641 600; x_wconf 76' lang='lat' dir='ltr'><strong>scopo</strong></span> <span class='ocrx_word' id='word_1_22' title='bbox 660 529 1000 595; x_wconf 68' lang='lat' dir='ltr'><strong>excidemus,</strong></span> <span class='ocrx_word' id='word_1_23' title='bbox 1036 544 1207 584; x_wconf 92' lang='lat' dir='ltr'><strong>unum</strong></span> <span class='ocrx_word' id='word_1_24' title='bbox 1239 530 1345 585; x_wconf 89' lang='lat' dir='ltr'><strong>hoc</strong></span> <span class='ocrx_word' id='word_1_25' title='bbox 1370 540 1426 585; x_wconf 89' lang='lat' dir='ltr'><strong>et</strong></span> <span class='ocrx_word' id='word_1_26' title='bbox 1455 531 1631 585; x_wconf 87' lang='lat' dir='ltr'><strong>solum</strong></span> <span class='ocrx_word' id='word_1_27' title='bbox 1662 533 1752 586; x_wconf 86' lang='lat' dir='ltr'><strong>ubi</strong></span> <span class='ocrx_word' id='word_1_28' title='bbox 1785 534 2044 601; x_wconf 84' lang='lat' dir='ltr'><strong>adjecero</strong></span> 
     </span>
    </p>
   </div>
   <div class='ocr_carea' id='block_1_8' title="bbox 472 620 2037 690">
    <p class='ocr_par' dir='ltr' id='par_1_8' title="bbox 472 620 2037 690">
     <span class='ocr_line' id='line_1_8' title="bbox 472 620 2037 690; baseline 0.003 -17"><span class='ocrx_word' id='word_1_29' title='bbox 472 636 574 673; x_wconf 82' lang='lat' dir='ltr'><strong>ceu</strong></span> <span class='ocrx_word' id='word_1_30' title='bbox 598 621 974 684; x_wconf 78' lang='lat' dir='ltr'><strong>corollarium,</strong></span> <span class='ocrx_word' id='word_1_31' title='bbox 1004 621 1167 675; x_wconf 82' lang='lat' dir='ltr'><strong>ﬁnem</strong></span> <span class='ocrx_word' id='word_1_32' title='bbox 1192 620 1469 690; x_wconf 80' lang='lat' dir='ltr'><strong>imponam</strong></span> <span class='ocrx_word' id='word_1_33' title='bbox 1495 623 1747 689; x_wconf 57' lang='lat' dir='ltr'><strong>praesenti</strong></span> <span class='ocrx_word' id='word_1_34' title='bbox 1776 624 2037 678; x_wconf 70' lang='lat' dir='ltr'><strong>homilim.</strong></span> 
     </span>
    </p>
   </div>
   <div class='ocr_carea' id='block_1_9' title="bbox 470 711 2040 783">
    <p class='ocr_par' dir='ltr' id='par_1_9' title="bbox 470 711 2040 783">
     <span class='ocr_line' id='line_1_9' title="bbox 470 711 2040 783; baseline 0.003 -17"><span class='ocrx_word' id='word_1_35' title='bbox 470 712 599 767; x_wconf 74' lang='lat' dir='ltr'><strong>Fuit</strong></span> <span class='ocrx_word' id='word_1_36' title='bbox 636 713 689 767; x_wconf 91' lang='lat' dir='ltr'><strong>in</strong></span> <span class='ocrx_word' id='word_1_37' title='bbox 715 722 902 766; x_wconf 84' lang='lat' dir='ltr'><strong>monte</strong></span> <span class='ocrx_word' id='word_1_38' title='bbox 932 711 1067 767; x_wconf 84' lang='lat' dir='ltr'><strong>Sina</strong></span> <span class='ocrx_word' id='word_1_39' title='bbox 1095 714 1398 767; x_wconf 87' lang='lat' dir='ltr'><strong>monachus</strong></span> <span class='ocrx_word' id='word_1_40' title='bbox 1422 715 1669 782; x_wconf 85' lang='lat' dir='ltr'><strong>quidam,</strong></span> <span class='ocrx_word' id='word_1_41' title='bbox 1698 717 1790 783; x_wconf 89' lang='lat' dir='ltr'><strong>qui</strong></span> <span class='ocrx_word' id='word_1_42' title='bbox 1819 717 2040 771; x_wconf 81' lang='lat' dir='ltr'><strong>celebre</strong></span> 
     </span>
    </p>
   </div>
   <div class='ocr_carea' id='block_1_10' title="bbox 470 801 2039 873">
    <p class='ocr_par' dir='ltr' id='par_1_10' title="bbox 470 801 2039 873">
     <span class='ocr_line' id='line_1_10' title="bbox 470 801 2039 873; baseline 0.003 -17"><span class='ocrx_word' id='word_1_43' title='bbox 470 803 608 856; x_wconf 83' lang='lat' dir='ltr'><strong>adeo</strong></span> <span class='ocrx_word' id='word_1_44' title='bbox 643 801 818 858; x_wconf 88' lang='lat' dir='ltr'><strong>edidit</strong></span> <span class='ocrx_word' id='word_1_45' title='bbox 844 818 958 858; x_wconf 70' lang='lat' dir='ltr'><strong>sua:</strong></span> <span class='ocrx_word' id='word_1_46' title='bbox 987 803 1343 858; x_wconf 62' lang='lat' dir='ltr'><strong>continentia:</strong></span> <span class='ocrx_word' id='word_1_47' title='bbox 1370 805 1635 873; x_wconf 76' lang='lat' dir='ltr'><strong>speciem,</strong></span> <span class='ocrx_word' id='word_1_48' title='bbox 1666 815 1725 858; x_wconf 89' lang='lat' dir='ltr'><strong>ut</strong></span> <span class='ocrx_word' id='word_1_49' title='bbox 1755 804 1807 859; x_wconf 89' lang='lat' dir='ltr'><strong>in</strong></span> <span class='ocrx_word' id='word_1_50' title='bbox 1840 806 2039 860; x_wconf 80' lang='lat' dir='ltr'><strong>cellula</strong></span> 
     </span>
    </p>
   </div>
   <div class='ocr_carea' id='block_1_11' title="bbox 470 891 2040 948">
    <p class='ocr_par' dir='ltr' id='par_1_11' title="bbox 470 891 2040 948">
     <span class='ocr_line' id='line_1_11' title="bbox 470 891 2040 948; baseline 0.004 -6"><span class='ocrx_word' id='word_1_51' title='bbox 470 891 675 945; x_wconf 84' lang='lat' dir='ltr'><strong>multos</strong></span> <span class='ocrx_word' id='word_1_52' title='bbox 701 891 900 944; x_wconf 75' lang='lat' dir='ltr'><strong>vixerit</strong></span> <span class='ocrx_word' id='word_1_53' title='bbox 929 906 1106 946; x_wconf 86' lang='lat' dir='ltr'><strong>annos</strong></span> <span class='ocrx_word' id='word_1_54' title='bbox 1142 892 1403 947; x_wconf 79' lang='lat' dir='ltr'><strong>inclusus.</strong></span> <span class='ocrx_word' id='word_1_55' title='bbox 1459 894 1746 948; x_wconf 77' lang='lat' dir='ltr'><strong>Postremo</strong></span> <span class='ocrx_word' id='word_1_56' title='bbox 1798 895 2040 948; x_wconf 81' lang='lat' dir='ltr'><strong>multifa-</strong></span> 
     </span>
    </p>
   </div>
   <div class='ocr_carea' id='block_1_12' title="bbox 469 982 2037 1051">
    <p class='ocr_par' dir='ltr' id='par_1_12' title="bbox 469 982 2037 1051">
     <span class='ocr_line' id='line_1_12' title="bbox 469 982 2037 1051; baseline 0.006 -17"><span class='ocrx_word' id='word_1_57' title='bbox 469 982 570 1035; x_wconf 73' lang='lat' dir='ltr'><strong>rlis</strong></span> <span class='ocrx_word' id='word_1_58' title='bbox 601 982 1034 1036; x_wconf 86' lang='lat' dir='ltr'><strong>revelationibus</strong></span> <span class='ocrx_word' id='word_1_59' title='bbox 1067 982 1274 1036; x_wconf 91' lang='lat' dir='ltr'><strong>diaboli</strong></span> <span class='ocrx_word' id='word_1_60' title='bbox 1321 992 1377 1037; x_wconf 92' lang='lat' dir='ltr'><strong>et</strong></span> <span class='ocrx_word' id='word_1_61' title='bbox 1415 985 1701 1040; x_wconf 85' lang='lat' dir='ltr'><strong>insomniis</strong></span> <span class='ocrx_word' id='word_1_62' title='bbox 1738 986 1950 1051; x_wconf 84' lang='lat' dir='ltr'><strong>illusus,</strong></span> <span class='ocrx_word' id='word_1_63' title='bbox 1971 987 2037 1045; x_wconf 80' lang='lat' dir='ltr'><strong>ad</strong></span> 
     </span>
    </p>
   </div>
   <div class='ocr_carea' id='block_1_13' title="bbox 466 1073 2035 1141">
    <p class='ocr_par' dir='ltr' id='par_1_13' title="bbox 466 1073 2035 1141">
     <span class='ocr_line' id='line_1_13' title="bbox 466 1073 2035 1141; baseline 0.003 -13"><span class='ocrx_word' id='word_1_64' title='bbox 466 1073 809 1128; x_wconf 77' lang='lat' dir='ltr'><strong>Judaismnm</strong></span> <span class='ocrx_word' id='word_1_65' title='bbox 837 1074 1095 1141; x_wconf 86' lang='lat' dir='ltr'><strong>delapsus</strong></span> <span class='ocrx_word' id='word_1_66' title='bbox 1122 1084 1226 1140; x_wconf 89' lang='lat' dir='ltr'><strong>est,</strong></span> <span class='ocrx_word' id='word_1_67' title='bbox 1244 1085 1300 1130; x_wconf 90' lang='lat' dir='ltr'><strong>et</strong></span> <span class='ocrx_word' id='word_1_68' title='bbox 1319 1078 1506 1132; x_wconf 89' lang='lat' dir='ltr'><strong>carnis</strong></span> <span class='ocrx_word' id='word_1_69' title='bbox 1532 1079 2035 1133; x_wconf 85' lang='lat' dir='ltr'><strong>circumcisionem.</strong></span> 
     </span>
    </p>
   </div>
   <div class='ocr_carea' id='block_1_14' title="bbox 467 1161 2039 1234">
    <p class='ocr_par' dir='ltr' id='par_1_14' title="bbox 467 1161 2039 1234">
     <span class='ocr_line' id='line_1_14' title="bbox 467 1161 2039 1234; baseline 0.006 -18"><span class='ocrx_word' id='word_1_70' title='bbox 467 1161 606 1216; x_wconf 89' lang='lat' dir='ltr'><strong>Cum</strong></span> <span class='ocrx_word' id='word_1_71' title='bbox 704 1165 872 1234; x_wconf 83' lang='lat' dir='ltr'><strong>igitur</strong></span> <span class='ocrx_word' id='word_1_72' title='bbox 964 1166 1219 1221; x_wconf 79' lang='lat' dir='ltr'><strong>diabolus</strong></span> <span class='ocrx_word' id='word_1_73' title='bbox 1298 1167 1431 1221; x_wconf 83' lang='lat' dir='ltr'><strong>huic</strong></span> <span class='ocrx_word' id='word_1_74' title='bbox 1518 1168 1817 1223; x_wconf 78' lang='lat' dir='ltr'><strong>identidem</strong></span> <span class='ocrx_word' id='word_1_75' title='bbox 1911 1186 2039 1226; x_wconf 79' lang='lat' dir='ltr'><strong>vera</strong></span> 
     </span>
    </p>
   </div>
   <div class='ocr_carea' id='block_1_15' title="bbox 468 1255 2038 1323">
    <p class='ocr_par' dir='ltr' id='par_1_15' title="bbox 468 1255 2038 1323">
     <span class='ocr_line' id='line_1_15' title="bbox 468 1255 2038 1323; baseline 0.006 -17"><span class='ocrx_word' id='word_1_76' title='bbox 468 1255 692 1322; x_wconf 78' lang='lat' dir='ltr'><strong>quidem</strong></span> <span class='ocrx_word' id='word_1_77' title='bbox 758 1256 1027 1311; x_wconf 85' lang='lat' dir='ltr'><strong>insomnia</strong></span> <span class='ocrx_word' id='word_1_78' title='bbox 1097 1258 1551 1323; x_wconf 84' lang='lat' dir='ltr'><strong>demonstrasset,</strong></span> <span class='ocrx_word' id='word_1_79' title='bbox 1620 1269 1676 1313; x_wconf 89' lang='lat' dir='ltr'><strong>et</strong></span> <span class='ocrx_word' id='word_1_80' title='bbox 1717 1262 1887 1315; x_wconf 87' lang='lat' dir='ltr'><strong>veluti</strong></span> <span class='ocrx_word' id='word_1_81' title='bbox 1936 1262 2038 1315; x_wconf 88' lang='lat' dir='ltr'><strong>ob-</strong></span> 
     </span>
    </p>
   </div>
   <div class='ocr_carea' id='block_1_16' title="bbox 464 1345 2040 1414">
    <p class='ocr_par' dir='ltr' id='par_1_16' title="bbox 464 1345 2040 1414">
     <span class='ocr_line' id='line_1_16' title="bbox 464 1345 2040 1414; baseline 0.004 -16"><span class='ocrx_word' id='word_1_82' title='bbox 464 1345 610 1414; x_wconf 82' lang='lat' dir='ltr'><strong>jecta</strong></span> <span class='ocrx_word' id='word_1_83' title='bbox 648 1346 903 1401; x_wconf 87' lang='lat' dir='ltr'><strong>illecebra</strong></span> <span class='ocrx_word' id='word_1_84' title='bbox 965 1349 1263 1403; x_wconf 68' lang='lat' dir='ltr'><strong>iuescasset</strong></span> <span class='ocrx_word' id='word_1_85' title='bbox 1309 1349 1458 1403; x_wconf 90' lang='lat' dir='ltr'><strong>illius</strong></span> <span class='ocrx_word' id='word_1_86' title='bbox 1488 1349 1837 1404; x_wconf 88' lang='lat' dir='ltr'><strong>obseuratam</strong></span> <span class='ocrx_word' id='word_1_87' title='bbox 1888 1368 2040 1405; x_wconf 80' lang='lat' dir='ltr'><strong>incn-</strong></span> 
     </span>
    </p>
   </div>
   <div class='ocr_carea' id='block_1_17' title="bbox 468 1436 2037 1508">
    <p class='ocr_par' dir='ltr' id='par_1_17' title="bbox 468 1436 2037 1508">
     <span class='ocr_line' id='line_1_17' title="bbox 468 1436 2037 1508; baseline 0.004 -22"><span class='ocrx_word' id='word_1_88' title='bbox 468 1445 601 1498; x_wconf 87' lang='lat' dir='ltr'><strong>tem,</strong></span> <span class='ocrx_word' id='word_1_89' title='bbox 633 1436 932 1492; x_wconf 87' lang='lat' dir='ltr'><strong>novissime</strong></span> <span class='ocrx_word' id='word_1_90' title='bbox 961 1437 1139 1491; x_wconf 90' lang='lat' dir='ltr'><strong>oculis</strong></span> <span class='ocrx_word' id='word_1_91' title='bbox 1168 1437 1328 1492; x_wconf 82' lang='lat' dir='ltr'><strong>istius</strong></span> <span class='ocrx_word' id='word_1_92' title='bbox 1354 1437 1547 1508; x_wconf 84' lang='lat' dir='ltr'><strong>objicit</strong></span> <span class='ocrx_word' id='word_1_93' title='bbox 1596 1438 1874 1507; x_wconf 84' lang='lat' dir='ltr'><strong>copiosam</strong></span> <span class='ocrx_word' id='word_1_94' title='bbox 1917 1450 2037 1495; x_wconf 89' lang='lat' dir='ltr'><strong>tur-</strong></span> 
     </span>
    </p>
   </div>
   <div class='ocr_carea' id='block_1_18' title="bbox 466 1524 2038 1598">
    <p class='ocr_par' dir='ltr' id='par_1_18' title="bbox 466 1524 2038 1598">
     <span class='ocr_line' id='line_1_18' title="bbox 466 1524 2038 1598; baseline 0.004 -20"><span class='ocrx_word' id='word_1_95' title='bbox 466 1524 590 1579; x_wconf 73' lang='lat' dir='ltr'><strong>bam</strong></span> <span class='ocrx_word' id='word_1_96' title='bbox 654 1530 1061 1597; x_wconf 76' lang='lat' dir='ltr'><strong>apostolorum,</strong></span> <span class='ocrx_word' id='word_1_97' title='bbox 1089 1537 1417 1598; x_wconf 81' lang='lat' dir='ltr'><strong>martyrum,</strong></span> <span class='ocrx_word' id='word_1_98' title='bbox 1453 1530 1801 1598; x_wconf 84' lang='lat' dir='ltr'><strong>aliorumque</strong></span> <span class='ocrx_word' id='word_1_99' title='bbox 1857 1531 2038 1586; x_wconf 88' lang='lat' dir='ltr'><strong>omnis</strong></span> 
     </span>
    </p>
   </div>
   <div class='ocr_carea' id='block_1_19' title="bbox 465 1616 2038 1683">
    <p class='ocr_par' dir='ltr' id='par_1_19' title="bbox 465 1616 2038 1683">
     <span class='ocr_line' id='line_1_19' title="bbox 465 1616 2038 1683; baseline 0.005 -16"><span class='ocrx_word' id='word_1_100' title='bbox 465 1616 682 1683; x_wconf 80' lang='lat' dir='ltr'><strong>generis</strong></span> <span class='ocrx_word' id='word_1_101' title='bbox 738 1616 1206 1683; x_wconf 83' lang='lat' dir='ltr'><strong>Christianorum,</strong></span> <span class='ocrx_word' id='word_1_102' title='bbox 1265 1619 1617 1676; x_wconf 81' lang='lat' dir='ltr'><strong>densissimis</strong></span> <span class='ocrx_word' id='word_1_103' title='bbox 1670 1621 1918 1677; x_wconf 88' lang='lat' dir='ltr'><strong>tenebris</strong></span> <span class='ocrx_word' id='word_1_104' title='bbox 1979 1630 2038 1677; x_wconf 90' lang='lat' dir='ltr'><strong>et</strong></span> 
     </span>
    </p>
   </div>
   <div class='ocr_carea' id='block_1_20' title="bbox 464 1707 2035 1781">
    <p class='ocr_par' dir='ltr' id='par_1_20' title="bbox 464 1707 2035 1781">
     <span class='ocr_line' id='line_1_20' title="bbox 464 1707 2035 1781; baseline 0.003 -20"><span class='ocrx_word' id='word_1_105' title='bbox 464 1707 611 1761; x_wconf 87' lang='lat' dir='ltr'><strong>omni</strong></span> <span class='ocrx_word' id='word_1_106' title='bbox 643 1707 914 1763; x_wconf 82' lang='lat' dir='ltr'><strong>dedecore</strong></span> <span class='ocrx_word' id='word_1_107' title='bbox 942 1710 1219 1778; x_wconf 89' lang='lat' dir='ltr'><strong>oppletam</strong></span> <span class='ocrx_word' id='word_1_108' title='bbox 1260 1727 1273 1763; x_wconf 91' lang='lat'><strong>:</strong></span> <span class='ocrx_word' id='word_1_109' title='bbox 1309 1719 1461 1780; x_wconf 89' lang='lat' dir='ltr'><strong>parte</strong></span> <span class='ocrx_word' id='word_1_110' title='bbox 1497 1712 1750 1781; x_wconf 87' lang='lat' dir='ltr'><strong>opposita</strong></span> <span class='ocrx_word' id='word_1_111' title='bbox 1772 1753 1785 1775; x_wconf 94' lang='lat'><strong>,</strong></span> <span class='ocrx_word' id='word_1_112' title='bbox 1818 1712 2035 1779; x_wconf 85' lang='lat' dir='ltr'><strong>Mosen,</strong></span> 
     </span>
    </p>
   </div>
   <div class='ocr_carea' id='block_1_21' title="bbox 2148 529 3668 601">
    <p class='ocr_par' dir='ltr' id='par_1_21' title="bbox 2148 529 3668 601">
     <span class='ocr_line' id='line_1_21' title="bbox 2148 529 3668 601; baseline -0.009 -15"><span class='ocrx_word' id='word_1_113' title='bbox 2148 531 2525 601; x_wconf 69' lang='grc' dir='ltr'>ἀποκαλύψεσι</span> <span class='ocrx_word' id='word_1_114' title='bbox 2565 531 2657 584; x_wconf 74' lang='grc' dir='ltr'>καὶ</span> <span class='ocrx_word' id='word_1_115' title='bbox 2706 530 2981 589; x_wconf 75' lang='grc' dir='ltr'>ἐνυπνίοις</span> <span class='ocrx_word' id='word_1_116' title='bbox 3034 529 3381 598; x_wconf 67' lang='grc' dir='ltr'>ἐμπαιχοεὶς,</span> <span class='ocrx_word' id='word_1_117' title='bbox 3417 530 3540 600; x_wconf 65' lang='grc' dir='ltr'>πρὶς</span> <span class='ocrx_word' id='word_1_118' title='bbox 3567 533 3668 587; x_wconf 79' lang='grc' dir='ltr'><strong>Ἱου.</strong></span> 
     </span>
    </p>
   </div>
   <div class='ocr_carea' id='block_1_22' title="bbox 2146 621 3670 695">
    <p class='ocr_par' dir='ltr' id='par_1_22' title="bbox 2146 621 3670 695">
     <span class='ocr_line' id='line_1_22' title="bbox 2146 621 3670 695; baseline -0.002 -17"><span class='ocrx_word' id='word_1_119' title='bbox 2146 623 2376 695; x_wconf 78' lang='grc' dir='ltr'>δαῖσμὺν</span> <span class='ocrx_word' id='word_1_120' title='bbox 2418 623 2688 676; x_wconf 76' lang='grc' dir='ltr'><strong>κατέπεσε</strong></span> <span class='ocrx_word' id='word_1_121' title='bbox 2723 622 2819 674; x_wconf 72' lang='grc' dir='ltr'>καὶ</span> <span class='ocrx_word' id='word_1_122' title='bbox 2859 621 3160 690; x_wconf 78' lang='grc' dir='ltr'>περιτομὴν</span> <span class='ocrx_word' id='word_1_123' title='bbox 3194 622 3417 690; x_wconf 80' lang='grc' dir='ltr'>σαρκός.</span> <span class='ocrx_word' id='word_1_124' title='bbox 3450 621 3670 685; x_wconf 74' lang='grc' dir='ltr'><strong>Πολλάκις</strong></span> 
     </span>
    </p>
   </div>
   <div class='ocr_carea' id='block_1_23' title="bbox 2146 708 3670 782">
    <p class='ocr_par' dir='ltr' id='par_1_23' title="bbox 2146 708 3670 782">
     <span class='ocr_line' id='line_1_23' title="bbox 2146 708 3670 782; baseline -0.002 -16"><span class='ocrx_word' id='word_1_125' title='bbox 2146 713 2323 771; x_wconf 75' lang='grc' dir='ltr'>τοίνυν</span> <span class='ocrx_word' id='word_1_126' title='bbox 2353 711 2529 775; x_wconf 84' lang='grc' dir='ltr'>δείξας</span> <span class='ocrx_word' id='word_1_127' title='bbox 2560 711 2712 782; x_wconf 75' lang='grc' dir='ltr'><strong>αὑτῷ</strong></span> <span class='ocrx_word' id='word_1_128' title='bbox 2740 713 2768 764; x_wconf 85' lang='grc' dir='ltr'><strong>ό</strong></span> <span class='ocrx_word' id='word_1_129' title='bbox 2792 708 3039 771; x_wconf 69' lang='grc' dir='ltr'>διάϐολος</span> <span class='ocrx_word' id='word_1_130' title='bbox 3070 709 3303 776; x_wconf 66' lang='grc' dir='ltr'>ἀληθινὰ</span> <span class='ocrx_word' id='word_1_131' title='bbox 3329 709 3536 762; x_wconf 75' lang='grc' dir='ltr'>ἐνύπνια</span> <span class='ocrx_word' id='word_1_132' title='bbox 3556 750 3568 772; x_wconf 93' lang='grc'>,</span> <span class='ocrx_word' id='word_1_133' title='bbox 3597 711 3670 763; x_wconf 76' lang='grc' dir='ltr'>καὶ</span> 
     </span>
    </p>
   </div>
   <div class='ocr_carea' id='block_1_24' title="bbox 2147 799 3669 870">
    <p class='ocr_par' dir='ltr' id='par_1_24' title="bbox 2147 799 3669 870">
     <span class='ocr_line' id='line_1_24' title="bbox 2147 799 3669 870; baseline -0.004 -11"><span class='ocrx_word' id='word_1_134' title='bbox 2147 805 2215 861; x_wconf 83' lang='grc' dir='ltr'>δι’</span> <span class='ocrx_word' id='word_1_135' title='bbox 2253 803 2431 858; x_wconf 74' lang='grc' dir='ltr'>αὐτῶν</span> <span class='ocrx_word' id='word_1_136' title='bbox 2479 803 2738 863; x_wconf 75' lang='grc' dir='ltr'>δελεάσας</span> <span class='ocrx_word' id='word_1_137' title='bbox 2781 802 2873 861; x_wconf 73' lang='grc' dir='ltr'><strong>τὸν</strong></span> <span class='ocrx_word' id='word_1_138' title='bbox 2930 800 3317 870; x_wconf 75' lang='grc' dir='ltr'>ὲσκοτισμένον</span> <span class='ocrx_word' id='word_1_139' title='bbox 3356 799 3510 854; x_wconf 80' lang='grc' dir='ltr'>αὐτοῦ</span> <span class='ocrx_word' id='word_1_140' title='bbox 3552 800 3669 868; x_wconf 73' lang='grc' dir='ltr'>νοῦν,</span> 
     </span>
    </p>
   </div>
   <div class='ocr_carea' id='block_1_25' title="bbox 2146 892 3668 966">
    <p class='ocr_par' dir='ltr' id='par_1_25' title="bbox 2146 892 3668 966">
     <span class='ocr_line' id='line_1_25' title="bbox 2146 892 3668 966; baseline -0.001 -17"><span class='ocrx_word' id='word_1_141' title='bbox 2146 896 2417 950; x_wconf 81' lang='grc' dir='ltr'>δείκνυσιν</span> <span class='ocrx_word' id='word_1_142' title='bbox 2444 895 2592 966; x_wconf 79' lang='grc' dir='ltr'>αὒτῷ</span> <span class='ocrx_word' id='word_1_143' title='bbox 2637 893 2862 964; x_wconf 76' lang='grc' dir='ltr'>ὕστερον</span> <span class='ocrx_word' id='word_1_144' title='bbox 2891 892 2983 946; x_wconf 79' lang='grc' dir='ltr'>τὸν</span> <span class='ocrx_word' id='word_1_145' title='bbox 3019 892 3194 963; x_wconf 83' lang='grc' dir='ltr'>δῆμον</span> <span class='ocrx_word' id='word_1_146' title='bbox 3235 892 3345 947; x_wconf 77' lang='grc' dir='ltr'><strong>τῶν</strong></span> <span class='ocrx_word' id='word_1_147' title='bbox 3400 893 3668 965; x_wconf 78' lang='grc' dir='ltr'>μαρτύρων,</span> 
     </span>
    </p>
   </div>
   <div class='ocr_carea' id='block_1_26' title="bbox 2147 984 3669 1055">
    <p class='ocr_par' dir='ltr' id='par_1_26' title="bbox 2147 984 3669 1055">
     <span class='ocr_line' id='line_1_26' title="bbox 2147 984 3669 1055; baseline -0.003 -12"><span class='ocrx_word' id='word_1_148' title='bbox 2147 990 2240 1043; x_wconf 82' lang='grc' dir='ltr'>καί</span> <span class='ocrx_word' id='word_1_149' title='bbox 2278 989 2611 1050; x_wconf 77' lang='grc' dir='ltr'><strong>ἀποστόλων,</strong></span> <span class='ocrx_word' id='word_1_150' title='bbox 2638 988 2731 1041; x_wconf 73' lang='grc' dir='ltr'>καὶ</span> <span class='ocrx_word' id='word_1_151' title='bbox 2772 986 2910 1039; x_wconf 82' lang='grc' dir='ltr'>ὅλων</span> <span class='ocrx_word' id='word_1_152' title='bbox 2948 985 3058 1039; x_wconf 77' lang='grc' dir='ltr'><strong>τῶν</strong></span> <span class='ocrx_word' id='word_1_153' title='bbox 3098 984 3460 1055; x_wconf 71' lang='grc' dir='ltr'>Χριστιανῶν,</span> <span class='ocrx_word' id='word_1_154' title='bbox 3494 1002 3669 1038; x_wconf 83' lang='grc' dir='ltr'>σκοτει-</span> 
     </span>
    </p>
   </div>
   <div class='ocr_carea' id='block_1_27' title="bbox 2146 1072 3671 1146">
    <p class='ocr_par' dir='ltr' id='par_1_27' title="bbox 2146 1072 3671 1146">
     <span class='ocr_line' id='line_1_27' title="bbox 2146 1072 3671 1146; baseline -0.001 -15"><span class='ocrx_word' id='word_1_155' title='bbox 2146 1082 2234 1132; x_wconf 86' lang='grc' dir='ltr'><strong>νόν</strong></span> <span class='ocrx_word' id='word_1_156' title='bbox 2265 1096 2321 1130; x_wconf 87' lang='grc' dir='ltr'><strong>τε</strong></span> <span class='ocrx_word' id='word_1_157' title='bbox 2351 1078 2443 1130; x_wconf 68' lang='grc' dir='ltr'>καὶ</span> <span class='ocrx_word' id='word_1_158' title='bbox 2494 1077 2674 1145; x_wconf 82' lang='grc' dir='ltr'>πάσης</span> <span class='ocrx_word' id='word_1_159' title='bbox 2697 1075 2958 1146; x_wconf 79' lang='grc' dir='ltr'>αίσχύνης</span> <span class='ocrx_word' id='word_1_160' title='bbox 2998 1074 3451 1144; x_wconf 76' lang='grc' dir='ltr'>πεπληρωμένον.</span> <span class='ocrx_word' id='word_1_161' title='bbox 3491 1076 3576 1128; x_wconf 80' lang='grc' dir='ltr'>Ἐκ</span> <span class='ocrx_word' id='word_1_162' title='bbox 3596 1072 3671 1129; x_wconf 75' lang='grc' dir='ltr'><strong>τοῦ</strong></span> 
     </span>
    </p>
   </div>
   <div class='ocr_carea' id='block_1_28' title="bbox 2146 1161 3673 1234">
    <p class='ocr_par' dir='ltr' id='par_1_28' title="bbox 2146 1161 3673 1234">
     <span class='ocr_line' id='line_1_28' title="bbox 2146 1161 3673 1234; baseline -0.002 -14"><span class='ocrx_word' id='word_1_163' title='bbox 2146 1166 2385 1220; x_wconf 82' lang='grc' dir='ltr'>ἐναντίου</span> <span class='ocrx_word' id='word_1_164' title='bbox 2433 1166 2487 1216; x_wconf 72' lang='grc' dir='ltr'><strong>ἑὲ</strong></span> <span class='ocrx_word' id='word_1_165' title='bbox 2537 1166 2794 1223; x_wconf 82' lang='grc' dir='ltr'><strong>Μωῦσέα.</strong></span> <span class='ocrx_word' id='word_1_166' title='bbox 2831 1164 2926 1216; x_wconf 65' lang='grc' dir='ltr'><strong>καὶ</strong></span> <span class='ocrx_word' id='word_1_167' title='bbox 2971 1165 3097 1226; x_wconf 75' lang='grc' dir='ltr'>τοὺς</span> <span class='ocrx_word' id='word_1_168' title='bbox 3148 1165 3448 1234; x_wconf 74' lang='grc' dir='ltr'><strong>προφήτας,</strong></span> <span class='ocrx_word' id='word_1_169' title='bbox 3480 1163 3565 1216; x_wconf 77' lang='grc' dir='ltr'>καὶ</span> <span class='ocrx_word' id='word_1_170' title='bbox 3600 1161 3673 1217; x_wconf 70' lang='grc' dir='ltr'><strong>τὸν</strong></span> 
     </span>
    </p>
   </div>
   <div class='ocr_carea' id='block_1_29' title="bbox 2146 1255 3675 1328">
    <p class='ocr_par' dir='ltr' id='par_1_29' title="bbox 2146 1255 3675 1328">
     <span class='ocr_line' id='line_1_29' title="bbox 2146 1255 3675 1328; baseline -0.005 -15"><span class='ocrx_word' id='word_1_171' title='bbox 2146 1261 2411 1327; x_wconf 83' lang='grc' dir='ltr'>θεοστυγῆ</span> <span class='ocrx_word' id='word_1_172' title='bbox 2435 1259 2605 1328; x_wconf 83' lang='grc' dir='ltr'>δῆμον</span> <span class='ocrx_word' id='word_1_173' title='bbox 2633 1257 2741 1310; x_wconf 84' lang='grc' dir='ltr'><strong>τῶν</strong></span> <span class='ocrx_word' id='word_1_174' title='bbox 2770 1256 3039 1309; x_wconf 73' lang='grc' dir='ltr'>Ἰουδαίων</span> <span class='ocrx_word' id='word_1_175' title='bbox 3066 1255 3310 1325; x_wconf 77' lang='grc' dir='ltr'><strong>λαμπρῷ</strong></span> <span class='ocrx_word' id='word_1_176' title='bbox 3338 1255 3472 1324; x_wconf 73' lang='grc' dir='ltr'>φωτὶ</span> <span class='ocrx_word' id='word_1_177' title='bbox 3489 1271 3675 1323; x_wconf 87' lang='grc' dir='ltr'>περιαυ-</span> 
     </span>
    </p>
   </div>
   <div class='ocr_carea' id='block_1_30' title="bbox 2144 1344 3672 1419">
    <p class='ocr_par' dir='ltr' id='par_1_30' title="bbox 2144 1344 3672 1419">
     <span class='ocr_line' id='line_1_30' title="bbox 2144 1344 3672 1419; baseline -0.003 -16"><span class='ocrx_word' id='word_1_178' title='bbox 2144 1351 2468 1419; x_wconf 81' lang='grc' dir='ltr'>γαζόμενον,</span> <span class='ocrx_word' id='word_1_179' title='bbox 2502 1348 2597 1402; x_wconf 78' lang='grc' dir='ltr'>καὶ</span> <span class='ocrx_word' id='word_1_180' title='bbox 2648 1349 2706 1400; x_wconf 84' lang='grc' dir='ltr'>ὲν</span> <span class='ocrx_word' id='word_1_181' title='bbox 2762 1348 2907 1417; x_wconf 74' lang='grc' dir='ltr'>χαρᾷ</span> <span class='ocrx_word' id='word_1_182' title='bbox 2961 1347 3055 1398; x_wconf 73' lang='grc' dir='ltr'>καὶ</span> <span class='ocrx_word' id='word_1_183' title='bbox 3115 1346 3394 1418; x_wconf 72' lang='grc' dir='ltr'><strong>ἱλαρότητι</strong></span> <span class='ocrx_word' id='word_1_184' title='bbox 3432 1344 3672 1412; x_wconf 79' lang='grc' dir='ltr'><strong>διάγοντα.</strong></span> 
     </span>
    </p>
   </div>
   <div class='ocr_carea' id='block_1_31' title="bbox 2142 1433 3678 1508">
    <p class='ocr_par' dir='ltr' id='par_1_31' title="bbox 2142 1433 3678 1508">
     <span class='ocr_line' id='line_1_31' title="bbox 2142 1433 3678 1508; baseline -0.004 -15"><span class='ocrx_word' id='word_1_185' title='bbox 2142 1439 2329 1499; x_wconf 73' lang='grc' dir='ltr'>Ταῦτα</span> <span class='ocrx_word' id='word_1_186' title='bbox 2356 1436 2617 1508; x_wconf 78' lang='grc' dir='ltr'>ἑωρακὼς</span> <span class='ocrx_word' id='word_1_187' title='bbox 2661 1438 2688 1490; x_wconf 90' lang='grc' dir='ltr'>ὁ</span> <span class='ocrx_word' id='word_1_188' title='bbox 2718 1435 2923 1500; x_wconf 73' lang='grc' dir='ltr'>ἄθλιος,</span> <span class='ocrx_word' id='word_1_189' title='bbox 2956 1435 3301 1505; x_wconf 79' lang='grc' dir='ltr'>παραχρῆμα</span> <span class='ocrx_word' id='word_1_190' title='bbox 3331 1433 3577 1495; x_wconf 80' lang='grc' dir='ltr'>ἀναστὰς,</span> <span class='ocrx_word' id='word_1_191' title='bbox 3601 1433 3678 1487; x_wconf 74' lang='grc' dir='ltr'>καὶ</span> 
     </span>
    </p>
   </div>
   <div class='ocr_carea' id='block_1_32' title="bbox 2145 1525 3677 1598">
    <p class='ocr_par' dir='ltr' id='par_1_32' title="bbox 2145 1525 3677 1598">
     <span class='ocr_line' id='line_1_32' title="bbox 2145 1525 3677 1598; baseline -0.006 -13"><span class='ocrx_word' id='word_1_192' title='bbox 2145 1529 2478 1598; x_wconf 66' lang='grc' dir='ltr'>καταλείψας</span> <span class='ocrx_word' id='word_1_193' title='bbox 2504 1529 2565 1582; x_wconf 78' lang='grc' dir='ltr'>τὸ</span> <span class='ocrx_word' id='word_1_194' title='bbox 2597 1527 2750 1595; x_wconf 74' lang='grc' dir='ltr'>ἅγιον</span> <span class='ocrx_word' id='word_1_195' title='bbox 2780 1527 2926 1597; x_wconf 80' lang='grc' dir='ltr'>ὅρος,</span> <span class='ocrx_word' id='word_1_196' title='bbox 2958 1525 3178 1596; x_wconf 82' lang='grc' dir='ltr'>ἔρχεται</span> <span class='ocrx_word' id='word_1_197' title='bbox 3214 1527 3296 1589; x_wconf 76' lang='grc' dir='ltr'>εἰς</span> <span class='ocrx_word' id='word_1_198' title='bbox 3327 1525 3677 1595; x_wconf 69' lang='grc' dir='ltr'><strong>Παλαιστίνην,</strong></span> 
     </span>
    </p>
   </div>
   <div class='ocr_carea' id='block_1_33' title="bbox 2144 1616 3682 1690">
    <p class='ocr_par' dir='ltr' id='par_1_33' title="bbox 2144 1616 3682 1690">
     <span class='ocr_line' id='line_1_33' title="bbox 2144 1616 3682 1690; baseline -0.005 -16"><span class='ocrx_word' id='word_1_199' title='bbox 2144 1624 2238 1675; x_wconf 70' lang='grc' dir='ltr'>καὶ</span> <span class='ocrx_word' id='word_1_200' title='bbox 2265 1620 2509 1690; x_wconf 74' lang='grc' dir='ltr'>ἀπῆλθεν</span> <span class='ocrx_word' id='word_1_201' title='bbox 2534 1622 2613 1682; x_wconf 77' lang='grc' dir='ltr'><strong>εἰς</strong></span> <span class='ocrx_word' id='word_1_202' title='bbox 2653 1619 2843 1688; x_wconf 81' lang='grc' dir='ltr'>Νόαρα</span> <span class='ocrx_word' id='word_1_203' title='bbox 2876 1617 2971 1671; x_wconf 68' lang='grc' dir='ltr'>καὶ</span> <span class='ocrx_word' id='word_1_204' title='bbox 2998 1616 3267 1682; x_wconf 77' lang='grc' dir='ltr'>Λιϐυόιδα,</span> <span class='ocrx_word' id='word_1_205' title='bbox 3296 1616 3367 1671; x_wconf 75' lang='grc' dir='ltr'><strong>τὰ</strong></span> <span class='ocrx_word' id='word_1_206' title='bbox 3406 1617 3682 1686; x_wconf 81' lang='grc' dir='ltr'>ὁρμητήρια</span> 
     </span>
    </p>
   </div>
   <div class='ocr_carea' id='block_1_34' title="bbox 2143 1706 3681 1779">
    <p class='ocr_par' dir='ltr' id='par_1_34' title="bbox 2143 1706 3681 1779">
     <span class='ocr_line' id='line_1_34' title="bbox 2143 1706 3681 1779; baseline -0.005 -12"><span class='ocrx_word' id='word_1_207' title='bbox 2143 1715 2251 1771; x_wconf 75' lang='grc' dir='ltr'>τῶν</span> <span class='ocrx_word' id='word_1_208' title='bbox 2288 1712 2580 1775; x_wconf 84' lang='grc' dir='ltr'>Ἰουδαίων,</span> <span class='ocrx_word' id='word_1_209' title='bbox 2624 1714 2716 1764; x_wconf 68' lang='grc' dir='ltr'>καὶ</span> <span class='ocrx_word' id='word_1_210' title='bbox 2742 1710 3168 1779; x_wconf 77' lang='grc' dir='ltr'><strong>ἀφηγησάμενος</strong></span> <span class='ocrx_word' id='word_1_211' title='bbox 3202 1709 3389 1774; x_wconf 78' lang='grc' dir='ltr'>αὐτοῖς</span> <span class='ocrx_word' id='word_1_212' title='bbox 3408 1708 3501 1771; x_wconf 82' lang='grc' dir='ltr'><strong>τὰς</strong></span> <span class='ocrx_word' id='word_1_213' title='bbox 3527 1706 3681 1776; x_wconf 81' lang='grc' dir='ltr'>φανεί-</span> 
     </span>
    </p>
   </div>
   <div class='ocr_carea' id='block_1_35' title="bbox 465 1777 2036 1875">
    <p class='ocr_par' dir='ltr' id='par_1_35' title="bbox 465 1777 2035 1873">
     <span class='ocr_line' id='line_1_35' title="bbox 465 1777 2035 1873; baseline 0.006 -25"><span class='ocrx_word' id='word_1_214' title='bbox 465 1798 785 1867; x_wconf 83' lang='lat' dir='ltr'><strong>prophetas,</strong></span> <span class='ocrx_word' id='word_1_215' title='bbox 811 1777 1074 1869; x_wconf 86' lang='lat' dir='ltr'><strong>populum</strong></span> <span class='ocrx_word' id='word_1_216' title='bbox 1106 1777 1329 1871; x_wconf 81' lang='lat' dir='ltr'><strong>quoque</strong></span> <span class='ocrx_word' id='word_1_217' title='bbox 1367 1777 1684 1856; x_wconf 71' lang='lat' dir='ltr'><strong>Judaeorum</strong></span> <span class='ocrx_word' id='word_1_218' title='bbox 1720 1802 1855 1873; x_wconf 88' lang='lat' dir='ltr'><strong>(Deo</strong></span> <span class='ocrx_word' id='word_1_219' title='bbox 1895 1777 2035 1858; x_wconf 53' lang='lat' dir='ltr'><strong>alio?</strong></span> 
     </span>
    </p>
   </div>
   <div class='ocr_carea' id='block_1_36' title="bbox 2143 1777 3684 1875">
    <p class='ocr_par' dir='ltr' id='par_1_36' title="bbox 2145 1777 3684 1875">
     <span class='ocr_line' id='line_1_36' title="bbox 2145 1777 3684 1875; baseline -0.004 -17"><span class='ocrx_word' id='word_1_220' title='bbox 2145 1823 2244 1865; x_wconf 81' lang='grc' dir='ltr'><strong>σας</strong></span> <span class='ocrx_word' id='word_1_221' title='bbox 2304 1803 2454 1875; x_wconf 80' lang='grc' dir='ltr'>αὐτῷ</span> <span class='ocrx_word' id='word_1_222' title='bbox 2501 1777 2812 1864; x_wconf 47' lang='lat' dir='ltr'><strong>Graecam,-</strong></span> <span class='ocrx_word' id='word_1_223' title='bbox 2843 1777 3167 1870; x_wconf 36' lang='grc' dir='ltr'>-φαντασίας</span> <span class='ocrx_word' id='word_1_224' title='bbox 3218 1798 3555 1871; x_wconf 79' lang='grc' dir='ltr'>περιετμήθη</span> <span class='ocrx_word' id='word_1_225' title='bbox 3605 1797 3684 1852; x_wconf 73' lang='grc' dir='ltr'>καὶ</span> 
     </span>
    </p>
   </div>
   <div class='ocr_carea' id='block_1_37' title="bbox 464 1887 2039 1961">
    <p class='ocr_par' dir='ltr' id='par_1_37' title="bbox 464 1887 2039 1961">
     <span class='ocr_line' id='line_1_37' title="bbox 464 1887 2039 1961; baseline 0.006 -21"><span class='ocrx_word' id='word_1_226' title='bbox 464 1887 561 1957; x_wconf 89' lang='lat' dir='ltr'><strong>qui</strong></span> <span class='ocrx_word' id='word_1_227' title='bbox 595 1888 858 1958; x_wconf 86' lang='lat' dir='ltr'><strong>invisum)</strong></span> <span class='ocrx_word' id='word_1_228' title='bbox 890 1890 1054 1947; x_wconf 73' lang='lat' dir='ltr'><strong>oﬂ‘ert</strong></span> <span class='ocrx_word' id='word_1_229' title='bbox 1083 1892 1369 1961; x_wconf 88' lang='lat' dir='ltr'><strong>splendida</strong></span> <span class='ocrx_word' id='word_1_230' title='bbox 1397 1892 1694 1948; x_wconf 85' lang='lat' dir='ltr'><strong>admodum</strong></span> <span class='ocrx_word' id='word_1_231' title='bbox 1739 1894 1862 1949; x_wconf 91' lang='lat' dir='ltr'><strong>luce</strong></span> <span class='ocrx_word' id='word_1_232' title='bbox 1906 1910 2039 1950; x_wconf 90' lang='lat' dir='ltr'><strong>con-</strong></span> 
     </span>
    </p>
   </div>
   <div class='ocr_carea' id='block_1_38' title="bbox 468 1977 2035 2052">
    <p class='ocr_par' dir='ltr' id='par_1_38' title="bbox 468 1977 2035 2052">
     <span class='ocr_line' id='line_1_38' title="bbox 468 1977 2035 2052; baseline 0.005 -20"><span class='ocrx_word' id='word_1_233' title='bbox 468 1977 714 2047; x_wconf 78' lang='lat' dir='ltr'><strong>spicuos,</strong></span> <span class='ocrx_word' id='word_1_234' title='bbox 745 1980 912 2050; x_wconf 88' lang='lat' dir='ltr'><strong>inque</strong></span> <span class='ocrx_word' id='word_1_235' title='bbox 964 1983 1167 2052; x_wconf 81' lang='lat' dir='ltr'><strong>gaudio</strong></span> <span class='ocrx_word' id='word_1_236' title='bbox 1212 1993 1268 2038; x_wconf 91' lang='lat' dir='ltr'><strong>et</strong></span> <span class='ocrx_word' id='word_1_237' title='bbox 1310 1984 1589 2039; x_wconf 76' lang='lat' dir='ltr'><strong>hilaritate</strong></span> <span class='ocrx_word' id='word_1_238' title='bbox 1632 1986 1804 2040; x_wconf 87' lang='lat' dir='ltr'><strong>vitam</strong></span> <span class='ocrx_word' id='word_1_239' title='bbox 1843 1987 2035 2041; x_wconf 90' lang='lat' dir='ltr'><strong>tradu-</strong></span> 
     </span>
    </p>
   </div>
   <div class='ocr_carea' id='block_1_39' title="bbox 464 2071 2037 2148">
    <p class='ocr_par' dir='ltr' id='par_1_39' title="bbox 464 2071 2037 2148">
     <span class='ocr_line' id='line_1_39' title="bbox 464 2071 2037 2148; baseline 0.006 -26"><span class='ocrx_word' id='word_1_240' title='bbox 464 2078 675 2124; x_wconf 86' lang='lat' dir='ltr'><strong>centes.</strong></span> <span class='ocrx_word' id='word_1_241' title='bbox 715 2071 841 2126; x_wconf 80' lang='lat' dir='ltr'><strong>llzec</strong></span> <span class='ocrx_word' id='word_1_242' title='bbox 897 2088 1021 2126; x_wconf 85' lang='lat' dir='ltr'><strong>cum</strong></span> <span class='ocrx_word' id='word_1_243' title='bbox 1077 2083 1384 2141; x_wconf 82' lang='lat' dir='ltr'><strong>spectasset</strong></span> <span class='ocrx_word' id='word_1_244' title='bbox 1442 2076 1638 2141; x_wconf 85' lang='lat' dir='ltr'><strong>miser,</strong></span> <span class='ocrx_word' id='word_1_245' title='bbox 1696 2077 1752 2130; x_wconf 93' lang='lat' dir='ltr'><strong>in</strong></span> <span class='ocrx_word' id='word_1_246' title='bbox 1805 2078 2037 2148; x_wconf 82' lang='lat' dir='ltr'><strong>vestigio</strong></span> 
     </span>
    </p>
   </div>
   <div class='ocr_carea' id='block_1_40' title="bbox 463 2162 2038 2233">
    <p class='ocr_par' dir='ltr' id='par_1_40' title="bbox 463 2162 2038 2233">
     <span class='ocr_line' id='line_1_40' title="bbox 463 2162 2038 2233; baseline 0.006 -18"><span class='ocrx_word' id='word_1_247' title='bbox 463 2163 725 2227; x_wconf 77' lang='lat' dir='ltr'><strong>surrexit,</strong></span> <span class='ocrx_word' id='word_1_248' title='bbox 753 2162 1135 2233; x_wconf 84' lang='lat' dir='ltr'><strong>derelictoque</strong></span> <span class='ocrx_word' id='word_1_249' title='bbox 1185 2176 1374 2220; x_wconf 89' lang='lat' dir='ltr'><strong>sancto</strong></span> <span class='ocrx_word' id='word_1_250' title='bbox 1403 2167 1496 2220; x_wconf 90' lang='lat' dir='ltr'><strong>illo</strong></span> <span class='ocrx_word' id='word_1_251' title='bbox 1539 2177 1747 2233; x_wconf 89' lang='lat' dir='ltr'><strong>monte,</strong></span> <span class='ocrx_word' id='word_1_252' title='bbox 1780 2169 1836 2224; x_wconf 88' lang='lat' dir='ltr'><strong>in</strong></span> <span class='ocrx_word' id='word_1_253' title='bbox 1867 2172 2038 2226; x_wconf 75' lang='lat' dir='ltr'><strong>Palu:-</strong></span> 
     </span>
    </p>
   </div>
   <div class='ocr_carea' id='block_1_41' title="bbox 464 2252 2035 2323">
    <p class='ocr_par' dir='ltr' id='par_1_41' title="bbox 464 2252 2035 2323">
     <span class='ocr_line' id='line_1_41' title="bbox 464 2252 2035 2323; baseline 0.009 -19"><span class='ocrx_word' id='word_1_254' title='bbox 464 2252 664 2306; x_wconf 84' lang='lat' dir='ltr'><strong>stinam</strong></span> <span class='ocrx_word' id='word_1_255' title='bbox 717 2269 890 2323; x_wconf 86' lang='lat' dir='ltr'><strong>usque</strong></span> <span class='ocrx_word' id='word_1_256' title='bbox 919 2257 1193 2323; x_wconf 78' lang='lat' dir='ltr'><strong>pervenit.</strong></span> <span class='ocrx_word' id='word_1_257' title='bbox 1228 2257 1398 2311; x_wconf 82' lang='lat' dir='ltr'><strong>Recta</strong></span> <span class='ocrx_word' id='word_1_258' title='bbox 1436 2260 1728 2315; x_wconf 84' lang='lat' dir='ltr'><strong>contendit</strong></span> <span class='ocrx_word' id='word_1_259' title='bbox 1766 2261 1825 2314; x_wconf 84' lang='lat' dir='ltr'><strong>in</strong></span> <span class='ocrx_word' id='word_1_260' title='bbox 1857 2263 2035 2319; x_wconf 86' lang='lat' dir='ltr'><strong>Noara</strong></span> 
     </span>
    </p>
   </div>
   <div class='ocr_carea' id='block_1_42' title="bbox 463 2342 2037 2415">
    <p class='ocr_par' dir='ltr' id='par_1_42' title="bbox 463 2342 2037 2415">
     <span class='ocr_line' id='line_1_42' title="bbox 463 2342 2037 2415; baseline 0.009 -18"><span class='ocrx_word' id='word_1_261' title='bbox 463 2351 522 2397; x_wconf 90' lang='lat' dir='ltr'><strong>et</strong></span> <span class='ocrx_word' id='word_1_262' title='bbox 545 2342 865 2415; x_wconf 76' lang='lat' dir='ltr'><strong>Libyadem,</strong></span> <span class='ocrx_word' id='word_1_263' title='bbox 890 2346 1037 2415; x_wconf 77' lang='lat' dir='ltr'><strong>asyla</strong></span> <span class='ocrx_word' id='word_1_264' title='bbox 1065 2346 1404 2403; x_wconf 63' lang='lat' dir='ltr'><strong>Iudaeorum.</strong></span> <span class='ocrx_word' id='word_1_265' title='bbox 1434 2349 1571 2404; x_wconf 91' lang='lat' dir='ltr'><strong>Cum</strong></span> <span class='ocrx_word' id='word_1_266' title='bbox 1597 2351 1719 2406; x_wconf 83' lang='lat' dir='ltr'><strong>istis</strong></span> <span class='ocrx_word' id='word_1_267' title='bbox 1744 2352 2037 2410; x_wconf 86' lang='lat' dir='ltr'><strong>denarras-</strong></span> 
     </span>
    </p>
   </div>
   <div class='ocr_carea' id='block_1_43' title="bbox 464 2434 2038 2512">
    <p class='ocr_par' dir='ltr' id='par_1_43' title="bbox 464 2434 2038 2512">
     <span class='ocr_line' id='line_1_43' title="bbox 464 2434 2038 2512; baseline 0.008 -26"><span class='ocrx_word' id='word_1_268' title='bbox 464 2438 551 2486; x_wconf 85' lang='lat' dir='ltr'><strong>set</strong></span> <span class='ocrx_word' id='word_1_269' title='bbox 590 2447 719 2502; x_wconf 59' lang='lat' dir='ltr'><strong>qum</strong></span> <span class='ocrx_word' id='word_1_270' title='bbox 762 2434 866 2488; x_wconf 85' lang='lat' dir='ltr'><strong>sibi</strong></span> <span class='ocrx_word' id='word_1_271' title='bbox 907 2435 1039 2489; x_wconf 67' lang='lat' dir='ltr'><strong>visa:</strong></span> <span class='ocrx_word' id='word_1_272' title='bbox 1092 2434 1349 2501; x_wconf 74' lang='lat' dir='ltr'><strong>fuissent,</strong></span> <span class='ocrx_word' id='word_1_273' title='bbox 1394 2439 1700 2495; x_wconf 87' lang='lat' dir='ltr'><strong>diabolicas</strong></span> <span class='ocrx_word' id='word_1_274' title='bbox 1736 2444 2038 2512; x_wconf 77' lang='lat' dir='ltr'><strong>apparitio-</strong></span> 
     </span>
    </p>
   </div>
   <div class='ocr_carea' id='block_1_44' title="bbox 462 2523 2033 2597">
    <p class='ocr_par' dir='ltr' id='par_1_44' title="bbox 462 2523 2033 2597">
     <span class='ocr_line' id='line_1_44' title="bbox 462 2523 2033 2597; baseline 0.008 -21"><span class='ocrx_word' id='word_1_275' title='bbox 462 2537 584 2588; x_wconf 84' lang='lat' dir='ltr'><strong>nes,</strong></span> <span class='ocrx_word' id='word_1_276' title='bbox 637 2523 1003 2580; x_wconf 86' lang='lat' dir='ltr'><strong>circumcisus</strong></span> <span class='ocrx_word' id='word_1_277' title='bbox 1060 2534 1187 2581; x_wconf 89' lang='lat' dir='ltr'><strong>est:</strong></span> <span class='ocrx_word' id='word_1_278' title='bbox 1235 2543 1299 2583; x_wconf 86' lang='lat' dir='ltr'><strong>ac</strong></span> <span class='ocrx_word' id='word_1_279' title='bbox 1347 2529 1624 2597; x_wconf 85' lang='lat' dir='ltr'><strong>professus</strong></span> <span class='ocrx_word' id='word_1_280' title='bbox 1666 2532 2033 2597; x_wconf 79' lang='lat' dir='ltr'><strong>Judaismum,</strong></span> 
     </span>
    </p>
   </div>
   <div class='ocr_carea' id='block_1_45' title="bbox 463 2617 2035 2701">
    <p class='ocr_par' dir='ltr' id='par_1_45' title="bbox 463 2617 2035 2701">
     <span class='ocr_line' id='line_1_45' title="bbox 463 2617 2035 2701; baseline 0.009 -33"><span class='ocrx_word' id='word_1_281' title='bbox 463 2617 677 2685; x_wconf 87' lang='lat' dir='ltr'><strong>accepit</strong></span> <span class='ocrx_word' id='word_1_282' title='bbox 727 2634 974 2683; x_wconf 80' lang='lat' dir='ltr'><strong>uxorem,</strong></span> <span class='ocrx_word' id='word_1_283' title='bbox 1012 2619 1182 2688; x_wconf 76' lang='lat' dir='ltr'><strong>inque</strong></span> <span class='ocrx_word' id='word_1_284' title='bbox 1212 2622 1458 2675; x_wconf 89' lang='lat' dir='ltr'><strong>omnium</strong></span> <span class='ocrx_word' id='word_1_285' title='bbox 1491 2636 1789 2701; x_wconf 62' lang='lat' dir='ltr'><strong>prospectu</strong></span> <span class='ocrx_word' id='word_1_286' title='bbox 1836 2628 2035 2681; x_wconf 83' lang='lat' dir='ltr'><strong>adver-</strong></span> 
     </span>
    </p>
   </div>
   <div class='ocr_carea' id='block_1_46' title="bbox 463 2704 2037 2784">
    <p class='ocr_par' dir='ltr' id='par_1_46' title="bbox 463 2704 2037 2784">
     <span class='ocr_line' id='line_1_46' title="bbox 463 2704 2037 2784; baseline 0.008 -25"><span class='ocrx_word' id='word_1_287' title='bbox 463 2720 561 2760; x_wconf 85' lang='lat' dir='ltr'><strong>sus</strong></span> <span class='ocrx_word' id='word_1_288' title='bbox 586 2704 930 2762; x_wconf 87' lang='lat' dir='ltr'><strong>Christianos</strong></span> <span class='ocrx_word' id='word_1_289' title='bbox 956 2709 1132 2764; x_wconf 83' lang='lat' dir='ltr'><strong>edidit</strong></span> <span class='ocrx_word' id='word_1_290' title='bbox 1162 2710 1832 2784; x_wconf 77' lang='lat' dir='ltr'><strong>dogmata,‘propugnator</strong></span> <span class='ocrx_word' id='word_1_291' title='bbox 1858 2716 2037 2773; x_wconf 88' lang='lat' dir='ltr'><strong>factus</strong></span> 
     </span>
    </p>
   </div>
   <div class='ocr_carea' id='block_1_47' title="bbox 462 2796 2035 2878">
    <p class='ocr_par' dir='ltr' id='par_1_47' title="bbox 462 2796 2035 2878">
     <span class='ocr_line' id='line_1_47' title="bbox 462 2796 2035 2878; baseline 0.01 -28"><span class='ocrx_word' id='word_1_292' title='bbox 462 2796 704 2853; x_wconf 78' lang='lat' dir='ltr'><strong>Judaica:</strong></span> <span class='ocrx_word' id='word_1_293' title='bbox 731 2801 1166 2868; x_wconf 85' lang='lat' dir='ltr'><strong>superstitionis.</strong></span> <span class='ocrx_word' id='word_1_294' title='bbox 1206 2802 1363 2857; x_wconf 88' lang='lat' dir='ltr'><strong>llunc</strong></span> <span class='ocrx_word' id='word_1_295' title='bbox 1396 2821 1496 2873; x_wconf 89' lang='lat' dir='ltr'><strong>ego</strong></span> <span class='ocrx_word' id='word_1_296' title='bbox 1525 2806 1639 2860; x_wconf 89' lang='lat' dir='ltr'><strong>vidi</strong></span> <span class='ocrx_word' id='word_1_297' title='bbox 1675 2822 1739 2861; x_wconf 90' lang='lat' dir='ltr'><strong>ac</strong></span> <span class='ocrx_word' id='word_1_298' title='bbox 1786 2808 2035 2878; x_wconf 87' lang='lat' dir='ltr'><strong>plerique</strong></span> 
     </span>
    </p>
   </div>
   <div class='ocr_carea' id='block_1_48' title="bbox 464 2880 2037 2963">
    <p class='ocr_par' dir='ltr' id='par_1_48' title="bbox 464 2880 2037 2963">
     <span class='ocr_line' id='line_1_48' title="bbox 464 2880 2037 2963; baseline 0.009 -25"><span class='ocrx_word' id='word_1_299' title='bbox 464 2888 883 2943; x_wconf 84' lang='lat' dir='ltr'><strong>monachorum.</strong></span> <span class='ocrx_word' id='word_1_300' title='bbox 931 2880 1118 2959; x_wconf 76' lang='lat' dir='ltr'><strong>Neque</strong></span> <span class='ocrx_word' id='word_1_301' title='bbox 1168 2892 1314 2945; x_wconf 84' lang='lat' dir='ltr'><strong>enim</strong></span> <span class='ocrx_word' id='word_1_302' title='bbox 1369 2902 1610 2963; x_wconf 87' lang='lat' dir='ltr'><strong>quatuor</strong></span> <span class='ocrx_word' id='word_1_303' title='bbox 1656 2896 1785 2949; x_wconf 86' lang='lat' dir='ltr'><strong>anni</strong></span> <span class='ocrx_word' id='word_1_304' title='bbox 1844 2906 1976 2951; x_wconf 90' lang='lat' dir='ltr'><strong>sunt</strong></span> <span class='ocrx_word' id='word_1_305' title='bbox 2005 2913 2037 2953; x_wconf 93' lang='lat' dir='ltr'><strong>a</strong></span> 
     </span>
    </p>
   </div>
   <div class='ocr_carea' id='block_1_49' title="bbox 464 2979 2035 3061">
    <p class='ocr_par' dir='ltr' id='par_1_49' title="bbox 464 2979 2035 3061">
     <span class='ocr_line' id='line_1_49' title="bbox 464 2979 2035 3061; baseline 0.01 -33"><span class='ocrx_word' id='word_1_306' title='bbox 464 2985 643 3030; x_wconf 87' lang='lat' dir='ltr'><strong>morte</strong></span> <span class='ocrx_word' id='word_1_307' title='bbox 674 2979 843 3043; x_wconf 88' lang='lat' dir='ltr'><strong>illius,</strong></span> <span class='ocrx_word' id='word_1_308' title='bbox 871 2996 979 3048; x_wconf 87' lang='lat' dir='ltr'><strong>qua</strong></span> <span class='ocrx_word' id='word_1_309' title='bbox 1006 2981 1204 3036; x_wconf 80' lang='lat' dir='ltr'><strong>misere</strong></span> <span class='ocrx_word' id='word_1_310' title='bbox 1232 2994 1530 3051; x_wconf 77' lang='lat' dir='ltr'><strong>perruptas</strong></span> <span class='ocrx_word' id='word_1_311' title='bbox 1557 2994 1658 3039; x_wconf 90' lang='lat' dir='ltr'><strong>cst.</strong></span> <span class='ocrx_word' id='word_1_312' title='bbox 1693 2987 1904 3061; x_wconf 76' lang='lat'><strong>1162</strong></span> <span class='ocrx_word' id='word_1_313' title='bbox 1930 2986 2035 3043; x_wconf 86' lang='lat' dir='ltr'><strong>Ca-</strong></span> 
     </span>
    </p>
   </div>
   <div class='ocr_carea' id='block_1_50' title="bbox 466 3066 2035 3143">
    <p class='ocr_par' dir='ltr' id='par_1_50' title="bbox 466 3066 2035 3143">
     <span class='ocr_line' id='line_1_50' title="bbox 466 3066 2035 3143; baseline 0.007 -25"><span class='ocrx_word' id='word_1_314' title='bbox 466 3066 642 3119; x_wconf 85' lang='lat' dir='ltr'><strong>tarrhi</strong></span> <span class='ocrx_word' id='word_1_315' title='bbox 673 3067 821 3121; x_wconf 90' lang='lat' dir='ltr'><strong>enim</strong></span> <span class='ocrx_word' id='word_1_316' title='bbox 850 3068 1177 3136; x_wconf 76' lang='lat' dir='ltr'><strong>proﬂuvium</strong></span> <span class='ocrx_word' id='word_1_317' title='bbox 1223 3072 1542 3139; x_wconf 79' lang='lat' dir='ltr'><strong>aliquandiu</strong></span> <span class='ocrx_word' id='word_1_318' title='bbox 1575 3090 1791 3143; x_wconf 81' lang='lat' dir='ltr'><strong>passus,</strong></span> <span class='ocrx_word' id='word_1_319' title='bbox 1823 3087 1880 3130; x_wconf 90' lang='lat' dir='ltr'><strong>et</strong></span> <span class='ocrx_word' id='word_1_320' title='bbox 1905 3093 2035 3131; x_wconf 88' lang='lat' dir='ltr'><strong>ver-</strong></span> 
     </span>
    </p>
   </div>
   <div class='ocr_carea' id='block_1_51' title="bbox 466 3154 2033 3231">
    <p class='ocr_par' dir='ltr' id='par_1_51' title="bbox 466 3154 2033 3231">
     <span class='ocr_line' id='line_1_51' title="bbox 466 3154 2033 3231; baseline 0.008 -24"><span class='ocrx_word' id='word_1_321' title='bbox 466 3154 638 3209; x_wconf 88' lang='lat' dir='ltr'><strong>mium</strong></span> <span class='ocrx_word' id='word_1_322' title='bbox 663 3158 948 3210; x_wconf 88' lang='lat' dir='ltr'><strong>arrosione</strong></span> <span class='ocrx_word' id='word_1_323' title='bbox 966 3160 1362 3214; x_wconf 81' lang='lat' dir='ltr'><strong>contabescens</strong></span> <span class='ocrx_word' id='word_1_324' title='bbox 1391 3163 1708 3231; x_wconf 78' lang='lat' dir='ltr'><strong>exspiravit.</strong></span> <span class='ocrx_word' id='word_1_325' title='bbox 1730 3164 1886 3219; x_wconf 88' lang='lat' dir='ltr'><strong>llunc</strong></span> <span class='ocrx_word' id='word_1_326' title='bbox 1908 3182 2033 3220; x_wconf 89' lang='lat' dir='ltr'><strong>cum</strong></span> 
     </span>
    </p>
   </div>
   <div class='ocr_carea' id='block_1_52' title="bbox 463 3246 2033 3327">
    <p class='ocr_par' dir='ltr' id='par_1_52' title="bbox 463 3246 2033 3327">
     <span class='ocr_line' id='line_1_52' title="bbox 463 3246 2033 3327; baseline 0.008 -27"><span class='ocrx_word' id='word_1_327' title='bbox 463 3246 816 3313; x_wconf 78' lang='lat' dir='ltr'><strong>vidissemus,</strong></span> <span class='ocrx_word' id='word_1_328' title='bbox 852 3264 956 3318; x_wconf 75' lang='lat' dir='ltr'><strong>ego</strong></span> <span class='ocrx_word' id='word_1_329' title='bbox 1005 3258 1061 3303; x_wconf 88' lang='lat' dir='ltr'><strong>et</strong></span> <span class='ocrx_word' id='word_1_330' title='bbox 1097 3251 1187 3304; x_wconf 87' lang='lat' dir='ltr'><strong>alii</strong></span> <span class='ocrx_word' id='word_1_331' title='bbox 1217 3252 1426 3320; x_wconf 82' lang='lat' dir='ltr'><strong>aliquot</strong></span> <span class='ocrx_word' id='word_1_332' title='bbox 1475 3256 1752 3321; x_wconf 90' lang='lat' dir='ltr'><strong>monachi,</strong></span> <span class='ocrx_word' id='word_1_333' title='bbox 1793 3260 2033 3327; x_wconf 79' lang='lat' dir='ltr'><strong>correpti</strong></span> 
     </span>
    </p>
   </div>
   <div class='ocr_carea' id='block_1_53' title="bbox 466 3334 2037 3406">
    <p class='ocr_par' dir='ltr' id='par_1_53' title="bbox 466 3334 2037 3406">
     <span class='ocr_line' id='line_1_53' title="bbox 466 3334 2037 3406; baseline 0.009 -17"><span class='ocrx_word' id='word_1_334' title='bbox 466 3334 690 3401; x_wconf 85' lang='lat' dir='ltr'><strong>timore,</strong></span> <span class='ocrx_word' id='word_1_335' title='bbox 721 3337 929 3406; x_wconf 84' lang='lat' dir='ltr'><strong>ingenti</strong></span> <span class='ocrx_word' id='word_1_336' title='bbox 965 3354 1090 3392; x_wconf 90' lang='lat' dir='ltr'><strong>cum</strong></span> <span class='ocrx_word' id='word_1_337' title='bbox 1130 3339 1281 3394; x_wconf 91' lang='lat' dir='ltr'><strong>luctu</strong></span> <span class='ocrx_word' id='word_1_338' title='bbox 1314 3341 1595 3397; x_wconf 89' lang='lat' dir='ltr'><strong>latnentati</strong></span> <span class='ocrx_word' id='word_1_339' title='bbox 1648 3360 1864 3401; x_wconf 77' lang='lat' dir='ltr'><strong>sumus.</strong></span> <span class='ocrx_word' id='word_1_340' title='bbox 1905 3348 2037 3404; x_wconf 86' lang='lat' dir='ltr'><strong>Erat</strong></span> 
     </span>
    </p>
   </div>
   <div class='ocr_carea' id='block_1_54' title="bbox 466 3424 2035 3502">
    <p class='ocr_par' dir='ltr' id='par_1_54' title="bbox 466 3424 2035 3502">
     <span class='ocr_line' id='line_1_54' title="bbox 466 3424 2035 3502; baseline 0.01 -22"><span class='ocrx_word' id='word_1_341' title='bbox 466 3424 523 3481; x_wconf 89' lang='lat' dir='ltr'><strong>id</strong></span> <span class='ocrx_word' id='word_1_342' title='bbox 562 3441 693 3483; x_wconf 78' lang='lat' dir='ltr'><strong>sane</strong></span> <span class='ocrx_word' id='word_1_343' title='bbox 751 3444 915 3498; x_wconf 89' lang='lat' dir='ltr'><strong>quam</strong></span> <span class='ocrx_word' id='word_1_344' title='bbox 982 3431 1294 3487; x_wconf 81' lang='lat' dir='ltr'><strong>miserabile</strong></span> <span class='ocrx_word' id='word_1_345' title='bbox 1351 3436 1751 3502; x_wconf 86' lang='lat' dir='ltr'><strong>spectaculum.</strong></span> <span class='ocrx_word' id='word_1_346' title='bbox 1797 3438 1893 3493; x_wconf 77' lang='lat' dir='ltr'><strong>Vir</strong></span> <span class='ocrx_word' id='word_1_347' title='bbox 1943 3440 2035 3496; x_wconf 91' lang='lat' dir='ltr'><strong>hic</strong></span> 
     </span>
    </p>
   </div>
   <div class='ocr_carea' id='block_1_55' title="bbox 2146 1886 3687 1960">
    <p class='ocr_par' dir='ltr' id='par_1_55' title="bbox 2146 1886 3687 1960">
     <span class='ocr_line' id='line_1_55' title="bbox 2146 1886 3687 1960; baseline -0.006 -12"><span class='ocrx_word' id='word_1_348' title='bbox 2146 1895 2401 1959; x_wconf 81' lang='grc' dir='ltr'>ίουδάῖσε,</span> <span class='ocrx_word' id='word_1_349' title='bbox 2428 1892 2525 1947; x_wconf 75' lang='grc' dir='ltr'>καὶ</span> <span class='ocrx_word' id='word_1_350' title='bbox 2581 1894 2816 1960; x_wconf 83' lang='grc' dir='ltr'>γυναῖκα</span> <span class='ocrx_word' id='word_1_351' title='bbox 2873 1890 3056 1955; x_wconf 77' lang='grc' dir='ltr'>ἔλαϐε,</span> <span class='ocrx_word' id='word_1_352' title='bbox 3089 1890 3181 1944; x_wconf 69' lang='grc' dir='ltr'>καὶ</span> <span class='ocrx_word' id='word_1_353' title='bbox 3239 1890 3526 1959; x_wconf 81' lang='grc' dir='ltr'><strong>προφανῶς</strong></span> <span class='ocrx_word' id='word_1_354' title='bbox 3565 1886 3687 1957; x_wconf 52' lang='lat' dir='ltr'><strong>adp</strong></span> 
     </span>
    </p>
   </div>
   <div class='ocr_carea' id='block_1_56' title="bbox 2156 1980 3683 2054">
    <p class='ocr_par' dir='ltr' id='par_1_56' title="bbox 2156 1980 3683 2054">
     <span class='ocr_line' id='line_1_56' title="bbox 2156 1980 3683 2054; baseline -0.005 -14"><span class='ocrx_word' id='word_1_355' title='bbox 2156 1984 2429 2040; x_wconf 74' lang='grc' dir='ltr'><strong>Ἰουδαίων</strong></span> <span class='ocrx_word' id='word_1_356' title='bbox 2493 1981 2635 2036; x_wconf 81' lang='grc' dir='ltr'>κατὰ</span> <span class='ocrx_word' id='word_1_357' title='bbox 2694 1981 3038 2054; x_wconf 80' lang='grc' dir='ltr'><strong>Χριστιανῶν</strong></span> <span class='ocrx_word' id='word_1_358' title='bbox 3102 1981 3446 2051; x_wconf 71' lang='grc' dir='ltr'>ὲδογμάτιζε.</span> <span class='ocrx_word' id='word_1_359' title='bbox 3509 1980 3683 2034; x_wconf 76' lang='grc' dir='ltr'>Τοῦτον</span> 
     </span>
    </p>
   </div>
   <div class='ocr_carea' id='block_1_57' title="bbox 2143 2070 3683 2145">
    <p class='ocr_par' dir='ltr' id='par_1_57' title="bbox 2143 2070 3683 2145">
     <span class='ocr_line' id='line_1_57' title="bbox 2143 2070 3683 2145; baseline -0.005 -15"><span class='ocrx_word' id='word_1_360' title='bbox 2143 2077 2298 2145; x_wconf 65' lang='grc' dir='ltr'><strong>κάγὼ</strong></span> <span class='ocrx_word' id='word_1_361' title='bbox 2329 2076 2664 2145; x_wconf 68' lang='grc' dir='ltr'>ἐθεασάμην,</span> <span class='ocrx_word' id='word_1_362' title='bbox 2689 2076 2784 2128; x_wconf 74' lang='grc' dir='ltr'>καὶ</span> <span class='ocrx_word' id='word_1_363' title='bbox 2812 2074 3002 2128; x_wconf 76' lang='grc' dir='ltr'>πολλοὶ</span> <span class='ocrx_word' id='word_1_364' title='bbox 3032 2075 3141 2128; x_wconf 79' lang='grc' dir='ltr'>τῶν</span> <span class='ocrx_word' id='word_1_365' title='bbox 3169 2074 3450 2145; x_wconf 82' lang='grc' dir='ltr'>μοναχῶν’</span> <span class='ocrx_word' id='word_1_366' title='bbox 3481 2073 3567 2125; x_wconf 75' lang='grc' dir='ltr'>καὶ</span> <span class='ocrx_word' id='word_1_367' title='bbox 3592 2070 3683 2141; x_wconf 73' lang='grc' dir='ltr'><strong>γὰρ</strong></span> 
     </span>
    </p>
   </div>
   <div class='ocr_carea' id='block_1_58' title="bbox 2141 2164 3684 2238">
    <p class='ocr_par' dir='ltr' id='par_1_58' title="bbox 2141 2164 3684 2238">
     <span class='ocr_line' id='line_1_58' title="bbox 2141 2164 3684 2238; baseline -0.004 -17"><span class='ocrx_word' id='word_1_368' title='bbox 2141 2169 2241 2221; x_wconf 68' lang='grc' dir='ltr'>οὐκ</span> <span class='ocrx_word' id='word_1_369' title='bbox 2280 2168 2393 2237; x_wconf 83' lang='grc' dir='ltr'><strong>ἔχει</strong></span> <span class='ocrx_word' id='word_1_370' title='bbox 2423 2168 2549 2237; x_wconf 82' lang='grc' dir='ltr'>τρία</span> <span class='ocrx_word' id='word_1_371' title='bbox 2579 2167 2671 2238; x_wconf 78' lang='grc' dir='ltr'>ἐτη</span> <span class='ocrx_word' id='word_1_372' title='bbox 2707 2166 2865 2238; x_wconf 83' lang='grc' dir='ltr'>κακῷ</span> <span class='ocrx_word' id='word_1_373' title='bbox 2901 2166 3115 2235; x_wconf 80' lang='grc' dir='ltr'>θανάτῳ</span> <span class='ocrx_word' id='word_1_374' title='bbox 3141 2165 3241 2233; x_wconf 79' lang='grc' dir='ltr'>τὴν</span> <span class='ocrx_word' id='word_1_375' title='bbox 3269 2165 3447 2235; x_wconf 76' lang='grc' dir='ltr'>ψυχὴν</span> <span class='ocrx_word' id='word_1_376' title='bbox 3465 2164 3684 2234; x_wconf 75' lang='grc' dir='ltr'>ἀπορρή-</span> 
     </span>
    </p>
   </div>
   <div class='ocr_carea' id='block_1_59' title="bbox 2144 2256 3685 2330">
    <p class='ocr_par' dir='ltr' id='par_1_59' title="bbox 2144 2256 3685 2330">
     <span class='ocr_line' id='line_1_59' title="bbox 2144 2256 3685 2330; baseline -0.003 -17"><span class='ocrx_word' id='word_1_377' title='bbox 2144 2260 2259 2326; x_wconf 81' lang='grc' dir='ltr'>ξας.</span> <span class='ocrx_word' id='word_1_378' title='bbox 2296 2260 2694 2330; x_wconf 75' lang='grc' dir='ltr'>Καταρῤεὑσας</span> <span class='ocrx_word' id='word_1_379' title='bbox 2737 2258 2847 2328; x_wconf 71' lang='grc' dir='ltr'><strong>γὰρ</strong></span> <span class='ocrx_word' id='word_1_380' title='bbox 2878 2257 2984 2312; x_wconf 77' lang='grc' dir='ltr'><strong>ἀπὸ</strong></span> <span class='ocrx_word' id='word_1_381' title='bbox 3031 2258 3260 2328; x_wconf 81' lang='grc' dir='ltr'>χρόνων,</span> <span class='ocrx_word' id='word_1_382' title='bbox 3294 2258 3391 2311; x_wconf 75' lang='grc' dir='ltr'>καὶ</span> <span class='ocrx_word' id='word_1_383' title='bbox 3422 2256 3685 2327; x_wconf 84' lang='grc' dir='ltr'>γενόμενος</span> 
     </span>
    </p>
   </div>
   <div class='ocr_carea' id='block_1_60' title="bbox 2145 2345 3686 2423">
    <p class='ocr_par' dir='ltr' id='par_1_60' title="bbox 2145 2345 3686 2423">
     <span class='ocr_line' id='line_1_60' title="bbox 2145 2345 3686 2423; baseline -0.003 -17"><span class='ocrx_word' id='word_1_384' title='bbox 2145 2353 2605 2423; x_wconf 77' lang='grc' dir='ltr'>σκωληκόϐρωτος</span> <span class='ocrx_word' id='word_1_385' title='bbox 2651 2350 2895 2421; x_wconf 70' lang='grc' dir='ltr'><strong>ὲξέψυξε.</strong></span> <span class='ocrx_word' id='word_1_386' title='bbox 2934 2350 3135 2405; x_wconf 83' lang='grc' dir='ltr'>Τοῦτον</span> <span class='ocrx_word' id='word_1_387' title='bbox 3192 2351 3394 2414; x_wconf 71' lang='grc' dir='ltr'>ἰδόντες</span> <span class='ocrx_word' id='word_1_388' title='bbox 3442 2345 3686 2418; x_wconf 79' lang='grc' dir='ltr'>ὲγὼ,καί</span> 
     </span>
    </p>
   </div>
   <div class='ocr_carea' id='block_1_61' title="bbox 2140 2436 3686 2514">
    <p class='ocr_par' dir='ltr' id='par_1_61' title="bbox 2140 2436 3686 2514">
     <span class='ocr_line' id='line_1_61' title="bbox 2140 2436 3686 2514; baseline -0.003 -18"><span class='ocrx_word' id='word_1_389' title='bbox 2140 2461 2285 2504; x_wconf 85' lang='grc' dir='ltr'>τινες</span> <span class='ocrx_word' id='word_1_390' title='bbox 2304 2442 2552 2505; x_wconf 76' lang='grc' dir='ltr'>εὐλαϐεῖς</span> <span class='ocrx_word' id='word_1_391' title='bbox 2569 2443 2815 2514; x_wconf 76' lang='grc' dir='ltr'>μοναχοὶ,</span> <span class='ocrx_word' id='word_1_392' title='bbox 2840 2442 3011 2495; x_wconf 73' lang='grc' dir='ltr'>πολλὰ</span> <span class='ocrx_word' id='word_1_393' title='bbox 3047 2442 3452 2513; x_wconf 75' lang='grc' dir='ltr'>ἐθρηνήσαμεν.</span> <span class='ocrx_word' id='word_1_394' title='bbox 3467 2436 3573 2493; x_wconf 76' lang='grc' dir='ltr'><strong>’Ἦν</strong></span> <span class='ocrx_word' id='word_1_395' title='bbox 3594 2439 3686 2510; x_wconf 79' lang='grc' dir='ltr'>γὰρ</span> 
     </span>
    </p>
   </div>
   <div class='ocr_carea' id='block_1_62' title="bbox 2142 2528 3689 2604">
    <p class='ocr_par' dir='ltr' id='par_1_62' title="bbox 2142 2528 3689 2604">
     <span class='ocr_line' id='line_1_62' title="bbox 2142 2528 3689 2604; baseline -0.003 -17"><span class='ocrx_word' id='word_1_396' title='bbox 2142 2534 2374 2587; x_wconf 78' lang='grc' dir='ltr'>ἐλεεινὸν</span> <span class='ocrx_word' id='word_1_397' title='bbox 2413 2534 2614 2604; x_wconf 80' lang='grc' dir='ltr'>θέαμα,</span> <span class='ocrx_word' id='word_1_398' title='bbox 2648 2535 2789 2603; x_wconf 80' lang='grc' dir='ltr'>ἀνὴρ</span> <span class='ocrx_word' id='word_1_399' title='bbox 2831 2534 2950 2594; x_wconf 80' lang='grc' dir='ltr'>ὅλος</span> <span class='ocrx_word' id='word_1_400' title='bbox 2991 2532 3421 2602; x_wconf 83' lang='grc' dir='ltr'>πεπολιωμένος,</span> <span class='ocrx_word' id='word_1_401' title='bbox 3451 2532 3507 2584; x_wconf 75' lang='grc' dir='ltr'>ἐν</span> <span class='ocrx_word' id='word_1_402' title='bbox 3546 2528 3689 2601; x_wconf 66' lang='grc' dir='ltr'>ἀσκη-</span> 
     </span>
    </p>
   </div>
   <div class='ocr_carea' id='block_1_63' title="bbox 2143 2620 3685 2695">
    <p class='ocr_par' dir='ltr' id='par_1_63' title="bbox 2143 2620 3685 2695">
     <span class='ocr_line' id='line_1_63' title="bbox 2143 2620 3685 2695; baseline -0.005 -16"><span class='ocrx_word' id='word_1_403' title='bbox 2143 2642 2226 2680; x_wconf 87' lang='grc' dir='ltr'><strong>σει</strong></span> <span class='ocrx_word' id='word_1_404' title='bbox 2275 2627 2368 2679; x_wconf 73' lang='grc' dir='ltr'>καὶ</span> <span class='ocrx_word' id='word_1_405' title='bbox 2404 2625 2586 2688; x_wconf 83' lang='grc' dir='ltr'>πόνοις</span> <span class='ocrx_word' id='word_1_406' title='bbox 2632 2625 3046 2695; x_wconf 66' lang='grc' dir='ltr'>κατα-γηράσας,</span> <span class='ocrx_word' id='word_1_407' title='bbox 3076 2624 3295 2692; x_wconf 74' lang='grc' dir='ltr'>γυναιξὶ</span> <span class='ocrx_word' id='word_1_408' title='bbox 3335 2620 3685 2694; x_wconf 81' lang='grc' dir='ltr'>προσπαίζων,</span> 
     </span>
    </p>
   </div>
   <div class='ocr_carea' id='block_1_64' title="bbox 2142 2709 3688 2790">
    <p class='ocr_par' dir='ltr' id='par_1_64' title="bbox 2142 2709 3688 2790">
     <span class='ocr_line' id='line_1_64' title="bbox 2142 2709 3688 2790; baseline -0.005 -19"><span class='ocrx_word' id='word_1_409' title='bbox 2142 2717 2320 2790; x_wconf 77' lang='grc' dir='ltr'>κρεῶν</span> <span class='ocrx_word' id='word_1_410' title='bbox 2384 2716 2814 2786; x_wconf 78' lang='grc' dir='ltr'>μεμολυσμένων</span> <span class='ocrx_word' id='word_1_411' title='bbox 2860 2714 2968 2768; x_wconf 80' lang='grc' dir='ltr'>τῶν</span> <span class='ocrx_word' id='word_1_412' title='bbox 3010 2713 3321 2768; x_wconf 72' lang='grc' dir='ltr'>Ἰουδαϊκῶν</span> <span class='ocrx_word' id='word_1_413' title='bbox 3369 2709 3688 2780; x_wconf 75' lang='grc' dir='ltr'>ἀπογευόμεο</span> 
     </span>
    </p>
   </div>
   <div class='ocr_carea' id='block_1_65' title="bbox 2141 2800 3686 2887">
    <p class='ocr_par' dir='ltr' id='par_1_65' title="bbox 2141 2800 3686 2887">
     <span class='ocr_line' id='line_1_65' title="bbox 2141 2800 3686 2887; baseline -0.006 -26"><span class='ocrx_word' id='word_1_414' title='bbox 2141 2825 2251 2872; x_wconf 89' lang='grc' dir='ltr'>νος,</span> <span class='ocrx_word' id='word_1_415' title='bbox 2273 2807 2485 2876; x_wconf 78' lang='grc' dir='ltr'><strong>ἄσεμνα</strong></span> <span class='ocrx_word' id='word_1_416' title='bbox 2516 2808 2733 2878; x_wconf 76' lang='grc' dir='ltr'>ῥήματα</span> <span class='ocrx_word' id='word_1_417' title='bbox 2759 2805 2955 2887; x_wconf 77' lang='grc' dir='ltr'>λαλῶν,</span> <span class='ocrx_word' id='word_1_418' title='bbox 2978 2806 3067 2858; x_wconf 78' lang='grc' dir='ltr'>τὸν</span> <span class='ocrx_word' id='word_1_419' title='bbox 3086 2806 3321 2886; x_wconf 72' lang='grc' dir='ltr'>Χριστὸν</span> <span class='ocrx_word' id='word_1_420' title='bbox 3353 2800 3686 2876; x_wconf 79' lang='grc' dir='ltr'>βλασφημῶν,</span> 
     </span>
    </p>
   </div>
   <div class='ocr_carea' id='block_1_66' title="bbox 2142 2892 3689 2965">
    <p class='ocr_par' dir='ltr' id='par_1_66' title="bbox 2142 2892 3689 2965">
     <span class='ocr_line' id='line_1_66' title="bbox 2142 2892 3689 2965; baseline -0.005 -14"><span class='ocrx_word' id='word_1_421' title='bbox 2142 2896 2317 2952; x_wconf 82' lang='grc' dir='ltr'>καὶτὸ</span> <span class='ocrx_word' id='word_1_422' title='bbox 2344 2896 2498 2964; x_wconf 76' lang='grc' dir='ltr'>ἅγιον</span> <span class='ocrx_word' id='word_1_423' title='bbox 2534 2897 2817 2965; x_wconf 77' lang='grc' dir='ltr'>βάπτισμα</span> <span class='ocrx_word' id='word_1_424' title='bbox 2878 2895 3200 2965; x_wconf 75' lang='grc' dir='ltr'>ἐνυϐρίζων,</span> <span class='ocrx_word' id='word_1_425' title='bbox 3237 2896 3423 2948; x_wconf 80' lang='grc' dir='ltr'>ὅντινα</span> <span class='ocrx_word' id='word_1_426' title='bbox 3452 2895 3500 2946; x_wconf 82' lang='grc' dir='ltr'><strong>οἱ</strong></span> <span class='ocrx_word' id='word_1_427' title='bbox 3523 2892 3689 2961; x_wconf 81' lang='grc' dir='ltr'>ἄνομοι</span> 
     </span>
    </p>
   </div>
   <div class='ocr_carea' id='block_1_67' title="bbox 2155 2980 3691 3055">
    <p class='ocr_par' dir='ltr' id='par_1_67' title="bbox 2155 2980 3691 3055">
     <span class='ocr_line' id='line_1_67' title="bbox 2155 2980 3691 3055; baseline -0.004 -14"><span class='ocrx_word' id='word_1_428' title='bbox 2155 2988 2397 3042; x_wconf 86' lang='grc' dir='ltr'>Ἰουδαῖοι</span> <span class='ocrx_word' id='word_1_429' title='bbox 2423 2986 2673 3055; x_wconf 71' lang='grc' dir='ltr'>δεύτερον</span> <span class='ocrx_word' id='word_1_430' title='bbox 2689 2987 2943 3055; x_wconf 74' lang='grc' dir='ltr'><strong>’Λϐραὰμ</strong></span> <span class='ocrx_word' id='word_1_431' title='bbox 2962 2986 3210 3040; x_wconf 78' lang='grc' dir='ltr'>ἐκάλουν.</span> <span class='ocrx_word' id='word_1_432' title='bbox 3235 2987 3474 3049; x_wconf 80' lang='grc' dir='ltr'>Εἰκότως</span> <span class='ocrx_word' id='word_1_433' title='bbox 3493 2980 3577 3039; x_wconf 79' lang='grc' dir='ltr'>οὖν</span> <span class='ocrx_word' id='word_1_434' title='bbox 3591 2984 3691 3035; x_wconf 77' lang='grc' dir='ltr'>ξλε-</span> 
     </span>
    </p>
   </div>
   <div class='ocr_carea' id='block_1_68' title="bbox 2141 3074 3692 3147">
    <p class='ocr_par' dir='ltr' id='par_1_68' title="bbox 2141 3074 3692 3147">
     <span class='ocr_line' id='line_1_68' title="bbox 2141 3074 3692 3147; baseline -0.004 -15"><span class='ocrx_word' id='word_1_435' title='bbox 2141 3081 2279 3147; x_wconf 88' lang='grc' dir='ltr'>γενὸ</span> <span class='ocrx_word' id='word_1_436' title='bbox 2311 3078 2563 3147; x_wconf 81' lang='grc' dir='ltr'>Κύριοςί</span> <span class='ocrx_word' id='word_1_437' title='bbox 2596 3078 2945 3147; x_wconf 79' lang='grc' dir='ltr'>Γρηγορεῖτε,</span> <span class='ocrx_word' id='word_1_438' title='bbox 2975 3078 3055 3130; x_wconf 85' lang='grc' dir='ltr'><strong>ὅτι</strong></span> <span class='ocrx_word' id='word_1_439' title='bbox 3076 3076 3175 3128; x_wconf 75' lang='grc' dir='ltr'>οὐκ</span> <span class='ocrx_word' id='word_1_440' title='bbox 3203 3078 3384 3130; x_wconf 74' lang='grc' dir='ltr'>οἴδατε</span> <span class='ocrx_word' id='word_1_441' title='bbox 3401 3076 3526 3144; x_wconf 75' lang='grc' dir='ltr'>ποία</span> <span class='ocrx_word' id='word_1_442' title='bbox 3548 3074 3692 3146; x_wconf 70' lang='lat' dir='ltr'><strong>(Itqu</strong></span> 
     </span>
    </p>
   </div>
   <div class='ocr_carea' id='block_1_69' title="bbox 2141 3168 3691 3238">
    <p class='ocr_par' dir='ltr' id='par_1_69' title="bbox 2141 3168 3691 3238">
     <span class='ocr_line' id='line_1_69' title="bbox 2141 3168 3691 3238; baseline -0.003 -15"><span class='ocrx_word' id='word_1_443' title='bbox 2141 3171 2382 3238; x_wconf 80' lang='grc' dir='ltr'>κλέπτης</span> <span class='ocrx_word' id='word_1_444' title='bbox 2401 3169 2639 3237; x_wconf 78' lang='grc' dir='ltr'>ἔρχεται.</span> <span class='ocrx_word' id='word_1_445' title='bbox 2663 3188 2681 3218; x_wconf 76' lang='grc' dir='ltr'>ι</span> <span class='ocrx_word' id='word_1_446' title='bbox 2706 3169 2814 3220; x_wconf 66' lang='grc' dir='ltr'><strong>Καὶ</strong></span> <span class='ocrx_word' id='word_1_447' title='bbox 2841 3168 3061 3235; x_wconf 77' lang='grc' dir='ltr'>ἐπάγει,</span> <span class='ocrx_word' id='word_1_448' title='bbox 3087 3186 3105 3218; x_wconf 76' lang='grc' dir='ltr'><strong>ι</strong></span> <span class='ocrx_word' id='word_1_449' title='bbox 3128 3168 3299 3238; x_wconf 55' lang='grc' dir='ltr'><strong>’Ῑξοῦτο</strong></span> <span class='ocrx_word' id='word_1_450' title='bbox 3316 3169 3374 3222; x_wconf 79' lang='grc' dir='ltr'>δὲ</span> <span class='ocrx_word' id='word_1_451' title='bbox 3398 3168 3691 3238; x_wconf 82' lang='grc' dir='ltr'>γινώσκετε,</span> 
     </span>
    </p>
   </div>
   <div class='ocr_carea' id='block_1_70' title="bbox 2142 3236 3692 3331">
    <p class='ocr_par' dir='ltr' id='par_1_70' title="bbox 2142 3236 3692 3331">
     <span class='ocr_line' id='line_1_70' title="bbox 2142 3236 3692 3331; baseline -0.003 -18"><span class='ocrx_word' id='word_1_452' title='bbox 2142 3262 2223 3313; x_wconf 83' lang='grc' dir='ltr'>ὅτι</span> <span class='ocrx_word' id='word_1_453' title='bbox 2240 3262 2287 3313; x_wconf 86' lang='grc' dir='ltr'>εἰ</span> <span class='ocrx_word' id='word_1_454' title='bbox 2303 3236 2418 3331; x_wconf 61' lang='grc' dir='ltr'><strong>⁴ᾔδει</strong></span> <span class='ocrx_word' id='word_1_455' title='bbox 2480 3236 2862 3328; x_wconf 79' lang='grc' dir='ltr'>οἰκοδεσπότης</span> <span class='ocrx_word' id='word_1_456' title='bbox 2888 3258 3015 3330; x_wconf 75' lang='grc' dir='ltr'>ποίᾳ</span> <span class='ocrx_word' id='word_1_457' title='bbox 3035 3236 3194 3329; x_wconf 66' lang='grc' dir='ltr'>ῶραό</span> <span class='ocrx_word' id='word_1_458' title='bbox 3213 3236 3455 3330; x_wconf 77' lang='grc' dir='ltr'>κλέπτης</span> <span class='ocrx_word' id='word_1_459' title='bbox 3473 3259 3692 3329; x_wconf 67' lang='grc' dir='ltr'>ἔρχεται,</span> 
     </span>
    </p>
   </div>
   <div class='ocr_carea' id='block_1_71' title="bbox 2143 3349 3694 3422">
    <p class='ocr_par' dir='ltr' id='par_1_71' title="bbox 2143 3349 3694 3422">
     <span class='ocr_line' id='line_1_71' title="bbox 2143 3349 3694 3422; baseline -0.003 -18"><span class='ocrx_word' id='word_1_460' title='bbox 2143 3351 2516 3422; x_wconf 74' lang='grc' dir='ltr'><strong>ἐγρηγόρησεν</strong></span> <span class='ocrx_word' id='word_1_461' title='bbox 2538 3350 2624 3411; x_wconf 84' lang='grc' dir='ltr'><strong>ἂν,</strong></span> <span class='ocrx_word' id='word_1_462' title='bbox 2657 3349 2749 3401; x_wconf 64' lang='grc' dir='ltr'>καὶ</span> <span class='ocrx_word' id='word_1_463' title='bbox 2772 3350 2872 3402; x_wconf 79' lang='grc' dir='ltr'>οὐκ</span> <span class='ocrx_word' id='word_1_464' title='bbox 2898 3351 3048 3404; x_wconf 79' lang='grc' dir='ltr'>εἴασε</span> <span class='ocrx_word' id='word_1_465' title='bbox 3076 3350 3396 3420; x_wconf 84' lang='grc' dir='ltr'>διορυγῆναι</span> <span class='ocrx_word' id='word_1_466' title='bbox 3419 3351 3516 3421; x_wconf 70' lang='grc' dir='ltr'>τὴν</span> <span class='ocrx_word' id='word_1_467' title='bbox 3542 3349 3694 3403; x_wconf 78' lang='grc' dir='ltr'>οἰκίαν</span> 
     </span>
    </p>
   </div>
   <div class='ocr_carea' id='block_1_72' title="bbox 2143 3440 3693 3513">
    <p class='ocr_par' dir='ltr' id='par_1_72' title="bbox 2143 3440 3693 3513">
     <span class='ocr_line' id='line_1_72' title="bbox 2143 3440 3693 3513; baseline -0.003 -16"><span class='ocrx_word' id='word_1_468' title='bbox 2143 3443 2329 3498; x_wconf 72' lang='grc' dir='ltr'>αὑτοῦ.</span> <span class='ocrx_word' id='word_1_469' title='bbox 2369 3461 2387 3493; x_wconf 76' lang='grc' dir='ltr'>ι</span> <span class='ocrx_word' id='word_1_470' title='bbox 2424 3440 2515 3513; x_wconf 79' lang='grc' dir='ltr'><strong>Τῷ</strong></span> <span class='ocrx_word' id='word_1_471' title='bbox 2557 3441 2612 3495; x_wconf 71' lang='grc' dir='ltr'>δὲ</span> <span class='ocrx_word' id='word_1_472' title='bbox 2644 3440 2765 3512; x_wconf 81' lang='grc' dir='ltr'><strong>Θεῷ</strong></span> <span class='ocrx_word' id='word_1_473' title='bbox 2800 3440 2958 3511; x_wconf 80' lang='grc' dir='ltr'><strong>ἡμῶν</strong></span> <span class='ocrx_word' id='word_1_474' title='bbox 2988 3441 3114 3506; x_wconf 79' lang='grc' dir='ltr'>δόξα</span> <span class='ocrx_word' id='word_1_475' title='bbox 3146 3442 3223 3506; x_wconf 88' lang='grc' dir='ltr'><strong>είς</strong></span> <span class='ocrx_word' id='word_1_476' title='bbox 3250 3443 3476 3506; x_wconf 85' lang='grc' dir='ltr'>αἰῶνας.</span> <span class='ocrx_word' id='word_1_477' title='bbox 3523 3442 3693 3510; x_wconf 78' lang='grc' dir='ltr'><strong>Ἀμήν.</strong></span> 
     </span>
    </p>
   </div>
   <div class='ocr_carea' id='block_1_73' title="bbox 467 3518 3692 3601">
    <p class='ocr_par' dir='ltr' id='par_1_73' title="bbox 467 3518 3692 3601">
     <span class='ocr_line' id='line_1_73' title="bbox 467 3518 3692 3601; baseline 0.003 -30"><span class='ocrx_word' id='word_1_478' title='bbox 467 3527 618 3571; x_wconf 88' lang='lat' dir='ltr'><strong>totus</strong></span> <span class='ocrx_word' id='word_1_479' title='bbox 679 3518 1000 3575; x_wconf 80' lang='lat' dir='ltr'><strong>incanuorat</strong></span> <span class='ocrx_word' id='word_1_480' title='bbox 1045 3522 1099 3575; x_wconf 85' lang='lat' dir='ltr'><strong>in</strong></span> <span class='ocrx_word' id='word_1_481' title='bbox 1169 3524 1472 3578; x_wconf 87' lang='lat' dir='ltr'><strong>monastica</strong></span> <span class='ocrx_word' id='word_1_482' title='bbox 1527 3528 1955 3596; x_wconf 77' lang='lat' dir='ltr'><strong>exercitatione,</strong></span> <span class='ocrx_word' id='word_1_483' title='bbox 1991 3529 2468 3601; x_wconf 75' lang='lat' dir='ltr'><strong>conSeitueratque</strong></span> <span class='ocrx_word' id='word_1_484' title='bbox 2518 3530 2803 3585; x_wconf 89' lang='lat' dir='ltr'><strong>laboribus</strong></span> <span class='ocrx_word' id='word_1_485' title='bbox 2851 3531 3093 3595; x_wconf 89' lang='lat' dir='ltr'><strong>attritus,</strong></span> <span class='ocrx_word' id='word_1_486' title='bbox 3131 3539 3186 3584; x_wconf 92' lang='lat' dir='ltr'><strong>et</strong></span> <span class='ocrx_word' id='word_1_487' title='bbox 3228 3530 3273 3583; x_wconf 92' lang='lat' dir='ltr'><strong>is</strong></span> <span class='ocrx_word' id='word_1_488' title='bbox 3321 3530 3544 3587; x_wconf 88' lang='lat' dir='ltr'><strong>tandem</strong></span> <span class='ocrx_word' id='word_1_489' title='bbox 3587 3540 3692 3583; x_wconf 86' lang='lat' dir='ltr'><strong>cum</strong></span> 
     </span>
    </p>
   </div>
   <div class='ocr_carea' id='block_1_74' title="bbox 467 3610 3694 3693">
    <p class='ocr_par' dir='ltr' id='par_1_74' title="bbox 467 3610 3694 3693">
     <span class='ocr_line' id='line_1_74' title="bbox 467 3610 3694 3693; baseline 0.003 -32"><span class='ocrx_word' id='word_1_490' title='bbox 467 3610 797 3666; x_wconf 84' lang='lat' dir='ltr'><strong>mulieribus</strong></span> <span class='ocrx_word' id='word_1_491' title='bbox 844 3613 1083 3682; x_wconf 87' lang='lat' dir='ltr'><strong>jocatur,</strong></span> <span class='ocrx_word' id='word_1_492' title='bbox 1120 3616 1529 3670; x_wconf 89' lang='lat' dir='ltr'><strong>immundarum</strong></span> <span class='ocrx_word' id='word_1_493' title='bbox 1593 3622 1843 3675; x_wconf 88' lang='lat' dir='ltr'><strong>carnium</strong></span> <span class='ocrx_word' id='word_1_494' title='bbox 1880 3625 2099 3693; x_wconf 89' lang='lat' dir='ltr'><strong>(nempe</strong></span> <span class='ocrx_word' id='word_1_495' title='bbox 2132 3621 2513 3693; x_wconf 71' lang='lat' dir='ltr'><strong>Iudaicarum)</strong></span> <span class='ocrx_word' id='word_1_496' title='bbox 2541 3632 2710 3693; x_wconf 85' lang='lat' dir='ltr'><strong>gustu</strong></span> <span class='ocrx_word' id='word_1_497' title='bbox 2757 3637 2816 3676; x_wconf 90' lang='lat' dir='ltr'><strong>se</strong></span> <span class='ocrx_word' id='word_1_498' title='bbox 2836 3621 3078 3677; x_wconf 88' lang='lat' dir='ltr'><strong>defoedat</strong></span> <span class='ocrx_word' id='word_1_499' title='bbox 3128 3633 3183 3677; x_wconf 91' lang='lat' dir='ltr'><strong>et</strong></span> <span class='ocrx_word' id='word_1_500' title='bbox 3238 3622 3512 3691; x_wconf 86' lang='lat' dir='ltr'><strong>inquinat,</strong></span> <span class='ocrx_word' id='word_1_501' title='bbox 3550 3617 3694 3674; x_wconf 79' lang='lat' dir='ltr'><strong>verba</strong></span> 
     </span>
    </p>
   </div>
   <div class='ocr_carea' id='block_1_75' title="bbox 467 3702 3693 3784">
    <p class='ocr_par' dir='ltr' id='par_1_75' title="bbox 467 3702 3693 3784">
     <span class='ocr_line' id='line_1_75' title="bbox 467 3702 3693 3784; baseline 0.003 -32"><span class='ocrx_word' id='word_1_502' title='bbox 467 3703 715 3769; x_wconf 75' lang='lat' dir='ltr'><strong>loquitur</strong></span> <span class='ocrx_word' id='word_1_503' title='bbox 736 3702 973 3759; x_wconf 84' lang='lat' dir='ltr'><strong>obscena</strong></span> <span class='ocrx_word' id='word_1_504' title='bbox 1000 3717 1055 3759; x_wconf 89' lang='lat' dir='ltr'><strong>et</strong></span> <span class='ocrx_word' id='word_1_505' title='bbox 1084 3707 1319 3776; x_wconf 86' lang='lat' dir='ltr'><strong>impura,</strong></span> <span class='ocrx_word' id='word_1_506' title='bbox 1348 3709 1695 3779; x_wconf 85' lang='lat' dir='ltr'><strong>blasphemat</strong></span> <span class='ocrx_word' id='word_1_507' title='bbox 1724 3712 2007 3769; x_wconf 82' lang='lat' dir='ltr'><strong>Christum</strong></span> <span class='ocrx_word' id='word_1_508' title='bbox 2036 3755 2050 3779; x_wconf 93' lang='lat'><strong>,</strong></span> <span class='ocrx_word' id='word_1_509' title='bbox 2086 3714 2354 3784; x_wconf 83' lang='lat' dir='ltr'><strong>Spiritum</strong></span> <span class='ocrx_word' id='word_1_510' title='bbox 2387 3725 2638 3769; x_wconf 86' lang='lat' dir='ltr'><strong>sanctum</strong></span> <span class='ocrx_word' id='word_1_511' title='bbox 2673 3728 2785 3766; x_wconf 89' lang='lat' dir='ltr'><strong>non</strong></span> <span class='ocrx_word' id='word_1_512' title='bbox 2823 3712 3127 3769; x_wconf 89' lang='lat' dir='ltr'><strong>tolerandis</strong></span> <span class='ocrx_word' id='word_1_513' title='bbox 3152 3712 3316 3768; x_wconf 74' lang='lat' dir='ltr'><strong>allicit</strong></span> <span class='ocrx_word' id='word_1_514' title='bbox 3343 3712 3693 3768; x_wconf 82' lang='lat' dir='ltr'><strong>contumeliis.</strong></span> 
     </span>
    </p>
   </div>
   <div class='ocr_carea' id='block_1_76' title="bbox 468 3790 3696 3876">
    <p class='ocr_par' dir='ltr' id='par_1_76' title="bbox 468 3790 3696 3876">
     <span class='ocr_line' id='line_1_76' title="bbox 468 3790 3696 3876; baseline 0.002 -27"><span class='ocrx_word' id='word_1_515' title='bbox 468 3790 705 3849; x_wconf 82' lang='lat' dir='ltr'><strong>Ethunc</strong></span> <span class='ocrx_word' id='word_1_516' title='bbox 762 3793 924 3848; x_wconf 86' lang='lat' dir='ltr'><strong>talem</strong></span> <span class='ocrx_word' id='word_1_517' title='bbox 979 3794 1055 3849; x_wconf 86' lang='lat' dir='ltr'><strong>illi</strong></span> <span class='ocrx_word' id='word_1_518' title='bbox 1086 3796 1306 3867; x_wconf 79' lang='lat' dir='ltr'><strong>exleges</strong></span> <span class='ocrx_word' id='word_1_519' title='bbox 1338 3798 1512 3854; x_wconf 73' lang='lat' dir='ltr'><strong>Judaei</strong></span> <span class='ocrx_word' id='word_1_520' title='bbox 1546 3802 1852 3857; x_wconf 89' lang='lat' dir='ltr'><strong>secundum</strong></span> <span class='ocrx_word' id='word_1_521' title='bbox 1887 3804 2159 3859; x_wconf 85' lang='lat' dir='ltr'><strong>vocabant</strong></span> <span class='ocrx_word' id='word_1_522' title='bbox 2182 3804 2481 3859; x_wconf 84' lang='lat' dir='ltr'><strong>Abraham.</strong></span> <span class='ocrx_word' id='word_1_523' title='bbox 2510 3803 2703 3859; x_wconf 87' lang='lat' dir='ltr'><strong>Merito</strong></span> <span class='ocrx_word' id='word_1_524' title='bbox 2730 3804 2899 3876; x_wconf 79' lang='lat' dir='ltr'><strong>igitur</strong></span> <span class='ocrx_word' id='word_1_525' title='bbox 2924 3803 3192 3859; x_wconf 89' lang='lat' dir='ltr'><strong>Dominus</strong></span> <span class='ocrx_word' id='word_1_526' title='bbox 3222 3802 3483 3859; x_wconf 83' lang='lat' dir='ltr'><strong>dicebat:</strong></span> <span class='ocrx_word' id='word_1_527' title='bbox 3518 3825 3537 3858; x_wconf 76' lang='grc' dir='ltr'>ι</span> <span class='ocrx_word' id='word_1_528' title='bbox 3569 3804 3696 3875; x_wconf 76' lang='lat' dir='ltr'><strong>Vigi-</strong></span> 
     </span>
    </p>
   </div>
   <div class='ocr_carea' id='block_1_77' title="bbox 466 3883 3695 3967">
    <p class='ocr_par' dir='ltr' id='par_1_77' title="bbox 466 3883 3695 3967">
     <span class='ocr_line' id='line_1_77' title="bbox 466 3883 3695 3967; baseline 0.003 -27"><span class='ocrx_word' id='word_1_529' title='bbox 466 3883 599 3952; x_wconf 83' lang='lat' dir='ltr'><strong>late,</strong></span> <span class='ocrx_word' id='word_1_530' title='bbox 637 3886 768 3955; x_wconf 84' lang='lat' dir='ltr'><strong>quia</strong></span> <span class='ocrx_word' id='word_1_531' title='bbox 796 3888 1024 3943; x_wconf 88' lang='lat' dir='ltr'><strong>nescitis</strong></span> <span class='ocrx_word' id='word_1_532' title='bbox 1055 3907 1162 3958; x_wconf 85' lang='lat' dir='ltr'><strong>qua</strong></span> <span class='ocrx_word' id='word_1_533' title='bbox 1199 3891 1331 3945; x_wconf 90' lang='lat' dir='ltr'><strong>hora</strong></span> <span class='ocrx_word' id='word_1_534' title='bbox 1359 3892 1447 3945; x_wconf 87' lang='lat' dir='ltr'><strong>fur</strong></span> <span class='ocrx_word' id='word_1_535' title='bbox 1474 3896 1659 3950; x_wconf 85' lang='lat' dir='ltr'><strong>veniet</strong></span> <span class='ocrx_word' id='word_1_536' title='bbox 1677 3897 1745 3950; x_wconf 80' lang='grc'><strong>³⁸.</strong></span> <span class='ocrx_word' id='word_1_537' title='bbox 1769 3916 1784 3948; x_wconf 77' lang='grc' dir='ltr'><strong>ι</strong></span> <span class='ocrx_word' id='word_1_538' title='bbox 1811 3897 2061 3953; x_wconf 84' lang='lat' dir='ltr'><strong>lnducit:</strong></span> <span class='ocrx_word' id='word_1_539' title='bbox 2088 3917 2105 3948; x_wconf 85' lang='grc'><strong><em>‹</em></strong></span> <span class='ocrx_word' id='word_1_540' title='bbox 2136 3897 2247 3953; x_wconf 89' lang='lat' dir='ltr'><strong>lloc</strong></span> <span class='ocrx_word' id='word_1_541' title='bbox 2264 3906 2450 3952; x_wconf 88' lang='lat' dir='ltr'><strong>autem</strong></span> <span class='ocrx_word' id='word_1_542' title='bbox 2496 3897 2716 3958; x_wconf 83' lang='lat' dir='ltr'><strong>scitote,</strong></span> <span class='ocrx_word' id='word_1_543' title='bbox 2743 3897 2871 3967; x_wconf 87' lang='lat' dir='ltr'><strong>quia</strong></span> <span class='ocrx_word' id='word_1_544' title='bbox 2892 3897 2936 3950; x_wconf 93' lang='lat' dir='ltr'><strong>si</strong></span> <span class='ocrx_word' id='word_1_545' title='bbox 2961 3894 3129 3950; x_wconf 86' lang='lat' dir='ltr'><strong>sciret</strong></span> <span class='ocrx_word' id='word_1_546' title='bbox 3166 3895 3564 3965; x_wconf 83' lang='lat' dir='ltr'><strong>paterfamilias</strong></span> <span class='ocrx_word' id='word_1_547' title='bbox 3589 3911 3695 3966; x_wconf 85' lang='lat' dir='ltr'><strong>-qua</strong></span> 
     </span>
    </p>
   </div>
   <div class='ocr_carea' id='block_1_78' title="bbox 466 3978 3693 4062">
    <p class='ocr_par' dir='ltr' id='par_1_78' title="bbox 466 3978 3693 4062">
     <span class='ocr_line' id='line_1_78' title="bbox 466 3978 3693 4062; baseline 0.004 -27"><span class='ocrx_word' id='word_1_548' title='bbox 466 3978 607 4035; x_wconf 77' lang='lat' dir='ltr'><strong>hera</strong></span> <span class='ocrx_word' id='word_1_549' title='bbox 636 3980 723 4035; x_wconf 90' lang='lat' dir='ltr'><strong>fur</strong></span> <span class='ocrx_word' id='word_1_550' title='bbox 747 3983 984 4050; x_wconf 82' lang='lat' dir='ltr'><strong>veniret,</strong></span> <span class='ocrx_word' id='word_1_551' title='bbox 1015 3984 1263 4054; x_wconf 82' lang='lat' dir='ltr'><strong>vigilaret</strong></span> <span class='ocrx_word' id='word_1_552' title='bbox 1298 3987 1491 4057; x_wconf 90' lang='lat' dir='ltr'><strong>utique</strong></span> <span class='ocrx_word' id='word_1_553' title='bbox 1545 3999 1602 4045; x_wconf 91' lang='lat' dir='ltr'><strong>et</strong></span> <span class='ocrx_word' id='word_1_554' title='bbox 1623 4005 1736 4047; x_wconf 85' lang='lat' dir='ltr'><strong>non</strong></span> <span class='ocrx_word' id='word_1_555' title='bbox 1764 3992 1973 4048; x_wconf 81' lang='lat' dir='ltr'><strong>sineret</strong></span> <span class='ocrx_word' id='word_1_556' title='bbox 2002 3991 2217 4062; x_wconf 86' lang='lat' dir='ltr'><strong>perfodi</strong></span> <span class='ocrx_word' id='word_1_557' title='bbox 2254 3991 2479 4047; x_wconf 88' lang='lat' dir='ltr'><strong>domum</strong></span> <span class='ocrx_word' id='word_1_558' title='bbox 2504 4007 2658 4047; x_wconf 86' lang='lat' dir='ltr'><strong>suam</strong></span> <span class='ocrx_word' id='word_1_559' title='bbox 2682 3991 2782 4044; x_wconf 67' lang='lat' dir='ltr'><strong>&quot;.i</strong></span> <span class='ocrx_word' id='word_1_560' title='bbox 2828 3990 2933 4061; x_wconf 83' lang='lat' dir='ltr'><strong>Ipsi</strong></span> <span class='ocrx_word' id='word_1_561' title='bbox 2971 3988 3147 4060; x_wconf 82' lang='lat' dir='ltr'><strong>gloria</strong></span> <span class='ocrx_word' id='word_1_562' title='bbox 3182 3988 3236 4045; x_wconf 89' lang='lat' dir='ltr'><strong>in</strong></span> <span class='ocrx_word' id='word_1_563' title='bbox 3267 3991 3490 4045; x_wconf 72' lang='lat' dir='ltr'><strong>saecula.</strong></span> <span class='ocrx_word' id='word_1_564' title='bbox 3521 3992 3693 4047; x_wconf 80' lang='lat' dir='ltr'><strong>Amen.</strong></span> 
     </span>
    </p>
   </div>
   <div class='ocr_carea' id='block_1_79' title="bbox 940 4120 1537 4181">
    <p class='ocr_par' dir='ltr' id='par_1_79' title="bbox 940 4120 1537 4181">
     <span class='ocr_line' id='line_1_79' title="bbox 940 4120 1537 4181; baseline 0.013 -9"><span class='ocrx_word' id='word_1_565' title='bbox 940 4120 1247 4177; x_wconf 74' lang='lat' dir='ltr'><strong>&#39;llOMlLlA</strong></span> <span class='ocrx_word' id='word_1_566' title='bbox 1277 4123 1537 4181; x_wconf 76' lang='lat' dir='ltr'><strong>LXXXV.</strong></span> 
     </span>
    </p>
   </div>
   <div class='ocr_carea' id='block_1_80' title="bbox 713 4229 1795 4309">
    <p class='ocr_par' dir='ltr' id='par_1_80' title="bbox 713 4229 1795 4309">
     <span class='ocr_line' id='line_1_80' title="bbox 713 4229 1795 4309; baseline 0.012 -27"><span class='ocrx_word' id='word_1_567' title='bbox 713 4229 790 4283; x_wconf 85' lang='lat' dir='ltr'><strong>De</strong></span> <span class='ocrx_word' id='word_1_568' title='bbox 856 4231 1299 4300; x_wconf 79' lang='lat' dir='ltr'><strong>pusillmzimitate</strong></span> <span class='ocrx_word' id='word_1_569' title='bbox 1351 4246 1399 4290; x_wconf 83' lang='lat' dir='ltr'><strong>et</strong></span> <span class='ocrx_word' id='word_1_570' title='bbox 1465 4237 1795 4309; x_wconf 73' lang='lat' dir='ltr'><strong>duplicitate.</strong></span> 
     </span>
    </p>
   </div>
   <div class='ocr_carea' id='block_1_81' title="bbox 536 4342 2041 4423">
    <p class='ocr_par' dir='ltr' id='par_1_81' title="bbox 536 4342 2041 4423">
     <span class='ocr_line' id='line_1_81' title="bbox 536 4342 2041 4423; baseline 0.008 -24"><span class='ocrx_word' id='word_1_571' title='bbox 536 4342 640 4404; x_wconf 84' lang='lat' dir='ltr'><strong>Ne,</strong></span> <span class='ocrx_word' id='word_1_572' title='bbox 669 4342 888 4411; x_wconf 80' lang='lat' dir='ltr'><strong>fratres,</strong></span> <span class='ocrx_word' id='word_1_573' title='bbox 925 4347 1107 4403; x_wconf 89' lang='lat' dir='ltr'><strong>locum</strong></span> <span class='ocrx_word' id='word_1_574' title='bbox 1139 4350 1333 4405; x_wconf 82' lang='lat' dir='ltr'><strong>demus</strong></span> <span class='ocrx_word' id='word_1_575' title='bbox 1366 4351 1585 4423; x_wconf 90' lang='lat' dir='ltr'><strong>spiritui</strong></span> <span class='ocrx_word' id='word_1_576' title='bbox 1614 4354 2041 4423; x_wconf 86' lang='lat' dir='ltr'><strong>pusillanimita-</strong></span> 
     </span>
    </p>
   </div>
   <div class='ocr_carea' id='block_1_82' title="bbox 468 4433 2038 4516">
    <p class='ocr_par' dir='ltr' id='par_1_82' title="bbox 468 4433 2038 4516">
     <span class='ocr_line' id='line_1_82' title="bbox 468 4433 2038 4516; baseline 0.01 -29"><span class='ocrx_word' id='word_1_577' title='bbox 468 4433 561 4499; x_wconf 81' lang='lat' dir='ltr'><strong>tis,</strong></span> <span class='ocrx_word' id='word_1_578' title='bbox 588 4450 659 4489; x_wconf 92' lang='lat' dir='ltr'><strong>ne</strong></span> <span class='ocrx_word' id='word_1_579' title='bbox 680 4436 904 4504; x_wconf 87' lang='lat' dir='ltr'><strong>quando</strong></span> <span class='ocrx_word' id='word_1_580' title='bbox 924 4440 1098 4506; x_wconf 76' lang='lat' dir='ltr'><strong>nostri</strong></span> <span class='ocrx_word' id='word_1_581' title='bbox 1124 4441 1460 4507; x_wconf 79' lang='lat' dir='ltr'><strong>dominetur,</strong></span> <span class='ocrx_word' id='word_1_582' title='bbox 1495 4453 1554 4499; x_wconf 88' lang='lat' dir='ltr'><strong>ut</strong></span> <span class='ocrx_word' id='word_1_583' title='bbox 1583 4461 1653 4499; x_wconf 88' lang='lat' dir='ltr'><strong>ne</strong></span> <span class='ocrx_word' id='word_1_584' title='bbox 1675 4445 1780 4516; x_wconf 88' lang='lat' dir='ltr'><strong>ipsi</strong></span> <span class='ocrx_word' id='word_1_585' title='bbox 1809 4447 2038 4502; x_wconf 90' lang='lat' dir='ltr'><strong>damne-</strong></span> 
     </span>
    </p>
   </div>
   <div class='ocr_carea' id='block_1_83' title="bbox 464 4526 2031 4609">
    <p class='ocr_par' dir='ltr' id='par_1_83' title="bbox 464 4526 2031 4609">
     <span class='ocr_line' id='line_1_83' title="bbox 464 4526 2031 4609; baseline 0.012 -31"><span class='ocrx_word' id='word_1_586' title='bbox 464 4539 612 4592; x_wconf 90' lang='lat' dir='ltr'><strong>mur,</strong></span> <span class='ocrx_word' id='word_1_587' title='bbox 662 4526 881 4583; x_wconf 85' lang='lat' dir='ltr'><strong>dicente</strong></span> <span class='ocrx_word' id='word_1_588' title='bbox 939 4531 1269 4601; x_wconf 83' lang='lat' dir='ltr'><strong>Scriptura:</strong></span> <span class='ocrx_word' id='word_1_589' title='bbox 1308 4555 1325 4587; x_wconf 85' lang='grc' dir='ltr'><strong>ι</strong></span> <span class='ocrx_word' id='word_1_590' title='bbox 1375 4537 1568 4593; x_wconf 81' lang='lat' dir='ltr'><strong>Virum</strong></span> <span class='ocrx_word' id='word_1_591' title='bbox 1623 4541 2031 4609; x_wconf 74' lang='lat' dir='ltr'><strong>pusillanimem</strong></span> 
     </span>
    </p>
   </div>
   <div class='ocr_carea' id='block_1_84' title="bbox 464 4616 2034 4697">
    <p class='ocr_par' dir='ltr' id='par_1_84' title="bbox 464 4616 2034 4697">
     <span class='ocr_line' id='line_1_84' title="bbox 464 4616 2034 4697; baseline 0.015 -31"><span class='ocrx_word' id='word_1_592' title='bbox 464 4616 590 4684; x_wconf 88' lang='lat' dir='ltr'><strong>quis</strong></span> <span class='ocrx_word' id='word_1_593' title='bbox 644 4619 914 4676; x_wconf 84' lang='lat' dir='ltr'><strong>sustineat</strong></span> <span class='ocrx_word' id='word_1_594' title='bbox 935 4624 1021 4676; x_wconf 66' lang='lat'><strong>6&quot;?</strong></span> <span class='ocrx_word' id='word_1_595' title='bbox 1058 4644 1077 4675; x_wconf 73' lang='grc' dir='ltr'><strong>ο</strong></span> <span class='ocrx_word' id='word_1_596' title='bbox 1119 4624 1261 4691; x_wconf 86' lang='lat' dir='ltr'><strong>Quin</strong></span> <span class='ocrx_word' id='word_1_597' title='bbox 1294 4629 1478 4697; x_wconf 85' lang='lat' dir='ltr'><strong>potius</strong></span> <span class='ocrx_word' id='word_1_598' title='bbox 1525 4646 1743 4687; x_wconf 80' lang='lat' dir='ltr'><strong>omnem</strong></span> <span class='ocrx_word' id='word_1_599' title='bbox 1787 4644 2034 4690; x_wconf 89' lang='lat' dir='ltr'><strong>nostram</strong></span> 
     </span>
    </p>
   </div>
   <div class='ocr_carea' id='block_1_85' title="bbox 464 4708 2033 4794">
    <p class='ocr_par' dir='ltr' id='par_1_85' title="bbox 464 4708 2033 4794">
     <span class='ocr_line' id='line_1_85' title="bbox 464 4708 2033 4794; baseline 0.014 -34"><span class='ocrx_word' id='word_1_600' title='bbox 464 4708 896 4767; x_wconf 83' lang='lat' dir='ltr'><strong>sollicitudinem</strong></span> <span class='ocrx_word' id='word_1_601' title='bbox 927 4717 1280 4786; x_wconf 83' lang='lat' dir='ltr'><strong>projiciamus</strong></span> <span class='ocrx_word' id='word_1_602' title='bbox 1306 4719 1360 4774; x_wconf 90' lang='lat' dir='ltr'><strong>in</strong></span> <span class='ocrx_word' id='word_1_603' title='bbox 1395 4722 1685 4778; x_wconf 88' lang='lat' dir='ltr'><strong>Dominum</strong></span> <span class='ocrx_word' id='word_1_604' title='bbox 1714 4742 1727 4778; x_wconf 92' lang='lat'><strong>:</strong></span> <span class='ocrx_word' id='word_1_605' title='bbox 1756 4725 1858 4794; x_wconf 87' lang='lat' dir='ltr'><strong>ipsi</strong></span> <span class='ocrx_word' id='word_1_606' title='bbox 1885 4728 2033 4782; x_wconf 85' lang='lat' dir='ltr'><strong>enim</strong></span> 
     </span>
    </p>
   </div>
   <div class='ocr_carea' id='block_1_86' title="bbox 465 4800 2037 4883">
    <p class='ocr_par' dir='ltr' id='par_1_86' title="bbox 465 4800 2037 4883">
     <span class='ocr_line' id='line_1_86' title="bbox 465 4800 2037 4883; baseline 0.016 -33"><span class='ocrx_word' id='word_1_607' title='bbox 465 4812 600 4860; x_wconf 84' lang='lat' dir='ltr'><strong>cura</strong></span> <span class='ocrx_word' id='word_1_608' title='bbox 650 4800 833 4856; x_wconf 85' lang='lat' dir='ltr'><strong>futura</strong></span> <span class='ocrx_word' id='word_1_609' title='bbox 863 4816 950 4858; x_wconf 82' lang='lat' dir='ltr'><strong>est</strong></span> <span class='ocrx_word' id='word_1_610' title='bbox 986 4810 1182 4863; x_wconf 89' lang='lat' dir='ltr'><strong>nostri.</strong></span> <span class='ocrx_word' id='word_1_611' title='bbox 1216 4811 1260 4864; x_wconf 78' lang='grc' dir='ltr'><strong>Α</strong></span> <span class='ocrx_word' id='word_1_612' title='bbox 1294 4811 1457 4868; x_wconf 87' lang='lat' dir='ltr'><strong>nobis</strong></span> <span class='ocrx_word' id='word_1_613' title='bbox 1505 4815 1690 4883; x_wconf 89' lang='lat' dir='ltr'><strong>itaque</strong></span> <span class='ocrx_word' id='word_1_614' title='bbox 1717 4817 2037 4875; x_wconf 81' lang='lat' dir='ltr'><strong>auferamus</strong></span> 
     </span>
    </p>
   </div>
   <div class='ocr_carea' id='block_1_87' title="bbox 464 4887 2036 4969">
    <p class='ocr_par' dir='ltr' id='par_1_87' title="bbox 464 4887 2036 4969">
     <span class='ocr_line' id='line_1_87' title="bbox 464 4887 2036 4969; baseline 0.015 -29"><span class='ocrx_word' id='word_1_615' title='bbox 464 4887 847 4959; x_wconf 75' lang='lat' dir='ltr'><strong>duplicitalem</strong></span> <span class='ocrx_word' id='word_1_616' title='bbox 914 4894 1078 4949; x_wconf 88' lang='lat' dir='ltr'><strong>simul</strong></span> <span class='ocrx_word' id='word_1_617' title='bbox 1152 4908 1208 4953; x_wconf 89' lang='lat' dir='ltr'><strong>et</strong></span> <span class='ocrx_word' id='word_1_618' title='bbox 1271 4902 1806 4969; x_wconf 89' lang='lat' dir='ltr'><strong>pusillanimitatcm.</strong></span> <span class='ocrx_word' id='word_1_619' title='bbox 1877 4908 2036 4964; x_wconf 90' lang='lat' dir='ltr'><strong>Nulla</strong></span> 
     </span>
    </p>
   </div>
   <div class='ocr_carea' id='block_1_88' title="bbox 466 4984 2038 5067">
    <p class='ocr_par' dir='ltr' id='par_1_88' title="bbox 466 4984 2038 5067">
     <span class='ocr_line' id='line_1_88' title="bbox 466 4984 2038 5067; baseline 0.015 -37"><span class='ocrx_word' id='word_1_620' title='bbox 466 4992 693 5048; x_wconf 84' lang='lat' dir='ltr'><strong>prorsus</strong></span> <span class='ocrx_word' id='word_1_621' title='bbox 741 4995 807 5035; x_wconf 84' lang='lat' dir='ltr'><strong>ex</strong></span> <span class='ocrx_word' id='word_1_622' title='bbox 838 4992 999 5051; x_wconf 85' lang='lat' dir='ltr'><strong>parte</strong></span> <span class='ocrx_word' id='word_1_623' title='bbox 1028 4984 1275 5055; x_wconf 84' lang='lat' dir='ltr'><strong>duplices</strong></span> <span class='ocrx_word' id='word_1_624' title='bbox 1307 4990 1675 5057; x_wconf 83' lang='lat' dir='ltr'><strong>inveniamur,</strong></span> <span class='ocrx_word' id='word_1_625' title='bbox 1704 4996 1836 5050; x_wconf 91' lang='lat' dir='ltr'><strong>dum</strong></span> <span class='ocrx_word' id='word_1_626' title='bbox 1872 4999 2038 5067; x_wconf 87' lang='lat' dir='ltr'><strong>quid-</strong></span> 
     </span>
    </p>
   </div>
   <div class='ocr_carea' id='block_1_89' title="bbox 464 5068 2038 5152">
    <p class='ocr_par' dir='ltr' id='par_1_89' title="bbox 464 5068 2038 5152">
     <span class='ocr_line' id='line_1_89' title="bbox 464 5068 2038 5152; baseline 0.015 -30"><span class='ocrx_word' id='word_1_627' title='bbox 464 5068 548 5123; x_wconf 81' lang='lat' dir='ltr'><strong>vis</strong></span> <span class='ocrx_word' id='word_1_628' title='bbox 587 5085 617 5124; x_wconf 88' lang='lat' dir='ltr'><strong>a</strong></span> <span class='ocrx_word' id='word_1_629' title='bbox 653 5070 765 5125; x_wconf 88' lang='lat' dir='ltr'><strong>Deo</strong></span> <span class='ocrx_word' id='word_1_630' title='bbox 810 5072 1184 5144; x_wconf 87' lang='lat' dir='ltr'><strong>deposcimus,</strong></span> <span class='ocrx_word' id='word_1_631' title='bbox 1216 5079 1271 5132; x_wconf 91' lang='lat' dir='ltr'><strong>in</strong></span> <span class='ocrx_word' id='word_1_632' title='bbox 1301 5082 1461 5137; x_wconf 85' lang='lat' dir='ltr'><strong>nobis</strong></span> <span class='ocrx_word' id='word_1_633' title='bbox 1500 5084 1634 5152; x_wconf 91' lang='lat' dir='ltr'><strong>ipsis</strong></span> <span class='ocrx_word' id='word_1_634' title='bbox 1677 5086 2038 5144; x_wconf 86' lang='lat' dir='ltr'><strong>insusurran-</strong></span> 
     </span>
    </p>
   </div>
   <div class='ocr_carea' id='block_1_90' title="bbox 468 5160 2035 5251">
    <p class='ocr_par' dir='ltr' id='par_1_90' title="bbox 468 5160 2035 5251">
     <span class='ocr_line' id='line_1_90' title="bbox 468 5160 2035 5251; baseline 0.015 -38"><span class='ocrx_word' id='word_1_635' title='bbox 468 5168 578 5225; x_wconf 79' lang='lat' dir='ltr'><strong>tcs,</strong></span> <span class='ocrx_word' id='word_1_636' title='bbox 614 5160 716 5228; x_wconf 85' lang='lat' dir='ltr'><strong>Qui</strong></span> <span class='ocrx_word' id='word_1_637' title='bbox 776 5167 982 5234; x_wconf 91' lang='lat' dir='ltr'><strong>possim</strong></span> <span class='ocrx_word' id='word_1_638' title='bbox 1011 5184 1042 5222; x_wconf 89' lang='lat' dir='ltr'><strong>a</strong></span> <span class='ocrx_word' id='word_1_639' title='bbox 1094 5169 1328 5232; x_wconf 84' lang='lat' dir='ltr'><strong>Domino</strong></span> <span class='ocrx_word' id='word_1_640' title='bbox 1356 5181 1413 5227; x_wconf 83' lang='lat' dir='ltr'><strong>et</strong></span> <span class='ocrx_word' id='word_1_641' title='bbox 1465 5185 1652 5245; x_wconf 88' lang='lat' dir='ltr'><strong>petere</strong></span> <span class='ocrx_word' id='word_1_642' title='bbox 1676 5185 1733 5231; x_wconf 92' lang='lat' dir='ltr'><strong>et</strong></span> <span class='ocrx_word' id='word_1_643' title='bbox 1762 5180 2035 5251; x_wconf 87' lang='lat' dir='ltr'><strong>accipere,</strong></span> 
     </span>
    </p>
   </div>
   <div class='ocr_carea' id='block_1_91' title="bbox 466 5252 2037 5337">
    <p class='ocr_par' dir='ltr' id='par_1_91' title="bbox 466 5252 2037 5337">
     <span class='ocr_line' id='line_1_91' title="bbox 466 5252 2037 5337; baseline 0.015 -33"><span class='ocrx_word' id='word_1_644' title='bbox 466 5252 559 5321; x_wconf 84' lang='lat' dir='ltr'><strong>qui</strong></span> <span class='ocrx_word' id='word_1_645' title='bbox 595 5263 744 5311; x_wconf 86' lang='lat' dir='ltr'><strong>tanta</strong></span> <span class='ocrx_word' id='word_1_646' title='bbox 774 5259 828 5310; x_wconf 88' lang='lat' dir='ltr'><strong>in</strong></span> <span class='ocrx_word' id='word_1_647' title='bbox 855 5259 1007 5314; x_wconf 88' lang='lat' dir='ltr'><strong>illum</strong></span> <span class='ocrx_word' id='word_1_648' title='bbox 1038 5261 1275 5318; x_wconf 86' lang='lat' dir='ltr'><strong>admisi?</strong></span> <span class='ocrx_word' id='word_1_649' title='bbox 1316 5265 1486 5337; x_wconf 78' lang='lat' dir='ltr'><strong>Magis</strong></span> <span class='ocrx_word' id='word_1_650' title='bbox 1509 5276 1693 5322; x_wconf 87' lang='lat' dir='ltr'><strong>autem</strong></span> <span class='ocrx_word' id='word_1_651' title='bbox 1729 5277 1842 5324; x_wconf 92' lang='lat' dir='ltr'><strong>toto</strong></span> <span class='ocrx_word' id='word_1_652' title='bbox 1869 5272 2037 5328; x_wconf 91' lang='lat' dir='ltr'><strong>corde</strong></span> 
     </span>
    </p>
   </div>
   <div class='ocr_carea' id='block_1_92' title="bbox 464 5349 2037 5435">
    <p class='ocr_par' dir='ltr' id='par_1_92' title="bbox 464 5349 2037 5435">
     <span class='ocr_line' id='line_1_92' title="bbox 464 5349 2037 5435; baseline 0.017 -41"><span class='ocrx_word' id='word_1_653' title='bbox 464 5352 788 5403; x_wconf 80' lang='lat' dir='ltr'><strong>convertere</strong></span> <span class='ocrx_word' id='word_1_654' title='bbox 815 5349 883 5405; x_wconf 88' lang='lat' dir='ltr'><strong>ad</strong></span> <span class='ocrx_word' id='word_1_655' title='bbox 909 5351 1224 5422; x_wconf 86' lang='lat' dir='ltr'><strong>Dominum,</strong></span> <span class='ocrx_word' id='word_1_656' title='bbox 1242 5366 1299 5411; x_wconf 92' lang='lat' dir='ltr'><strong>et</strong></span> <span class='ocrx_word' id='word_1_657' title='bbox 1327 5368 1451 5427; x_wconf 89' lang='lat' dir='ltr'><strong>pete</strong></span> <span class='ocrx_word' id='word_1_658' title='bbox 1479 5360 1546 5415; x_wconf 85' lang='lat' dir='ltr'><strong>ab</strong></span> <span class='ocrx_word' id='word_1_659' title='bbox 1575 5376 1642 5415; x_wconf 89' lang='lat' dir='ltr'><strong>eo</strong></span> <span class='ocrx_word' id='word_1_660' title='bbox 1666 5362 1804 5435; x_wconf 79' lang='lat' dir='ltr'><strong>nihil</strong></span> <span class='ocrx_word' id='word_1_661' title='bbox 1833 5363 2037 5420; x_wconf 88' lang='lat' dir='ltr'><strong>dubius</strong></span> 
     </span>
    </p>
   </div>
   <div class='ocr_carea' id='block_1_93' title="bbox 466 5436 2035 5526">
    <p class='ocr_par' dir='ltr' id='par_1_93' title="bbox 466 5436 2035 5526">
     <span class='ocr_line' id='line_1_93' title="bbox 466 5436 2035 5526; baseline 0.018 -42"><span class='ocrx_word' id='word_1_662' title='bbox 466 5443 563 5497; x_wconf 66' lang='lat' dir='ltr'><strong>aut</strong></span> <span class='ocrx_word' id='word_1_663' title='bbox 615 5436 888 5502; x_wconf 86' lang='lat' dir='ltr'><strong>evarians,</strong></span> <span class='ocrx_word' id='word_1_664' title='bbox 917 5451 973 5497; x_wconf 91' lang='lat' dir='ltr'><strong>et</strong></span> <span class='ocrx_word' id='word_1_665' title='bbox 1020 5446 1093 5501; x_wconf 89' lang='lat' dir='ltr'><strong>ita</strong></span> <span class='ocrx_word' id='word_1_666' title='bbox 1129 5447 1288 5505; x_wconf 80' lang='lat' dir='ltr'><strong>facile</strong></span> <span class='ocrx_word' id='word_1_667' title='bbox 1318 5450 1592 5523; x_wconf 87' lang='lat' dir='ltr'><strong>intelliges</strong></span> <span class='ocrx_word' id='word_1_668' title='bbox 1618 5471 1781 5524; x_wconf 89' lang='lat' dir='ltr'><strong>quam</strong></span> <span class='ocrx_word' id='word_1_669' title='bbox 1816 5457 2035 5526; x_wconf 89' lang='lat' dir='ltr'><strong>copiosa</strong></span> 
     </span>
    </p>
   </div>
   <div class='ocr_carea' id='block_1_94' title="bbox 465 5523 2036 5603">
    <p class='ocr_par' dir='ltr' id='par_1_94' title="bbox 465 5523 2036 5603">
     <span class='ocr_line' id='line_1_94' title="bbox 465 5523 2036 5603; baseline 0.015 -24"><span class='ocrx_word' id='word_1_670' title='bbox 465 5523 579 5579; x_wconf 81' lang='lat' dir='ltr'><strong>sint</strong></span> <span class='ocrx_word' id='word_1_671' title='bbox 611 5524 786 5596; x_wconf 89' lang='lat' dir='ltr'><strong>ipsius</strong></span> <span class='ocrx_word' id='word_1_672' title='bbox 820 5531 1029 5591; x_wconf 85' lang='lat' dir='ltr'><strong>viscera</strong></span> <span class='ocrx_word' id='word_1_673' title='bbox 1062 5538 1458 5598; x_wconf 73' lang='lat' dir='ltr'><strong>misericordiae</strong></span> <span class='ocrx_word' id='word_1_674' title='bbox 1492 5560 1505 5598; x_wconf 88' lang='lat'><strong>:</strong></span> <span class='ocrx_word' id='word_1_675' title='bbox 1539 5523 1719 5601; x_wconf 85' lang='lat' dir='ltr'><strong>neuue</strong></span> <span class='ocrx_word' id='word_1_676' title='bbox 1747 5546 1896 5601; x_wconf 90' lang='lat' dir='ltr'><strong>enim</strong></span> <span class='ocrx_word' id='word_1_677' title='bbox 1924 5548 2036 5603; x_wconf 90' lang='lat' dir='ltr'><strong>ullo</strong></span> 
     </span>
    </p>
   </div>
   <div class='ocr_carea' id='block_1_95' title="bbox 2730 4127 3125 4183">
    <p class='ocr_par' dir='ltr' id='par_1_95' title="bbox 2730 4127 3125 4183">
     <span class='ocr_line' id='line_1_95' title="bbox 2730 4127 3125 4183; baseline 0.003 -1"><span class='ocrx_word' id='word_1_678' title='bbox 2730 4129 2950 4182; x_wconf 83' lang='grc' dir='ltr'><strong>ΛΟΓΟΣ</strong></span> <span class='ocrx_word' id='word_1_679' title='bbox 2997 4127 3125 4183; x_wconf 87' lang='grc' dir='ltr'><strong>ΠΕ¹.</strong></span> 
     </span>
    </p>
   </div>
   <div class='ocr_carea' id='block_1_96' title="bbox 2384 4236 3473 4308">
    <p class='ocr_par' dir='ltr' id='par_1_96' title="bbox 2384 4236 3473 4308">
     <span class='ocr_line' id='line_1_96' title="bbox 2384 4236 3473 4308; baseline -0.001 -15"><span class='ocrx_word' id='word_1_680' title='bbox 2384 4238 2524 4308; x_wconf 76' lang='grc' dir='ltr'>Περὶ</span> <span class='ocrx_word' id='word_1_681' title='bbox 2575 4238 2974 4308; x_wconf 71' lang='grc' dir='ltr'>ὀλιγοψυχίας</span> <span class='ocrx_word' id='word_1_682' title='bbox 3015 4238 3113 4292; x_wconf 75' lang='grc' dir='ltr'>καὶ</span> <span class='ocrx_word' id='word_1_683' title='bbox 3155 4236 3473 4308; x_wconf 74' lang='grc' dir='ltr'>διψυχίας.</span> 
     </span>
    </p>
   </div>
   <div class='ocr_carea' id='block_1_97' title="bbox 2208 4345 3697 4423">
    <p class='ocr_par' dir='ltr' id='par_1_97' title="bbox 2208 4345 3697 4423">
     <span class='ocr_line' id='line_1_97' title="bbox 2208 4345 3697 4423; baseline -0.005 -16"><span class='ocrx_word' id='word_1_684' title='bbox 2208 4351 2301 4423; x_wconf 79' lang='grc' dir='ltr'><strong>Μὴ</strong></span> <span class='ocrx_word' id='word_1_685' title='bbox 2361 4348 2541 4419; x_wconf 79' lang='grc' dir='ltr'>δῶμεν</span> <span class='ocrx_word' id='word_1_686' title='bbox 2610 4347 2815 4419; x_wconf 81' lang='grc' dir='ltr'>χώραν,</span> <span class='ocrx_word' id='word_1_687' title='bbox 2853 4346 3105 4414; x_wconf 66' lang='grc' dir='ltr'>ἀδελφοὶ,</span> <span class='ocrx_word' id='word_1_688' title='bbox 3142 4347 3221 4419; x_wconf 81' lang='grc' dir='ltr'>τῷ</span> <span class='ocrx_word' id='word_1_689' title='bbox 3274 4348 3550 4418; x_wconf 59' lang='grc' dir='ltr'>πνεύματι</span> <span class='ocrx_word' id='word_1_690' title='bbox 3610 4345 3697 4415; x_wconf 75' lang='grc' dir='ltr'>τῆς</span> 
     </span>
    </p>
   </div>
   <div class='ocr_carea' id='block_1_98' title="bbox 2140 4436 3698 4511">
    <p class='ocr_par' dir='ltr' id='par_1_98' title="bbox 2140 4436 3698 4511">
     <span class='ocr_line' id='line_1_98' title="bbox 2140 4436 3698 4511; baseline -0.003 -19"><span class='ocrx_word' id='word_1_691' title='bbox 2140 4439 2488 4511; x_wconf 69' lang='grc' dir='ltr'>ὀλιγοψυχίας</span> <span class='ocrx_word' id='word_1_692' title='bbox 2531 4436 2964 4507; x_wconf 82' lang='grc' dir='ltr'>κατακυριεῦσαι</span> <span class='ocrx_word' id='word_1_693' title='bbox 2994 4437 3172 4508; x_wconf 76' lang='grc' dir='ltr'>ἡμῶν,</span> <span class='ocrx_word' id='word_1_694' title='bbox 3210 4436 3295 4490; x_wconf 76' lang='grc' dir='ltr'>ἵνα</span> <span class='ocrx_word' id='word_1_695' title='bbox 3319 4437 3401 4509; x_wconf 78' lang='grc' dir='ltr'><strong>μὴ</strong></span> <span class='ocrx_word' id='word_1_696' title='bbox 3429 4452 3698 4505; x_wconf 83' lang='grc' dir='ltr'>καταγνω-</span> 
     </span>
    </p>
   </div>
   <div class='ocr_carea' id='block_1_99' title="bbox 2142 4524 3699 4603">
    <p class='ocr_par' dir='ltr' id='par_1_99' title="bbox 2142 4524 3699 4603">
     <span class='ocr_line' id='line_1_99' title="bbox 2142 4524 3699 4603; baseline -0.005 -15"><span class='ocrx_word' id='word_1_697' title='bbox 2142 4535 2356 4603; x_wconf 73' lang='grc' dir='ltr'>σοῶμεν</span> <span class='ocrx_word' id='word_1_698' title='bbox 2395 4531 2499 4585; x_wconf 82' lang='grc' dir='ltr'><strong>ὑπὸ</strong></span> <span class='ocrx_word' id='word_1_699' title='bbox 2530 4532 2627 4598; x_wconf 79' lang='grc' dir='ltr'>τῆς</span> <span class='ocrx_word' id='word_1_700' title='bbox 2666 4529 2930 4599; x_wconf 78' lang='grc' dir='ltr'>λεγούσης</span> <span class='ocrx_word' id='word_1_701' title='bbox 2970 4530 3216 4601; x_wconf 72' lang='grc' dir='ltr'>Γραερῆς·</span> <span class='ocrx_word' id='word_1_702' title='bbox 3248 4549 3266 4582; x_wconf 79' lang='grc' dir='ltr'>ε</span> <span class='ocrx_word' id='word_1_703' title='bbox 3309 4524 3519 4600; x_wconf 73' lang='grc' dir='ltr'>Ἄνδρα</span> <span class='ocrx_word' id='word_1_704' title='bbox 3538 4528 3699 4596; x_wconf 78' lang='grc' dir='ltr'>ὀλιγό-</span> 
     </span>
    </p>
   </div>
   <div class='ocr_carea' id='block_1_100' title="bbox 2136 4624 3703 4698">
    <p class='ocr_par' dir='ltr' id='par_1_100' title="bbox 2136 4624 3703 4698">
     <span class='ocr_line' id='line_1_100' title="bbox 2136 4624 3703 4698; baseline -0.004 -17"><span class='ocrx_word' id='word_1_705' title='bbox 2136 4628 2307 4698; x_wconf 69' lang='grc' dir='ltr'>ψυχον</span> <span class='ocrx_word' id='word_1_706' title='bbox 2360 4628 2441 4688; x_wconf 79' lang='grc' dir='ltr'><strong>τίς</strong></span> <span class='ocrx_word' id='word_1_707' title='bbox 2489 4627 2732 4688; x_wconf 77' lang='grc' dir='ltr'>ὑποίσεις</span> <span class='ocrx_word' id='word_1_708' title='bbox 2779 4644 2797 4676; x_wconf 72' lang='grc' dir='ltr'><strong>ι</strong></span> <span class='ocrx_word' id='word_1_709' title='bbox 2844 4624 3004 4678; x_wconf 78' lang='grc' dir='ltr'>Ἀλλὰ</span> <span class='ocrx_word' id='word_1_710' title='bbox 3054 4628 3235 4682; x_wconf 63' lang='grc' dir='ltr'>πᾶσαν</span> <span class='ocrx_word' id='word_1_711' title='bbox 3282 4626 3382 4697; x_wconf 76' lang='grc' dir='ltr'>τὴν</span> <span class='ocrx_word' id='word_1_712' title='bbox 3445 4626 3703 4698; x_wconf 82' lang='grc' dir='ltr'>μέριμναν</span> 
     </span>
    </p>
   </div>
   <div class='ocr_carea' id='block_1_101' title="bbox 2137 4716 3703 4791">
    <p class='ocr_par' dir='ltr' id='par_1_101' title="bbox 2137 4716 3703 4791">
     <span class='ocr_line' id='line_1_101' title="bbox 2137 4716 3703 4791; baseline -0.005 -18"><span class='ocrx_word' id='word_1_713' title='bbox 2137 4721 2294 4791; x_wconf 76' lang='grc' dir='ltr'><strong>ἡμῶν</strong></span> <span class='ocrx_word' id='word_1_714' title='bbox 2331 4719 2710 4791; x_wconf 41' lang='lat' dir='ltr'><strong>summoue;</strong></span> <span class='ocrx_word' id='word_1_715' title='bbox 2739 4720 2831 4771; x_wconf 74' lang='grc' dir='ltr'><strong>ἐπὶ</strong></span> <span class='ocrx_word' id='word_1_716' title='bbox 2861 4717 3085 4788; x_wconf 71' lang='grc' dir='ltr'>Κύριον,</span> <span class='ocrx_word' id='word_1_717' title='bbox 3117 4718 3200 4771; x_wconf 84' lang='grc' dir='ltr'>ὅτι</span> <span class='ocrx_word' id='word_1_718' title='bbox 3230 4718 3380 4788; x_wconf 83' lang='grc' dir='ltr'>αὐτῷ</span> <span class='ocrx_word' id='word_1_719' title='bbox 3414 4719 3567 4788; x_wconf 80' lang='grc' dir='ltr'>μέλει</span> <span class='ocrx_word' id='word_1_720' title='bbox 3591 4716 3703 4786; x_wconf 67' lang='grc' dir='ltr'>περὶ</span> 
     </span>
    </p>
   </div>
   <div class='ocr_carea' id='block_1_102' title="bbox 2139 4806 3705 4884">
    <p class='ocr_par' dir='ltr' id='par_1_102' title="bbox 2139 4806 3705 4884">
     <span class='ocr_line' id='line_1_102' title="bbox 2139 4806 3705 4884; baseline -0.002 -19"><span class='ocrx_word' id='word_1_721' title='bbox 2139 4812 2314 4884; x_wconf 75' lang='grc' dir='ltr'>ἡμῶν.</span> <span class='ocrx_word' id='word_1_722' title='bbox 2358 4813 2613 4883; x_wconf 74' lang='grc' dir='ltr'>’Ᾱρωμεν</span> <span class='ocrx_word' id='word_1_723' title='bbox 2670 4806 2762 4864; x_wconf 72' lang='grc' dir='ltr'><strong>οὖν</strong></span> <span class='ocrx_word' id='word_1_724' title='bbox 2825 4810 2917 4878; x_wconf 68' lang='grc' dir='ltr'><strong>ἀφ’</strong></span> <span class='ocrx_word' id='word_1_725' title='bbox 2946 4810 3104 4880; x_wconf 82' lang='grc' dir='ltr'><strong>ἡμῶν</strong></span> <span class='ocrx_word' id='word_1_726' title='bbox 3160 4810 3256 4880; x_wconf 80' lang='grc' dir='ltr'>τὴν</span> <span class='ocrx_word' id='word_1_727' title='bbox 3306 4810 3587 4881; x_wconf 75' lang='grc' dir='ltr'>διψυχίαν,</span> <span class='ocrx_word' id='word_1_728' title='bbox 3619 4807 3705 4863; x_wconf 75' lang='grc' dir='ltr'>καὶ</span> 
     </span>
    </p>
   </div>
   <div class='ocr_carea' id='block_1_103' title="bbox 2139 4906 3700 4979">
    <p class='ocr_par' dir='ltr' id='par_1_103' title="bbox 2139 4906 3700 4979">
     <span class='ocr_line' id='line_1_103' title="bbox 2139 4906 3700 4979; baseline -0.003 -21"><span class='ocrx_word' id='word_1_729' title='bbox 2139 4907 2512 4977; x_wconf 66' lang='grc' dir='ltr'>ὀλιγοψυχίαν,</span> <span class='ocrx_word' id='word_1_730' title='bbox 2550 4907 2646 4959; x_wconf 72' lang='grc' dir='ltr'>καὶ</span> <span class='ocrx_word' id='word_1_731' title='bbox 2694 4908 2815 4976; x_wconf 80' lang='grc' dir='ltr'>μηδ’</span> <span class='ocrx_word' id='word_1_732' title='bbox 2843 4908 2979 4971; x_wconf 80' lang='grc' dir='ltr'>ὅλως</span> <span class='ocrx_word' id='word_1_733' title='bbox 3027 4907 3440 4979; x_wconf 71' lang='grc' dir='ltr'>διψυχήσωμεν,</span> <span class='ocrx_word' id='word_1_734' title='bbox 3484 4906 3700 4975; x_wconf 79' lang='grc' dir='ltr'>αἰτήσα-</span> 
     </span>
    </p>
   </div>
   <div class='ocr_carea' id='block_1_104' title="bbox 2142 4993 3705 5068">
    <p class='ocr_par' dir='ltr' id='par_1_104' title="bbox 2142 4993 3705 5068">
     <span class='ocr_line' id='line_1_104' title="bbox 2142 4993 3705 5068; baseline -0.003 -17"><span class='ocrx_word' id='word_1_735' title='bbox 2142 4994 2266 5051; x_wconf 77' lang='grc' dir='ltr'>σθαί</span> <span class='ocrx_word' id='word_1_736' title='bbox 2314 5014 2365 5050; x_wconf 85' lang='grc' dir='ltr'>τι</span> <span class='ocrx_word' id='word_1_737' title='bbox 2404 4998 2556 5068; x_wconf 80' lang='grc' dir='ltr'>παρὰ</span> <span class='ocrx_word' id='word_1_738' title='bbox 2596 4997 2690 5051; x_wconf 78' lang='grc' dir='ltr'><strong>τοῦ</strong></span> <span class='ocrx_word' id='word_1_739' title='bbox 2738 4998 2896 5062; x_wconf 82' lang='grc' dir='ltr'>Θεοῦ,</span> <span class='ocrx_word' id='word_1_740' title='bbox 2957 4998 3209 5066; x_wconf 82' lang='grc' dir='ltr'>λέγοντες</span> <span class='ocrx_word' id='word_1_741' title='bbox 3260 4998 3318 5050; x_wconf 81' lang='grc' dir='ltr'>ἐν</span> <span class='ocrx_word' id='word_1_742' title='bbox 3370 4993 3705 5059; x_wconf 79' lang='grc' dir='ltr'>ἐαυτοῖς,ὂτι</span> 
     </span>
    </p>
   </div>
   <div class='ocr_carea' id='block_1_105' title="bbox 2141 5086 3702 5162">
    <p class='ocr_par' dir='ltr' id='par_1_105' title="bbox 2141 5086 3702 5162">
     <span class='ocr_line' id='line_1_105' title="bbox 2141 5086 3702 5162; baseline 0.002 -24"><span class='ocrx_word' id='word_1_743' title='bbox 2141 5086 2266 5149; x_wconf 80' lang='grc' dir='ltr'><strong>Πῶς</strong></span> <span class='ocrx_word' id='word_1_744' title='bbox 2296 5088 2534 5160; x_wconf 78' lang='grc' dir='ltr'>δύναμαι</span> <span class='ocrx_word' id='word_1_745' title='bbox 2560 5090 2891 5162; x_wconf 76' lang='grc' dir='ltr'>αἰτησασῢαι</span> <span class='ocrx_word' id='word_1_746' title='bbox 2924 5089 3075 5162; x_wconf 83' lang='grc' dir='ltr'>παρὰ</span> <span class='ocrx_word' id='word_1_747' title='bbox 3113 5089 3340 5158; x_wconf 77' lang='grc' dir='ltr'>Κυρίου,</span> <span class='ocrx_word' id='word_1_748' title='bbox 3362 5088 3464 5141; x_wconf 80' lang='grc' dir='ltr'>καὶ</span> <span class='ocrx_word' id='word_1_749' title='bbox 3510 5086 3702 5141; x_wconf 78' lang='grc' dir='ltr'>λαϐεῖν.</span> 
     </span>
    </p>
   </div>
   <div class='ocr_carea' id='block_1_106' title="bbox 2140 5175 3705 5251">
    <p class='ocr_par' dir='ltr' id='par_1_106' title="bbox 2140 5175 3705 5251">
     <span class='ocr_line' id='line_1_106' title="bbox 2140 5175 3705 5251; baseline 0.003 -19"><span class='ocrx_word' id='word_1_750' title='bbox 2140 5181 2477 5251; x_wconf 76' lang='grc' dir='ltr'>ἡμαρτηκὼς</span> <span class='ocrx_word' id='word_1_751' title='bbox 2512 5183 2751 5237; x_wconf 79' lang='grc' dir='ltr'>τοσαῦτα</span> <span class='ocrx_word' id='word_1_752' title='bbox 2791 5184 2867 5247; x_wconf 88' lang='grc' dir='ltr'><strong>είς</strong></span> <span class='ocrx_word' id='word_1_753' title='bbox 2912 5182 3075 5236; x_wconf 76' lang='grc' dir='ltr'>αὐτόν</span> <span class='ocrx_word' id='word_1_754' title='bbox 3110 5197 3123 5245; x_wconf 93' lang='grc'><strong>;</strong></span> <span class='ocrx_word' id='word_1_755' title='bbox 3172 5181 3312 5235; x_wconf 79' lang='grc' dir='ltr'>’Δλλ’</span> <span class='ocrx_word' id='word_1_756' title='bbox 3344 5178 3406 5244; x_wconf 78' lang='grc' dir='ltr'>ἐξ</span> <span class='ocrx_word' id='word_1_757' title='bbox 3442 5180 3578 5251; x_wconf 84' lang='grc' dir='ltr'>ὅλης</span> <span class='ocrx_word' id='word_1_758' title='bbox 3617 5175 3705 5244; x_wconf 77' lang='grc' dir='ltr'><strong>τῆς</strong></span> 
     </span>
    </p>
   </div>
   <div class='ocr_carea' id='block_1_107' title="bbox 2142 5266 3702 5351">
    <p class='ocr_par' dir='ltr' id='par_1_107' title="bbox 2142 5266 3702 5351">
     <span class='ocr_line' id='line_1_107' title="bbox 2142 5266 3702 5351; baseline -0.006 -20"><span class='ocrx_word' id='word_1_759' title='bbox 2142 5274 2368 5343; x_wconf 77' lang='grc' dir='ltr'>καρδίας</span> <span class='ocrx_word' id='word_1_760' title='bbox 2419 5294 2512 5329; x_wconf 90' lang='grc' dir='ltr'>σου</span> <span class='ocrx_word' id='word_1_761' title='bbox 2552 5278 2879 5348; x_wconf 75' lang='grc' dir='ltr'>ὲπίστρεψον</span> <span class='ocrx_word' id='word_1_762' title='bbox 2915 5276 3007 5329; x_wconf 78' lang='grc' dir='ltr'><strong>ἐπὶ</strong></span> <span class='ocrx_word' id='word_1_763' title='bbox 3040 5275 3130 5329; x_wconf 79' lang='grc' dir='ltr'>τὸν</span> <span class='ocrx_word' id='word_1_764' title='bbox 3161 5273 3386 5351; x_wconf 61' lang='grc' dir='ltr'>Κύριον,</span> <span class='ocrx_word' id='word_1_765' title='bbox 3422 5275 3523 5327; x_wconf 77' lang='grc' dir='ltr'>καὶ</span> <span class='ocrx_word' id='word_1_766' title='bbox 3566 5266 3702 5326; x_wconf 75' lang='grc' dir='ltr'>αἰτοῦ</span> 
     </span>
    </p>
   </div>
   <div class='ocr_carea' id='block_1_108' title="bbox 2143 5361 3707 5442">
    <p class='ocr_par' dir='ltr' id='par_1_108' title="bbox 2143 5361 3707 5442">
     <span class='ocr_line' id='line_1_108' title="bbox 2143 5361 3707 5442; baseline -0.002 -23"><span class='ocrx_word' id='word_1_767' title='bbox 2143 5370 2274 5438; x_wconf 78' lang='grc' dir='ltr'>παρ’</span> <span class='ocrx_word' id='word_1_768' title='bbox 2309 5369 2474 5421; x_wconf 72' lang='grc' dir='ltr'>αὐτοῦ</span> <span class='ocrx_word' id='word_1_769' title='bbox 2534 5370 2893 5433; x_wconf 80' lang='grc' dir='ltr'>ἁδιστάκτως,</span> <span class='ocrx_word' id='word_1_770' title='bbox 2953 5367 3048 5422; x_wconf 74' lang='grc' dir='ltr'>καὶ</span> <span class='ocrx_word' id='word_1_771' title='bbox 3104 5366 3301 5435; x_wconf 82' lang='grc' dir='ltr'>γνώσει</span> <span class='ocrx_word' id='word_1_772' title='bbox 3357 5366 3462 5436; x_wconf 77' lang='grc' dir='ltr'>τὴν</span> <span class='ocrx_word' id='word_1_773' title='bbox 3520 5361 3707 5442; x_wconf 58' lang='grc' dir='ltr'>πολλὴν</span> 
     </span>
    </p>
   </div>
   <div class='ocr_carea' id='block_1_109' title="bbox 2147 5451 3707 5532">
    <p class='ocr_par' dir='ltr' id='par_1_109' title="bbox 2147 5451 3707 5532">
     <span class='ocr_line' id='line_1_109' title="bbox 2147 5451 3707 5532; baseline -0.003 -20"><span class='ocrx_word' id='word_1_774' title='bbox 2147 5460 2310 5513; x_wconf 79' lang='grc' dir='ltr'>αὐτοῦ</span> <span class='ocrx_word' id='word_1_775' title='bbox 2340 5461 2763 5532; x_wconf 76' lang='grc' dir='ltr'>εὐσπλαγχνίαν,</span> <span class='ocrx_word' id='word_1_776' title='bbox 2798 5463 2877 5515; x_wconf 76' lang='grc' dir='ltr'><strong>ὅτι</strong></span> <span class='ocrx_word' id='word_1_777' title='bbox 2911 5462 2970 5514; x_wconf 76' lang='grc' dir='ltr'><strong>οὺ</strong></span> <span class='ocrx_word' id='word_1_778' title='bbox 3006 5461 3078 5531; x_wconf 87' lang='grc' dir='ltr'><strong>μή</strong></span> <span class='ocrx_word' id='word_1_779' title='bbox 3112 5476 3171 5512; x_wconf 87' lang='grc' dir='ltr'>σε</span> <span class='ocrx_word' id='word_1_780' title='bbox 3195 5457 3563 5528; x_wconf 76' lang='grc' dir='ltr'>ἐγκαταλίπῃ.</span> <span class='ocrx_word' id='word_1_781' title='bbox 3587 5451 3707 5508; x_wconf 63' lang='grc' dir='ltr'>ἀλλὰ</span> 
     </span>
    </p>
   </div>
   <div class='ocr_carea' id='block_1_110' title="bbox 2143 5544 3708 5623">
    <p class='ocr_par' dir='ltr' id='par_1_110' title="bbox 2143 5544 3708 5623">
     <span class='ocr_line' id='line_1_110' title="bbox 2143 5544 3708 5623; baseline -0.003 -21"><span class='ocrx_word' id='word_1_782' title='bbox 2143 5549 2204 5603; x_wconf 82' lang='grc' dir='ltr'>τὸ</span> <span class='ocrx_word' id='word_1_783' title='bbox 2231 5550 2438 5621; x_wconf 77' lang='grc' dir='ltr'>αἴτημα</span> <span class='ocrx_word' id='word_1_784' title='bbox 2481 5551 2579 5622; x_wconf 80' lang='grc' dir='ltr'>τῆς</span> <span class='ocrx_word' id='word_1_785' title='bbox 2616 5551 2792 5623; x_wconf 72' lang='grc' dir='ltr'>ψυχῆς</span> <span class='ocrx_word' id='word_1_786' title='bbox 2824 5568 2917 5605; x_wconf 91' lang='grc' dir='ltr'>σου</span> <span class='ocrx_word' id='word_1_787' title='bbox 2964 5548 3389 5623; x_wconf 75' lang='grc' dir='ltr'>πληροφορήσει.</span> <span class='ocrx_word' id='word_1_788' title='bbox 3421 5547 3546 5601; x_wconf 76' lang='grc' dir='ltr'>Οὐκ</span> <span class='ocrx_word' id='word_1_789' title='bbox 3574 5544 3708 5599; x_wconf 63' lang='lat' dir='ltr'><strong>tam</strong></span> 
     </span>
    </p>
   </div>
   <div class='ocr_carea' id='block_1_111' title="bbox 537 5654 2309 5777">
    <p class='ocr_par' dir='ltr' id='par_1_111' title="bbox 537 5654 2309 5777">
     <span class='ocr_line' id='line_1_111' title="bbox 537 5654 2309 5777; baseline 0.011 -47"><span class='ocrx_word' id='word_1_790' title='bbox 537 5674 583 5707; x_wconf 86' lang='grc'><strong>⁸⁸</strong></span> <span class='ocrx_word' id='word_1_791' title='bbox 609 5654 800 5739; x_wconf 52' lang='lat' dir='ltr'><strong>Matth;</strong></span> <span class='ocrx_word' id='word_1_792' title='bbox 846 5699 970 5739; x_wconf 76' lang='lat' dir='ltr'><strong>xxiv</strong></span> <span class='ocrx_word' id='word_1_793' title='bbox 996 5725 1009 5751; x_wconf 90' lang='lat'><strong>,</strong></span> <span class='ocrx_word' id='word_1_794' title='bbox 1038 5686 1125 5777; x_wconf 70' lang='grc'><strong>42.</strong></span> <span class='ocrx_word' id='word_1_795' title='bbox 1207 5689 1251 5721; x_wconf 73' lang='grc'><strong><em>⁵⁸</em></strong></span> <span class='ocrx_word' id='word_1_796' title='bbox 1291 5689 1427 5745; x_wconf 82' lang='lat' dir='ltr'><strong>Luc.</strong></span> <span class='ocrx_word' id='word_1_797' title='bbox 1466 5708 1561 5758; x_wconf 83' lang='lat' dir='ltr'><strong>xu,</strong></span> <span class='ocrx_word' id='word_1_798' title='bbox 1595 5693 1683 5748; x_wconf 80' lang='grc'><strong>59.</strong></span> <span class='ocrx_word' id='word_1_799' title='bbox 1760 5695 1803 5728; x_wconf 85' lang='grc'><strong>⁶⁰</strong></span> <span class='ocrx_word' id='word_1_800' title='bbox 1840 5695 2002 5751; x_wconf 81' lang='lat' dir='ltr'><strong>Prov.</strong></span> <span class='ocrx_word' id='word_1_801' title='bbox 2033 5711 2187 5763; x_wconf 82' lang='lat' dir='ltr'><strong>xvm,</strong></span> <span class='ocrx_word' id='word_1_802' title='bbox 2225 5696 2309 5751; x_wconf 66' lang='grc'><strong>14.</strong></span> 
     </span>
    </p>
   </div>
  </div>
