3986 6148
380 367 515 435 1693

1082 369 1418 461 HOMILIA
1452 374 1732 436 LXXXV.
1761 400 1832 413 --
1860 375 1962 437 DE
1996 368 2721 451 PUSILIANIMITATE,
2754 378 2915 440 ETC.

3480 376 3619 441 1694

376 484 486 551 γὰρ
524 487 549 536 ὁ
588 482 717 546 Θεὸς
751 481 825 543 (in:
865 481 914 539 οί
961 480 1265 554 ἄνθρωποι,
1303 486 1793 556 μνησικακοῦντες,
1833 485 1949 541 ἀλλ’

2056 496 2231 559 pacto,
2264 487 2323 543 in
2351 485 2677 543 discrimine
2715 488 2914 558 quovis
2967 486 3208 557 positum
3264 494 3324 541 te
3374 486 3616 551 deseret,

378 576 539 637 αὗτὸς
590 572 966 645 ἀμνησίκακός
1015 574 1191 640 ἐστιν,
1232 577 1328 631 καὶ
1380 577 1806 648 σπλαγχνίζεται
1854 577 1948 631 ἐπὶ

374 668 476 738 τὴν
512 667 727 736 ποίησιν
755 665 943 721 αὑτοῦ.
973 668 1045 722 Σὺ
1096 662 1191 722 οὗν
1232 668 1533 740 καθάρισον
1572 672 1671 741 τὴν
1719 671 1950 742 καρδίαν

374 756 472 811 σου
518 757 626 811 ἀπὸ
677 757 773 810 τοῦ
810 756 1107 824 διστάζειν,
1134 760 1228 813 καὶ
1268 760 1427 814 αἰτοῦ
1480 761 1614 832 παρ’
1636 762 1831 828 αὑτοῦ,
1857 763 1950 816 καὶ

371 848 518 919 λήψῃ
577 848 641 902 τὸ
691 848 907 919 αἴτημά
977 867 1117 902 σου·
1187 852 1328 907 ἐπὰν
1394 852 1452 906 δὲ
1517 852 1778 927 5mm,-
1815 893 1830 919 ,
1887 854 1947 908 οὐ

370 937 542 1008 λήψῃ.
573 940 635 995 Οί
691 939 800 1010 γὰρ
822 939 1172 1003 διστάζοντες
1206 942 1295 1005 ,είς
1334 942 1425 997 τὸν
1454 942 1607 1007 Θεὸν,
1640 937 1788 996 οὗτοί
1808 945 1949 997 εἰσιν

370 1032 423 1082 oi
489 1030 738 1100 δίψυχοι,
795 1031 889 1087 καὶ
949 1032 1101 1089 οὐδὲν
1150 1033 1287 1101 ὅλως
1333 1035 1791 1103 ἐπιτυγχάνουσιν
1838 1035 1950 1088 τῶν

371 1125 695 1195 αἰτημάτων
721 1126 931 1181 αὐτῶν.
961 1129 1024 1181 Οἱ
1069 1128 1126 1181 δὲ
1155 1129 1425 1198 ὁλοτελεῖς
1455 1131 1629 1195 ὄντες,
1657 1132 1718 1185 ἐν
1750 1135 1815 1202 τῇ
1860 1134 1953 1185 πί-

371 1232 493 1268 στει
536 1217 714 1269 πάντα
765 1218 1064 1286 αἰτοῦνται,
1102 1220 1424 1285 πεποιθότες
1454 1223 1548 1277 ἐπὶ
1594 1223 1687 1276 τὸν
1722 1221 1947 1293 Κύριον,

369 1311 473 1363 καὶ
530 1312 902 1381 λαμϐάνουσιν
929 1314 958 1365 ὅ
1011 1330 1064 1366 τι
1095 1313 1433 1377 ἀδιστάκτως
1479 1313 1780 1368 αἰτοῦνται.
1823 1313 1951 1368 Ἐὰν

366 1403 430 1456 δὲ
467 1404 561 1454 καὶ
592 1403 919 1474 βραδύτερον
945 1404 1263 1476 λαμϐάνῃς,
1285 1406 1361 1476 μὴ
1389 1405 1715 1478 διψυχήσῃς,
1748 1406 1831 1458 ὅτι
1851 1407 1952 1459 οὐκ

368 1496 569 1559 ἔλαϐες
604 1498 741 1567 ταχὺ
768 1499 829 1551 τὸ
859 1498 1068 1570 αἴτημα
1094 1500 1194 1570 τῆς
1218 1499 1403 1570 ψυχῆς
1432 1517 1527 1553 σου
1549 1517 1563 1532 ·
1593 1502 1812 1564 πάντως
1841 1502 1951 1571 γάρ

366 1588 464 1641 διὰ
500 1590 805 1660 πειρασμόν
836 1591 1038 1663 τινα,ἢ
1083 1591 1437 1662 παράπτωμά
1474 1611 1526 1646 τι
1560 1592 1588 1645 ὃ
1614 1594 1678 1646 σὺ
1713 1594 1947 1661 ἀγνοεῖς,

369 1679 703 1749 βραδύτερον
736 1680 1054 1751 λαμϐάνεις.
1083 1682 1154 1737 Σὺ
1189 1682 1283 1736 οῦν
1310 1684 1382 1755 μὴ
1406 1684 1658 1754 διαλίπῃς
1691 1684 1950 1753 αίτούμευ

367 1788 464 1832 νος
490 1770 551 1823 τὸ
579 1770 790 1840 αἴτημα
836 1772 934 1842 τῆς
986 1772 1165 1843 ψυχῆς
1197 1791 1316 1839 σου,
1344 1775 1439 1827 καὶ
1462 1774 1606 1846 λήψῃ
1653 1775 1807 1828 αὑτό.
1826 1775 1951 1828 Ἐὰν

366 1860 437 1929 δὴ
465 1860 783 1930 ὲκκακήσῃς
852 1862 1205 1932 αίτούμενος,
1242 1865 1468 1917 σεαυτὸν
1516 1864 1698 1927 αἰτιῶ,
1738 1865 1834 1918 καὶ
1877 1864 1951 1936 μὴ

365 1954 465 2006 τὸν
522 1952 767 2006 διδοῦντά
809 1953 995 2006 σοι.Ἦ
1042 1955 1150 2024 γάρ
1202 1953 1422 2024 διψυχία
1452 1995 1466 2017 ,
1506 1954 1756 2024 Θυγάτηρ
1800 1953 1951 2006 ἐστὶν

372 2044 472 2097 τοῦ
500 2043 772 2108 διαϐόλου,
810 2044 903 2097 καλ¹
923 2043 1044 2098 λίαν
1073 2046 1438 2117 πονηρεύεται
1465 2048 1545 2109 είς
1578 2048 1704 2109 τοὺς
1729 2046 1952 2111 δούλους

369 2134 473 2190 τοῦ
529 2135 686 2188 Θεοῦ.
725 2136 798 2188 Σὺ
830 2135 928 2189 οὖν
966 2134 1185 2190 ἔνδυσαι
1233 2136 1329 2207 τὴν
1360 2137 1542 2190 πίστιν
1568 2137 1666 2208 τὴν
1704 2139 1948 2207 ἰσχυράν.

367 2228 599 2297 Στῶμεν
625 2224 718 2281 οὗν
746 2228 970 2297 ἑδραῖοι,
994 2228 1069 2288 ὡς
1095 2227 1289 2298 ἄκμων
1314 2228 1661 2298 τυπτόμενοι.
1694 2230 1950 2297 Μεγάλου

361 2316 612 2387 ἀθλητοῦ
681 2319 829 2371 ἐστιν
885 2317 1161 2387 δέρεσθαι,
1213 2317 1308 2371 καὶ
1363 2320 1542 2389 νικᾷν.
1597 2318 1849 2373 Μάλιστα
1895 2320 1952 2372 δὲ

358 2408 513 2463 Θεοῦ
542 2409 728 2462 ένεκεν
755 2408 932 2461 πάντα
960 2407 1340 2477 ὑπομένωμεν,
1376 2408 1462 2462 ἵνα
1494 2408 1588 2461 καὶ
1618 2409 1777 2472 αὐτὸς
1808 2410 1954 2480 ἡμᾶς

362 2501 646 2571 ὑπομείνῃ
669 2515 683 2529 ο
715 2500 995 2554 σπουδαῖοι
1053 2498 1341 2569 γενώμεθα
1363 2541 1378 2566 ,
1404 2501 1533 2563 τοὺς
1566 2503 1808 2571 ’καιροὺς
1852 2518 1954 2554 κα..

361 2611 434 2646 τα
448 2592 746 2664 μάθωμεν,
806 2593 898 2646 τὸν
958 2593 1293 2664 ὑπέρχρονον
1357 2594 1808 2663 προσδοκοῦντες,
1862 2595 1954 2648 τὸν

364 2685 437 2754 dx
457 2701 629 2754 ρονον,
656 2685 747 2737 τὸν
780 2685 1033 2754 ἀόρατον,
1072 2685 1140 2738 δι’
1167 2688 1312 2756 ἡμᾶς
1347 2686 1403 2739 δὲ
1431 2688 1644 2757 ὁρατὸν,
1672 2687 1765 2739 τὸν
1811 2687 1952 2760 ἅψη-

364 2777 438 2829 λά
456 2792 639 2844 φητον,
680 2775 746 2828 δι’
781 2778 926 2843 ἡμᾶς
968 2776 1024 2829 δὲ
1065 2775 1481 2846 ψηλαφηθέντα,
1515 2778 1607 2829 τὸν
1647 2778 1857 2847 ἀπαθῆ,
1885 2779 1955 2831 δι’

365 2867 529 2937 ήμᾶ;
577 2866 634 2918 δὲ
693 2865 977 2919 παθόντοι⁸
1013 2866 1101 2919 τὸν
1154 2869 1213 2919 ἐν
1268 2867 1625 2937 μακροθυμίᾳ
1679 2867 1859 2921 πάντα
1886 2868 1957 2920 δι’

365 2959 528 3028 ἡμᾶς
555 2959 941 3027 ὑπομείναντα.
975 2958 1136 3024 Λέγει
1166 2958 1223 3011 δὲ
1253 2961 1348 3011 καὶ
1381 2961 1414 3029 ἡ
1446 2960 1641 3030 ·Γραφή
1664 2974 1678 2990 ⁸
1717 2978 1734 3010 ι
1766 2961 1827 3012 Oi
1858 2976 1957 3028 φο-

369 3049 637 3118 ϐούμενοι
667 3048 757 3101 τὸν
782 3048 1010 3118 Κύριον,
1042 3048 1370 3118 ἀναμείνατε
1395 3051 1455 3102 τὸ
1475 3050 1622 3113 ἕλεος
1649 3049 1835 3112 αὑτοῦ,
1863 3051 1958 3104 καὶ

2048 579 2146 639 sed
2195 579 2356 650 plena
2403 576 2511 633 fide
2558 578 2867 634 satisfaciet
2917 578 3173 647 petitioni
3233 578 3430 633 animae
3490 588 3615 635 tuae.

2047 672 2236 747 Neque
2264 671 2418 726 enim
2463 671 2609 725 Deus
2637 679 2700 726 ut
2727 670 2980 724 homines
3003 709 3017 733 ,
3043 669 3137 738 qui
3175 677 3415 738 acceptae
3448 670 3619 725 semel

2049 761 2266 832 injuria:
2318 769 2426 815 tam
2478 760 2659 816 solent
2707 759 3026 814 meminisse
3071 759 3452 828 pertinaciter.
3493 759 3624 828 'lpse

2050 853 2195 907 enim
2235 852 2442 907 nullius
2488 866 2700 915 memor
2736 851 2953 921 injuria
2978 858 3084 914 est,
3114 849 3289 919 magis
3311 849 3372 903 in
3398 858 3621 904 creatu-

2051 960 2167 999 ram
2197 959 2414 1001 omnem
2459 943 2934 1013 indulgentissime
2964 942 3229 1011 expandit
3252 956 3366 995 suae
3400 941 3624 996 viscera

2050 1038 2426 1108 benignitatis.
2452 1038 2535 1092 Tu
2568 1038 2725 1109 igitur
2774 1053 2872 1093 cor
2900 1046 3055 1092 tuum
3087 1052 3362 1107 perpurga
3411 1043 3623 1091 tantum

2051 1128 2120 1183 ab
2158 1126 2306 1180 omni
2353 1126 2704 1180 vaeillatione
2752 1134 2809 1179 et
2860 1124 3226 1187 haesitatione,
3263 1139 3329 1178 ac
3396 1136 3521 1192 pete
3551 1123 3623 1178 ab

2051 1219 2381 1287 eo,erisque
2431 1226 2538 1271 tuae
2568 1216 2851 1286 petitionis
2872 1230 3106 1284 compos
3137 1233 3151 1268 :
3176 1230 3307 1269 nam
3351 1216 3541 1270 varius
3565 1224 3626 1271 et

2052 1324 2254 1378 anceps
2301 1308 2345 1362 si
2385 1306 2820 1377 deprehendere,
2858 1305 2997 1359 nihil
3042 1304 3303 1374 accipies.
3324 1305 3436 1370 Qui
3474 1305 3625 1359 enim

2052 1417 2180 1471 erga
2223 1402 2398 1454 Deum
2425 1399 2610 1453 animo
2654 1398 2946 1462 ﬂuctuant,
2982 1413 3046 1453 ac
3074 1398 3243 1452 veluti
3275 1397 3624 1464 dividuntur,

2053 1494 2142 1549 isti
2175 1494 2360 1547 animo
2392 1492 2640 1561 duplices
2677 1507 2799 1546 cum
2822 1492 2954 1555 sint,
2974 1505 3045 1545 ne
3068 1491 3349 1544 tantillum
3396 1489 3625 1560 quidem

2053 1601 2084 1640 e
2108 1585 2227 1639 suis
2276 1584 2739 1653 postulationibus
2783 1593 3153 1652 assequuntur
3173 1583 3240 1635 ⁸³¹.
3273 1584 3351 1636 Ac
3392 1581 3623 1652 perfecti

2041 1675 2149 1744 qui
2200 1683 2331 1729 sunt
2362 1674 2488 1730 ﬁdei
2544 1676 2881 1745 integritate,
2922 1690 3048 1730 eum
3089 1690 3186 1745 spe
3211 1675 3463 1729 nitantur
3494 1688 3626 1744 erga

2055 1765 2347 1819 Dominum
2409 1765 2713 1831 incolumi,
2777 1765 3047 1835 quidquid
3106 1765 3430 1835 postulant,
3486 1763 3630 1818 acci-

2052 1854 2230 1926 piunt,
2262 1857 2709 1926 quandoquidem
2754 1857 2893 1911 nihil
2941 1857 3202 1912 haerendo
3239 1855 3626 1924 noverintpe-

2054 1957 2191 2003 tere.
2227 1946 2381 2012 Quod
2412 1947 2457 2002 si
2489 1950 2668 2003 serius
2696 1964 2859 2017 quam
2886 1948 3057 2017 velles
3086 1948 3369 2018 continget
3392 1955 3445 2003 te
3481 1946 3627 2002 acci-

2051 2052 2205 2108 pere,
2239 2053 2308 2092 ne
2328 2038 2399 2092 ob
2428 2037 2482 2091 id
2516 2039 2740 2093 vacilles
2768 2038 2953 2092 animo
2986 2038 3182 2092 anxius
3206 2079 3220 2103 ,
3248 2038 3377 2106 quia
3413 2051 3525 2091 non
3567 2036 3625 2092 in

2050 2129 2284 2198 vestigio
2315 2137 2420 2208 tuae
2474 2129 2673 2184 anima:
2710 2129 3140 2198 postulationem
3173 2134 3503 2182 censccutus
3540 2142 3625 2182 es.

2052 2219 2289 2275 Omnino
2306 2220 2453 2274 enim
2474 2220 2543 2273 ob
2556 2219 2795 2289 aliquam
2818 2210 3195 2283 tentationem,
3212 2228 3305 2272 aut
3323 2226 3475 2273 certe
3495 2218 3628 2289 quia

2053 2312 2340 2367 intercidit
2371 2311 2559 2366 delicti
2583 2311 2864 2380 quidpiam
2893 2311 3058 2380 (quod
3088 2302 3297 2378 alio'qui
3322 2310 3441 2379 ipse
3472 2310 3630 2379 igno-

2054 2405 2164 2472 ras)
2182 2405 2360 2459 serius
2379 2404 2658 2472 accipis]
2672 2402 2826 2472 163
2846 2403 2925 2457 Tu
2948 2402 3115 2469 igitur
3139 2417 3208 2455 ne
3228 2401 3631 2469 interquiescas

2055 2509 2149 2556 aut
2162 2500 2439 2556 cuncteris
2457 2508 2640 2568 petere
2658 2513 2687 2551 a
2703 2498 2814 2550 Deo
2831 2496 2977 2566 quod
2996 2509 3331 2564 magnopere
3343 2491 3631 2547 contendit

2056 2590 2239 2647 anima
2271 2599 2382 2655 tua,
2409 2598 2465 2644 et
2491 2588 2750 2657 accipies.
2779 2586 2934 2653 Quod
2994 2585 3037 2638 si
3092 2583 3442 2637 delassabcre
3487 2582 3633 2638 inter

2056 2684 2378 2752 petendum,
2414 2683 2648 2750 teipsum
2685 2680 2895 2741 incuso,
2929 2694 3042 2731 non
3076 2678 3206 2731 item
3232 2691 3358 2731 eum
3392 2676 3484 2744 qui
3513 2674 3628 2729 dat.

2052 2772 2361 2841 ‘Buplicitas
2417 2769 2585 2823 animi
2627 2769 2787 2837 plane
2849 2767 3052 2821 diaboli
3092 2776 3177 2821 est
3211 2765 3339 2829 filia,
3364 2780 3484 2833 qua:
3509 2779 3632 2817 om-

2057 2865 2211 2918 nium
2239 2862 2478 2917 maxime
2500 2861 2555 2915 in
2589 2876 2779 2915 servos
2800 2859 2919 2923 Dei,
2952 2859 3137 2916 nativa
3166 2872 3263 2911 sua
3286 2856 3632 2924 malignitate

2058 2955 2430 3010 debacchatur
2452 2967 2515 3006 ac
2533 2952 2708 3006 saevit.
2733 2950 2813 3004 Tu
2846 2950 3014 3019 igitur
3035 2950 3231 3002 fortem
3258 2963 3322 3001 ac
3350 2956 3633 3000 strenuam

2061 3046 2222 3100 fidem
2274 3043 2398 3098 vide
2452 3043 2679 3097 indutus
2710 3050 2770 3095 ut
2796 3041 2892 3095 sis.
2925 3041 3069 3094 Sane
3112 3048 3425 3108 perstcmus
3468 3035 3634 3091 solidi

372 3141 463 3212 μὴ
509 3140 786 3194 ἐκκλίνετε
836 3141 923 3193 ἵνα
972 3140 1045 3209 μὴ
1078 3142 1303 3211 πέσητε.
1350 3161 1369 3194 i
1408 3143 1516 3194 Καὶ
1546 3143 1764 3210 ἐπάγει,
1803 3160 1823 3193 ι
1860 3143 1956 3205 Τίς

2058 3151 2124 3190 ac
2181 3134 2410 3188 stabiles
2459 3132 2678 3187 ineudis
2726 3133 2783 3186 in
2834 3146 3077 3212 morem,
3106 3130 3393 3184 undelibet
3456 3126 3633 3182 attriti

370 3232 706 3285 ἐπίστευσεν
736 3231 945 3302 Κυρίῳ,
976 3233 1072 3285 καὶ
1100 3233 1453 3303 κατῃσχύνθη
1481 3250 1497 3297 ;
1532 3233 1562 3302 ἢ
1625 3234 1708 3294 τίς
1754 3234 1959 3285 ἐπεκα-

370 3324 576 3377 λέσατο
600 3324 784 3388 αὑτὸν,
813 3326 908 3379 καὶ
936 3326 1220 3395 ὑπερεῖδεν
1249 3325 1417 3377 αὐτόν
1452 3340 1466 3391 ;
1500 3325 1532 3394 ἢ
1560 3325 1645 3386 τίς
1678 3324 1959 3393 ἐνέμεινεν

370 3416 463 3490 τῷ
492 3416 643 3486 φόϐῳ
673 3417 861 3483 αὑτοῦ,
896 3418 991 3470 καὶ
1016 3416 1408 3487 ἐγκατελείφθη
1436 3434 1449 3481 ;
1486 3436 1504 3467 ι
1535 3417 1624 3487 Μὴ
1652 3413 1745 3469 οὖν
1777 3416 1957 3482 ὀλιγο-

259 3494 279 3509 ⁴
370 3509 632 3579 ψυχήσης
669 3510 725 3561 ἐν
753 3513 820 3579 τῇ
850 3513 1123 3579 προσευχῇ
1164 3524 1279 3571 σου,
1302 3508 1388 3561 ἵνα
1410 3510 1484 3577 μὴ
1509 3507 1778 3577 ὀμοιωθῇς
1804 3507 1882 3578 τῷ
1902 3508 1960 3558 ἐν

370 3599 644 3669 Αἰγύπτῳ
695 3601 829 3670 λαῷ,
860 3602 1055 3664 οἵτινες
1081 3601 1189 3653 ἀπὸ
1222 3599 1608 3668 ὀλιγοψυχίας,
1630 3599 1729 3650 οὐκ
1770 3598 1960 3668 ἤθελον

372 3689 614 3747 ἀκοῦσαι
654 3691 749 3744 τοῦ
805 3693 1035 3761 Μωῦσῆ.
1074 3693 1343 3744 ’Ἄκουσον
1409 3691 1581 3760 Ἰησοῦ
1639 3689 1730 3742 τοῦ
1776 3689 1958 3759 Ναυῆ,

371 3783 633 3851 λέγοντος
658 3797 670 3810 ⁵
714 3799 734 3833 ι
767 3781 1107 3835 Φυλάσσεσθε
1146 3781 1350 3850 σφόδρα
1408 3780 1506 3842 τὰς
1569 3780 1749 3849 ψυχὰς
1784 3778 1958 3849 ὑμῶν,

373 3875 604 3944 ἀγαπᾷν
634 3874 838 3945 Κύριον
866 3874 957 3926 τὸν
983 3873 1113 3926 Θεὸν
1139 3873 1316 3943 ἡμῶν,
1342 3873 1435 3925 καὶ
1462 3871 1622 3935 αὐτὸς
1661 3871 1961 3941 πολεμήσει

377 3967 529 4038 ὑπὲρ
583 3966 760 4037 ὑμῶν.
805 3984 825 4019 ι
863 3965 1178 4034 Γέγραπται
1225 3965 1282 4018 δέ
1327 3966 1419 4017 καὶ
1465 3967 1522 4017 ἐν
1550 3966 1661 4025 τοῖς
1690 3964 1958 4033 Κριταῖς·

385 4078 405 4111 ι
445 4056 542 4128 Μὴ
574 4056 1002 4127 παροργίσωμεν
1032 4055 1235 4125 Κύριον
1261 4054 1350 4108 τὸν
1383 4054 1516 4107 Θεὸν
1542 4052 1723 4122 ἡμῶν,
1765 4052 1849 4104 ἵνα
1885 4051 1960 4121 μὴ

376 4148 562 4220 ἀναϐῇ
621 4148 847 4217 Μαδιὰμ
890 4145 1027 4216 μετὰ
1086 4146 1194 4199 τῶν
1239 4144 1451 4214 κτηνῶν
1496 4146 1689 4214 αὐτῆς,
1725 4143 1817 4195 καὶ
1841 4142 1960 4196 δια-

378 4238 583 4309 φθείρῃ
606 4238 695 4291 τὸν
715 4237 926 4306 καρπὸν
950 4236 1128 4307 ἡμῶν,
1151 4237 1245 4289 καὶ
1269 4234 1677 4305 πτωχεύσωμεν
1698 4232 1921 4302 σφόδρα.
1936 4252 1955 4284 ι

272 4366 287 4371 -
392 4328 748 4400 Ἀκούσωμεν
785 4329 1008 4383 Ἡσαΐου
1061 4328 1343 4395 λέγοντοςο
1376 4347 1394 4378 ι
1430 4325 1822 4396 Παρακαλεῖτε,
1852 4326 1963 4378 ὀλι-

379 4421 639 4491 γὸψυχοι,
672 4423 739 4491 τῇ
764 4421 974 4490 διανοίᾳ
994 4435 1009 4451 ο
1047 4438 1066 4471 ι
1092 4418 1299 4490 Κύριος
1328 4417 1438 4487 γὰρ
1467 4417 1683 4475 δίδωσιν
1706 4416 1963 4486 ὀλιγοψύ..

2063 3222 2504 3280 contusionibus.
2533 3221 2749 3275 Emeisi
2784 3220 2970 3275 animo
2989 3202 3223 3274 'athletze
3245 3226 3352 3283 est,
3386 3227 3441 3273 et
3468 3216 3633 3272 undi-

2060 3333 2168 3387 qne
2199 3316 2355 3380 caedi,
2389 3326 2444 3371 et
2491 3325 2673 3369 tamen
2706 3314 2929 3368 vincere
2968 3330 2981 3366 :
3022 3312 3259 3366 maxime
3312 3311 3367 3364 in
3404 3312 3632 3380 gratiam

2060 3409 2156 3464 Dei
2187 3408 2324 3462 nihil
2354 3423 2463 3461 non
2500 3408 2799 3460 toleremus
2821 3406 3030 3459 alacres
3066 3414 3122 3458 ut
3155 3411 3211 3456 et
3236 3403 3351 3470 ipse
3378 3417 3479 3455 nos
3517 3402 3637 3454 lon-

2062 3499 2353 3569 ganimiter
2410 3498 2627 3550 toleret.
2669 3495 2913 3549 Studiosi
2977 3494 3149 3547 simus
3203 3508 3267 3545 ac
3314 3491 3632 3561 pervigiles.

2061 3588 2455 3643 Condiscamus
2487 3586 2632 3640 ferre
2667 3584 2926 3653 temporis
2956 3583 3117 3637 istius
3147 3582 3514 3650 iniquitatem,
3538 3578 3635 3649 qui

2062 3691 2159 3745 spe
2208 3676 2348 3730 nihil
2400 3675 2568 3729 dubia
2627 3674 3010 3744 praestolamur
3058 3672 3356 3726 adventum
3387 3670 3507 3738 ejus
3537 3669 3636 3739 qui

2061 3768 2226 3837 supra
2249 3777 2495 3835 tempora
2513 3775 2597 3820 est
2627 3774 2685 3819 et
2708 3765 2801 3834 qui
2837 3764 2953 3819 sine
2977 3770 3223 3832 tempore
3252 3770 3337 3816 cst
3370 3777 3384 3813 :
3413 3770 3471 3815 et
3494 3760 3638 3814 invi-

2063 3861 2261 3925 sibilis,
2314 3858 2487 3913 nostri
2540 3874 2704 3912 causa
2757 3856 2811 3910 in
2876 3863 3123 3923 tempore
3170 3852 3467 3922 palpabilis
3512 3866 3636 3906 esse

2060 3951 2237 4006 voluit
2264 3967 2279 4016 ;
2317 3948 2668 4018 impassihilis
2692 3962 2816 4002 cum
2860 3955 3027 4009 esset,
3059 3945 3320 4014 dignatus
3353 3957 3474 3996 csse
3506 3930 3659 4010 pas-.V~

2061 4043 2257 4098 sibilis.
2292 4041 2358 4098 Ει
2401 4020 2495 4094 bic
2561 4049 2744 4094 tantus
2793 4038 2848 4091 in
2912 4037 3145 4105 gratiam
3188 4043 3395 4088 nostra;
3438 4031 3638 4086 salutis

2063 4133 2484 4192 tolerantissime
2512 4140 2708 4187 cuncta
2742 4128 2991 4200 pertulit.
3028 4127 3173 4182 Dicit
3209 4125 3444 4195 proinde
3478 4123 3635 4178 Scri-

2061 4235 2222 4297 ptura
2256 4242 2270 4277 :
2306 4244 2325 4276 ι
2355 4223 2458 4290 Qui
2496 4222 2701 4276 timetis
2749 4219 3070 4284 hominum,
3102 4224 3414 4286 eXSpectate
3474 4214 3645 4288 mise—_,

2061 4313 2358 4370 rieordiam
2383 4313 2522 4383 ejus,
2561 4319 2719 4364 etne
2750 4307 3041 4363 declinetis
3162 4320 3232 4359 ne
3262 4304 3474 4359 cadatis
3500 4302 3567 4355 “.
3609 4319 3637 4357 ι

2062 4405 2318 4461 Inducit:
2363 4421 2383 4455 ι
2421 4403 2555 4467 Quis
2585 4400 2812 4456 confidit
2845 4401 2901 4455 in
2949 4413 3076 4454 eum
3116 4407 3175 4452 et
3209 4395 3476 4450 confusus
3505 4400 3591 4448 est
3613 4394 3641 4448 ?-

376 4484 505 4585 ioi;
533 4484 961 4583 μακροθυμίαν,
993 4512 1086 4565 καὶ
1129 4484 1274 4583 ζωὴν
1322 4484 1434 4573 τοῖς
1473 4484 1956 4579 συντετριμμένοις

2064 4506 2159 4553 aut
2177 4496 2300 4566 quis
2323 4494 2598 4549 invocavit
2635 4507 2762 4547 eum
2799 4500 2855 4546 et
2889 4489 3140 4559 despexit
3174 4488 3350 4568 illum,
3382 4494 3479 4540 aut
3509 4484 3639 4554 quis

380 4607 456 4673 τῇ
493 4604 692 4674 καρδία
712 4620 726 4634 ·
763 4606 854 4657 καὶ
886 4607 1044 4674 ἡμεῖς
1068 4601 1160 4657 οὖν
1207 4604 1343 4673 μετὰ
1376 4601 1718 4665 κατανύξεως
1760 4602 1857 4654 σὺν
1887 4600 1964 4671 τῷ

381 4693 557 4749 Δαὸὶδ
585 4693 899 4763 ἐντύχωμεν
921 4694 997 4764 τῷ
1028 4693 1168 4764 Θεῷ,
1207 4694 1472 4762 λέγοντες
1509 4710 1527 4743 ι
1578 4674 1961 4759 Ἦὸολέσχησα,

382 4786 490 4840 καὶ
536 4784 936 4854 ηόλιγοψύχησεν
975 4785 1034 4838 τὸ
1082 4784 1301 4854 πνεῦμά
1348 4801 1467 4854 μου.
1510 4784 1575 4836 Ἠ
1629 4782 1824 4852 καρδία
1864 4797 1964 4851 μου

384 4878 706 4952 ἐταράχθη,
741 4876 1067 4946 ἐγκατέλιπε
1122 4894 1188 4946 με
1237 4879 1271 4948 ἡ
1321 4877 1474 4947 ἰσχύς
1523 4893 1648 4945 μου.
1694 4873 1969 4928 Ἀπώλετο

388 4972 540 5044 φυγὴ
569 4970 663 5024 ἀπ’
694 4970 852 5039 ἐμοῦ,
883 4970 976 5022 καὶ
1004 4968 1104 5022 οὐκ
1138 4969 1284 5022 ἐστιν
1313 4970 1341 5022 6
1368 4968 1614 5040 ἐκζητῶν
1660 4968 1758 5039 τὴν
1785 4966 1964 5037 ψυχήν

392 5081 521 5134 μου.
567 5081 586 5115 ι
638 5060 798 5115 Ἀλλὰ
825 5080 844 5113 ι
882 5060 973 5131 Μὴ
1022 5059 1393 5132 ἐγκαταλίπῃς
1440 5077 1529 5130 με,
1566 5058 1737 5130 Κύριε
1778 5061 1806 5110 ὁ
1833 5057 1967 5120 Θεός

395 5172 522 5227 μου,
553 5154 625 5225 μὴ
651 5156 891 5224 ἀποστῇς
916 5153 1011 5207 ἀπ’
1042 5152 1178 5223 ἐμοῦ
1205 5168 1218 5182 ·
1254 5171 1271 5203 ι
1308 5153 1407 5215 τὰς
1452 5151 1512 5205 δέ
1561 5150 1832 5222 μάστιγάς
1874 5165 1966 5203 σου

393 5248 710 5317 ἀπύστησον
766 5244 861 5299 ἀπ’
900 5244 1060 5314 ἐμοῦ,
1101 5245 1182 5297 ὅτι
1214 5263 1233 5297 ι
1292 5243 1426 5297 Ἀπὸ
1479 5243 1577 5312 τῆς
1640 5242 1822 5312 ἰσχύος
1871 5234 1968 5311 τῆς

393 5335 578 5408 χειρός
614 5351 708 5388 σου
736 5332 848 5401 ἐγὼ
877 5334 1144 5400 ἐξέλιπον.
1182 5353 1200 5386 ι
1230 5333 1342 5386 Καί
1367 5348 1382 5363 ο
1419 5351 1437 5384 ι
1495 5331 1652 5396 Ἰδοὺ,
1685 5331 1969 5402 ἐμάκρυνα

397 5426 739 5495 φυγαδεύων,
766 5427 859 5481 καὶ
901 5424 1165 5496 ηὑλίσθην
1208 5427 1266 5478 ἐν
1300 5426 1367 5495 τῇ
1422 5423 1633 5494 ἐρήμῳ,
1669 5420 1967 5492 προσδεχό-

403 5516 565 5592 μενός
606 5533 666 5569 σε
694 5516 787 5568 τὸν
826 5514 1199 5579 ζωοποιοῦντα
1232 5515 1398 5578 Θεὸν,
1434 5514 1545 5567 ἀπὸ
1594 5511 1970 5582 ὀλιγοψυχίας,

2060 4565 2365 4659 permansit
2418 4585 2475 4639 in
2523 4585 2719 4639 timore
2749 4583 2888 4648 ejus,
2919 4588 2976 4635 et
3014 4565 3316 4633 derelictus
3367 4585 3453 4632 est
3479 4575 3571 4629 “1’
3613 4592 3635 4631 ι

2061 4683 2141 4737 Ne
2179 4690 2299 4737 esto
2351 4679 2409 4733 in
2454 4678 2705 4733 oratione
2737 4682 2829 4727 tua
2873 4671 3261 4743 pusillanimis,
3290 4676 3447 4724 utne
3478 4668 3639 4722 inve-

2062 4775 2215 4828 niare
2264 4772 2341 4826 illi
2404 4769 2663 4825 assimilis
2719 4767 2920 4837 pepulo
2958 4766 3012 4819 in
3041 4763 3274 4833 )Egypto
3313 4760 3412 4830 qui
3442 4759 3640 4814 abnuit

2064 4866 2259 4921 audire
2289 4864 2529 4935 Moysen,
2560 4861 2694 4915 vitio
2724 4859 2977 4914 laborans
3004 4853 3479 4927 pusillanimitatis
3502 4851 3573 4906 “.
3608 4868 3630 4904 ι

2061 4957 2205 5013 Audi
2251 4963 2312 5011 tu
2340 4955 2527 5010 Iesum
2555 4952 2722 5016 Nave,
2751 4950 3022 5005 dicentem
3056 4967 3069 5003 :
3107 4967 3126 4999 ι
3163 4945 3448 5002 Custodite
3467 4942 3645 4998 vehe‘

2063 5057 2277 5105 menter
2342 5046 2552 5101 animas
2610 5050 2861 5108 vestras,
2925 5049 2987 5095 ut
3042 5040 3288 5108 diligatis
3342 5036 3643 5099 Dominum

2062 5141 2234 5195 Deum
2290 5146 2555 5197 vestrum,
2588 5141 2643 5188 et
2698 5133 2813 5203 ipse
2864 5129 3128 5200 pugnabit
3174 5142 3272 5196 pro
3321 5123 3483 5178 vobis
3512 5124 3577 5176 ⁸⁵.
3612 5141 3637 5176 λ
3725 5154 3728 5158 λ

2046 5231 2347 5300 .Scriptum
2374 5236 2461 5282 est
2489 5233 2545 5280 et
2576 5224 2631 5277 in
2660 5221 2914 5278 Iudicum
2945 5217 3089 5271 libro
3120 5232 3134 5267 :
3169 5232 3190 5265 ι
3232 5212 3310 5267 Ne
3337 5209 3647 5265 cxacerbe-x
3722 5255 3730 5285 ί

2077 5338 2200 5378 mus
2223 5320 2536 5381 Dominum,
2572 5323 2722 5368 utne
2751 5307 3011 5363 ascendat
3037 5305 3254 5360 Madian
3275 5319 3403 5357 cum
3420 5303 3644 5374 jumen-e
3729 5318 3733 5323 ·

2076 5418 2149 5472 tis
2194 5416 2329 5479 suis,
2368 5421 2424 5468 et
2471 5411 2786 5472 corrumpat
2842 5399 3085 5453 fructum
3140 5405 3417 5458 nostrum,
3468 5401 3525 5448 et
3569 5393 3638 5447 ad

2078 5516 2379 5564 extremam
2448 5503 2823 5571 paupertatem
2879 5491 3239 5548 devolvamur
3268 5488 3335 5541 “.
3382 5485 3528 5551 Quin
3585 5491 3645 5539 et

477 5680 519 5712 ⁶¹
546 5680 658 5735 Jac.
697 5698 736 5743 ι,
771 5675 826 5741 6,
863 5679 916 5732 8.
992 5677 1037 5710 "
1065 5671 1234 5732 Eccli.
1264 5689 1330 5738 -ιι,
1365 5672 1416 5739 7,
1451 5674 1500 5728 9.
1583 5669 1627 5703 ⁸³
1654 5668 1788 5725 ibid.
1829 5666 1913 5743 ll,
1952 5675 1956 5699 ι

2118 5662 2160 5693 ⁸³
2191 5662 2362 5717 Exod.
2403 5654 2727 5729 iv,passim.
2806 5649 2848 5682 ⁸⁵
2880 5647 2994 5705 Jos.
3031 5661 3191 5713 xxin,
3233 5642 3323 5707 ll.
3398 5638 3653 5706 “ludio,

400 5765 475 5819 τι,
512 5753 544 5809 3
571 5769 723 5827 seqq.

2764 5881 2796 5903 κ
