3986 6148
374 352 514 416 1395

1629 360 1990 422 ANTIOCHI
2033 361 2377 423 MONACHI

3473 353 3588 423 Ῑίθθ

373 463 566 516 Isaiam
651 461 925 518 dicentem
967 482 979 517 :
1027 482 1047 514 ι
1095 463 1490 532 Consolamini,
1554 467 1939 538 pusillanimes

2057 475 2137 527 ιαὶ
2176 473 2284 528 ἀπὸ
2340 473 2671 542 καταιγίδος.
2720 468 3053 541 Ἐκκολλήθη
3103 470 3210 540 γάρ
3241 468 3319 540 τῷ
3356 468 3589 541 ἐδάφειὴ

372 561 557 608 mente
589 552 680 606 ’τε
722 573 738 605 ι
766 554 1031 609 Dominus
1080 556 1229 611 enim
1299 558 1367 613 iis
1423 559 1519 629 qui
1575 561 1776 630 pusillo
1815 571 1946 616 sunt

371 648 579 713 animo,
606 647 847 702 infundit
881 649 1340 713 consolationem,
1378 658 1434 705 et
1468 651 1637 704 vitam
1684 652 1946 707 contritis

372 738 559 793 corde.
601 738 711 792 Nos
773 739 943 807 igitur
967 754 1092 793 cum
1129 740 1352 804 Davidc,
1385 742 1553 796 corde
1611 752 1945 813 compuncto

374 829 544 884 Deum
575 829 1011 896 interpellemus,
1042 831 1291 885 dicentes
1324 849 1339 885 :
1374 852 1391 883 ι
1416 833 1765 889 Exercitalus
1798 851 1941 901 sum,

373 929 427 973 et
459 921 661 975 defecit
718 921 947 989 spiritus
995 923 1230 977 meus“.
1257 922 1365 978 Cor
1410 939 1592 978 meum
1651 927 1947 981 conturba-

377 1020 491 1063 tum
524 1022 628 1075 est,
654 1013 952 1082 dereliquit
984 1029 1069 1068 me
1105 1015 1282 1070 virtus
1310 1033 1427 1071 mea
1456 1020 1520 1071 °’.
1557 1019 1730 1073 Periit
1758 1018 1882 1089 fuga
1916 1035 1946 1075 a

375 1116 482 1162 me,
513 1112 570 1156 et
608 1119 716 1157 non
759 1114 845 1160 est
891 1107 985 1175 qui
1024 1109 1268 1175 requirat
1328 1111 1568 1164 animam
1610 1126 1790 1166 meam
1814 1114 1881 1179 ⁷ο,
1923 1132 1941 1163 ι

375 1193 469 1246 sed
503 1213 521 1244 ι
560 1211 629 1248 ne
679 1195 1029 1265 derelinquas
1082 1215 1187 1262 me,
1216 1186 1443 1256 Domine
1497 1203 1642 1257 Deus
1690 1219 1866 1268 meus,
1893 1214 1948 1259 et

374 1299 444 1338 ne
472 1285 792 1341 discesseris
814 1303 844 1342 a
874 1304 960 1343 me
982 1290 1050 1343 ".
1092 1308 1109 1341 ι
1147 1291 1383 1361 Flagella
1415 1302 1598 1347 autem
1632 1303 1722 1348 tua
1758 1304 1948 1350 averte

373 1391 403 1429 a
425 1391 532 1442 me,
559 1378 687 1446 quia
712 1397 729 1428 ι
750 1394 780 1432 a
805 1379 1128 1435 fortitudine
1153 1398 1348 1437 manus
1370 1391 1475 1439 tua:
1511 1401 1613 1454 ego
1640 1386 1898 1441 deieci".
1923 1407 1942 1438 ι

379 1468 448 1521 Ει
484 1487 497 1521 :
542 1486 560 1518 ι
595 1469 735 1523 Ecce
774 1470 1026 1540 elongavi
1060 1473 1310 1542 fugiens,
1338 1484 1393 1529 et
1428 1479 1605 1530 mansi
1643 1478 1696 1531 in
1753 1479 1950 1533 solitu-

375 1555 527 1620 dine,
558 1556 688 1610 dum
720 1569 980 1628 exspecto
1029 1571 1080 1616 te
1111 1564 1280 1618 Deum
1313 1567 1407 1634 qui
1439 1567 1647 1620 salvum
1692 1584 1779 1624 me
1815 1569 1950 1625 facis

378 1657 408 1695 a
437 1645 897 1712 pusillanimitate
946 1657 1002 1703 et
1043 1658 1366 1719 tempestate
1397 1654 1445 1686 "
1475 1672 1487 1707 :
1522 1654 1753 1709 adhaesit
1797 1657 1947 1712 enim

378 1734 693 1802 pavimento
738 1737 920 1793 anima
959 1754 1100 1805 mea,
1134 1741 1229 1796 sed
1277 1751 1333 1797 et
1371 1743 1588 1800 vivitica
1632 1761 1718 1800 me
1750 1761 1949 1801 secun-

2043 565 2187 636 ψυχή
2222 582 2324 636 μου
2357 581 2371 595 ο
2401 565 2533 618 ἀλλὰ
2564 562 2729 633 ζῆσόν
2756 580 2821 634 με
2844 562 2985 616 κατὰ
3012 562 3101 615 τὸν
3129 561 3287 628 λόγον
3331 577 3446 614 σου.
3476 557 3592 614 Οἶδα

2043 657 2151 725 γάρ
2200 674 2279 720 σε,
2304 656 2476 725 ἀγαθὲ
2510 657 2703 727 Κύριε,
2730 656 2812 707 ὅτι
2848 672 2868 706 ι
2918 654 3007 707 Ἐν
3035 654 3113 725 τῷ
3160 653 3457 723 άκηδιάσαι
3506 653 3593 722 τὴν

2046 748 2272 818 καρδίαν
2306 765 2430 816 μου,
2466 750 2524 801 ὲν
2555 748 2732 818 πέτρᾳ
2754 745 2974 815 ὖψωσάς
3004 761 3091 813 με.
3122 763 3140 795 ι
3173 744 3299 796 Καί·
3345 761 3364 794 t
3406 742 3594 807 Δώσεις

2043 838 2269 908 δύναμιν
2329 840 2422 892 καὶ
2467 840 2801 909 κραταίωσιν
2832 856 2851 888 ι
2914 841 3027 898 τοῖς
3052 835 3305 901 ἀγαπῶσι
3333 851 3414 886 σε.
3439 835 3597 903 Προσ-

2046 929 2260 996 έχωμεν
2288 928 2340 981 τί
2366 929 2458 980 καὶ
2492 930 2520 980 ό
2551 928 2759 989 Παῦλος
2779 928 2912 995 ἡμῖν
2945 923 3378 995 παρακελεύεται
3398 938 3413 953 ·
3449 942 3468 973 ι
3490 924 3596 975 Ἐν..

2043 1017 2300 1082 δύσασθε,
2328 1019 2513 1085 φησὶν,
2565 1016 2663 1087 τὴν
2714 1015 3013 1069 πανοπλίαν
3057 1015 3151 1069 τοῦ
3193 1014 3350 1080 Θεοῦ,
3392 1014 3604 1082 πρδςτδ

2045 1109 2302 1163 δύνασθαι
2323 1111 2466 1177 ὑμᾶς
2495 1109 2682 1179 στῆναι
2709 1109 2845 1178 πρὸς
2872 1108 2972 1171 τὰς
3005 1106 3285 1176 μεθοδείας
3312 1106 3408 1160 τοῦ
3433 1107 3602 1160 διαϐύ-

2045 1193 2159 1247 λου.
2196 1212 2214 1245 ι
2249 1196 2418 1264 Φησὶν
2447 1196 2504 1249 δὲ
2534 1199 2627 1249 καὶ
2657 1198 2772 1255 τοῖς
2813 1196 3058 1259 δυνατοῖς
3085 1211 3097 1226 ·
3138 1212 3156 1246 ι
3188 1195 3603 1264 Παραμυθεϊσθε
3634 1230 3645 1241 ν

2045 1285 2171 1347 τοὺς
2207 1284 2583 1355 ὀλιγοψύχους,
2606 1285 2894 1355 ἀντέχεσθε
2941 1283 3049 1338 τῶν
3106 1284 3371 1349 ἀσθενῶν,
3408 1301 3606 1355 μακρο-

2047 1375 2269 1444 θυμεῖτε
2307 1376 2442 1446 πρὸς
2493 1376 2720 1437 πάντας.
2766 1394 2785 1426 ι
2817 1375 3005 1429 Ταῦτα
3048 1370 3140 1427 οὖν
3181 1376 3251 1427 τά
3279 1373 3610 1430 θεόπνευστα

2048 1468 2287 1537 ῥήματα,
2318 1468 2404 1520 ἀεὶ
2457 1467 2845 1537 μελετήσωμεν
2895 1468 2952 1518 ὲν
3001 1467 3245 1537 ὑπομονῇ
3280 1466 3480 1536 πολλῇ,
3512 1468 3610 1535 μή.

2050 1574 2178 1611 ποτε
2222 1557 2576 1628 ἀκούσωμεν,
2614 1577 2633 1609 ι
2668 1559 2786 1611 ’Ὁτι
2844 1560 2893 1610 οί
2940 1556 3245 1625 ὀφείλοντες
3283 1552 3427 1610 εἶναι
3471 1558 3612 1613 διδά·

2049 1648 2239 1701 σκαλοι
2266 1649 2353 1702 διὰ
2381 1650 2471 1702 τὸν
2498 1650 2708 1718 χρόνον,
2745 1648 2908 1703 πάλιν
2936 1651 3125 1721 χρείαν
3154 1651 3305 1721 ἔχετε
3332 1649 3433 1704 τοῦ
3477 1650 3616 1704 δτδάυ

2051 1756 2269 1803 σκοντος
2287 1741 2452 1810 ἡμᾶς,
2469 1742 2561 1793 καὶ
2585 1743 2842 1808 γεγόνατε
2869 1741 3058 1811 χρείαν
3078 1741 3294 1811 ἔχοντες
3320 1742 3613 1810 γάλακτος,

378 1825 508 1880 dum
563 1828 795 1882 verbum
851 1837 1005 1885 tuum
1032 1832 1099 1886 ⁷⁸.
1135 1851 1153 1885 ι
1193 1832 1330 1888 Novi
1391 1835 1536 1889 enim
1605 1843 1691 1902 te,
1720 1836 1951 1894 Domine

2057 1831 2147 1885 καὶ
2172 1832 2232 1884 ού
2266 1833 2493 1901 στερεᾶς
2514 1831 2743 1901 τροφῆς.
2775 1850 2794 1884 ι
2832 1832 3014 1886 Καλὸν
3045 1830 3140 1887 οῦν
3172 1834 3320 1886 ἐστιν
3355 1832 3615 1897 εὔξασθαι

378 1917 825 1997 clementissime,
847 1921 975 1990 quia
993 1941 1012 1973 ι
1043 1923 1172 1979 dum
1201 1927 1518 1982 anxiaretur
1538 1944 1636 1984 cor
1659 1946 1864 1997 meum,
1897 1932 1954 1989 in

378 2014 533 2075 petra
579 1994 834 2065 exaltasti
882 2028 969 2067 me
991 2014 1056 2067 τ’.
1091 2014 1109 2065 ὁ
1139 2016 1245 2071 Et:
1286 2035 1303 2067 ι
1354 2017 1521 2073 Dabis
1581 1994 1860 2075 virtutem
1897 2030 1957 2078 et

376 2096 759 2155 fortitudinem
814 2103 861 2134 "
912 2121 930 2155 ι
983 2104 1345 2174 diligentibus
1425 2117 1500 2163 te.
1555 2108 1661 2185 Sed
1716 2120 1771 2165 et
1821 2112 1953 2182 quid

380 2189 586 2246 Paulus
646 2192 809 2248 nobis
849 2197 1173 2263 praescribat
1211 2198 1564 2267 faciendum,
1616 2203 1956 2273 excipiamus

377 2282 610 2336 auribus
651 2286 915 2339 arrectis:
953 2305 971 2337 ι
1008 2287 1306 2342 lnduimini
1367 2301 1701 2347 armaturam
1753 2296 1871 2358 Dei,
1894 2304 1957 2351 ut

378 2372 605 2439 possitis
642 2383 788 2430 stare
818 2376 1083 2433 adversus
1115 2378 1343 2436 insidias
1369 2381 1658 2439 diaboli".
1690 2404 1710 2435 ι
1744 2387 1957 2459 1164

380 2460 488 2515 Sed
523 2471 578 2516 et
606 2463 673 2517 iis
702 2465 795 2533 qui
826 2466 1056 2535 spiritus
1080 2469 1362 2526 alacritate
1390 2475 1710 2542 praevalent,
1745 2477 1953 2532 edicit:

386 2568 405 2600 ‹
447 2549 818 2608 Consolamini
856 2556 1237 2625 pusillanimes
1262 2600 1276 2624 ,
1330 2562 1595 2631 suscipite
1652 2564 1906 2621 inﬁrmos
1936 2607 1952 2631 ,

380 2644 653 2712 patientes
708 2657 888 2703 estote
939 2649 1006 2703 ad
1058 2666 1253 2707 omnes
1284 2653 1349 2706 ⁷³.
1390 2674 1409 2706 ι
1449 2656 1622 2711 Verba
1675 2657 1791 2712 htec
1824 2675 1956 2715 sane

383 2734 567 2789 amatu
625 2736 882 2794 Numinis
938 2742 1140 2811 scripta
1192 2744 1364 2799 multa
1410 2753 1467 2800 et
1500 2748 1665 2802 alacri
1693 2749 1958 2817 patientia

384 2826 736 2892 meditemur,
772 2846 840 2884 ne
877 2831 1018 2889 forte
1072 2833 1266 2888 audire
1309 2837 1592 2907 contingat
1621 2840 1959 2908 suggillatio-

383 2933 510 2972 nem
548 2919 697 2972 illam
726 2938 738 2973 :
781 2939 799 2972 ι
833 2920 970 2976 Cum
999 2922 1279 2981 deberetis
1311 2941 1431 2980 esse
1458 2927 1707 2996 magistri
1733 2938 1957 2999 propter

384 3018 623 3079 tempus,
681 3028 900 3067 rursum
960 3014 1218 3086 indigetis
1272 3032 1369 3072 vos
1412 3026 1472 3071 ut
1520 3019 1868 3085 doceamini,
1900 3032 1958 3078 et

2058 1921 2134 1994 μὴ
2181 1920 2356 1974 ἐλθεῖν
2398 1923 2533 1993 ἡμῖν
2571 1921 2874 1992 πειρασμόν
2898 1938 2914 1952 '
2944 1922 3169 1975 ἐλθόντα
3201 1922 3260 1975 δὲ
3308 1921 3620 1985 καταδεξὼ-

2058 2012 2197 2083 μιθα
2246 2011 2321 2075 ὡς
2352 2013 2643 2082 ἡμέτερον,
2662 2012 2772 2066 ικαὶ
2804 2013 2905 2066 οὐκ
2953 2012 3252 2083 ἀλλότριον,
3298 2012 3443 2082 μετὰ
3490 2013 3617 2065 ύπο-

2058 2104 2227 2175 μονῆς
2254 2104 2350 2158 καὶ
2379 2104 2752 2175 εὐχαριστίας.
2781 2103 2904 2157 Ὅτι
2932 2104 2987 2157 δὲ
3033 2105 3129 2157 καὶ
3170 2103 3477 2165 πιστεύσας
3511 2104 3621 2156 ὁλο-

2055 2196 2294 2266 καρδίως
2360 2196 2454 2248 καὶ
2509 2195 3014 2265 τεταπεινωμένως,
3060 2194 3327 2265 λαμϐάνει
3370 2196 3622 2266 χάρισμα

2054 2287 2343 2352 ἀπαθείας,
2386 2286 2499 2357 ἔχει
2554 2285 2932 2358 μαρτυροῦσαν
2979 2286 3078 2356 τὴν
3124 2287 3347 2357 Γραφήν
3373 2303 3387 2316 ·
3427 2306 3448 2338 ι
3492 2287 3621 2341 Μετ’

2056 2378 2193 2447 ἐμοῦ
2243 2381 2483 2448 σήμερον
2515 2377 2645 2447 γὰρ,
2676 2377 2863 2447 φησὶν,
2900 2376 2999 2448 ἔσῃ
3028 2379 3085 2430 ἐν
3111 2377 3188 2448 τῷ
3220 2376 3561 2446 παραδείσῳ.
3597 2393 3617 2428 ι

2055 2469 2185 2524 Καί’
2218 2489 2237 2521 ι
2276 2471 2339 2523 Ἦ
2368 2470 2546 2532 πίστις
2569 2487 2663 2522 σου
2691 2469 2897 2523 σέσωκέ
2923 2486 3004 2534 σε,
3031 2469 3265 2540 πορεύου
3287 2470 3366 2531 είς
3398 2469 3624 2538 είρήνην

2054 2561 2153 2631 τῆς
2185 2560 2451 2624 ἀπαθείας
2476 2601 2489 2625 ,
2533 2579 2551 2612 ι
2587 2562 2681 2614 καὶ
2715 2560 2816 2614 ὅσα
2844 2562 3250 2629 τοιουτότροπα.
3284 2559 3395 2614 Καὶ
3457 2562 3515 2613 ὲν
3549 2558 3625 2630 τῷ

2060 2654 2249 2723 σπόρῳ
2280 2652 2548 2721 περκάζει
2577 2653 2609 2719 ἡ
2628 2652 2910 2722 σταφυλή.
2935 2651 3028 2721 Μὴ
3056 2647 3150 2704 οὖν
3171 2652 3269 2721 τὴν
3309 2651 3631 2722 προθυμίαν

2057 2742 2211 2812 ὑμῶν
2245 2744 2294 2795 oi.
2327 2741 2510 2812 ἐχθροὶ
2535 2742 2959 2812 άμϐλυνέτωσαν
2982 2744 3097 2804 τοῖς
3134 2741 3403 2804 ποικίλοις
3426 2759 3627 2809 πειραο

2058 2834 2236 2900 σμοῖς,
2258 2832 2355 2901 τὴν
2405 2831 2584 2901 ψυχὴν
2628 2830 3032 2899 κολαφίζοντες.
3077 2830 3171 2883 Ἐκ
3208 2831 3316 2901 γὰρ
3362 2829 3477 2883 τῶν
3518 2829 3627 2883 θλί-

2055 2926 2204 2995 ψεων
2235 2926 2284 2978 oi
2328 2925 2579 2992 στέφανοι
2616 2922 2929 2986 πλέκονται,
2965 2922 3060 2975 καὶ
3091 2925 3150 2975 ὲν
3180 2924 3300 2985 ταῖς
3338 2921 3638 2983 ἀσθενείαις

2056 3015 2354 3069 τελειοῦται
2383 3015 2416 3083 ἡ
2473 3013 2702 3082 δύναμις
2743 3011 2837 3065 τοῦ
2888 3012 3145 3082 Χριστοῦ.
3190 3011 3352 3064 Ἀλλὰ
3397 3011 3622 3082 μᾶλλον,

384 3101 514 3156 facti
533 3103 668 3157 estis
690 3104 893 3172 quibus
916 3107 1057 3161 lacte
1085 3124 1224 3176 opus
1244 3109 1334 3170 sit,
1359 3125 1469 3163 non
1502 3111 1678 3165 solido
1704 3114 1830 3167 cibo
1852 3115 1948 3168 ⁷³.»

2059 3106 2344 3176 θαρσαλέῳ
2394 3105 2705 3173 φρονήματι
2734 3102 2948 3171 στῶμεν
2972 3104 3053 3165 εἰς
3083 3100 3409 3172 προσευχὴν,
3449 3117 3629 3171 παρα·

386 3191 661 3246 Profuerit
696 3193 862 3262 igitur
880 3195 1157 3251 orationes
1181 3198 1516 3266 profundere
1540 3200 1611 3253 ad
1636 3202 1952 3270 Dominum,

384 3296 456 3336 ne
492 3296 597 3349 nos
627 3282 770 3337 sinat
818 3281 1002 3336 induci
1055 3285 1112 3337 in
1166 3285 1547 3343 tentationem.
1606 3290 1663 3343 Si
1712 3306 1821 3359 qua
1873 3292 1959 3346 in-

386 3372 618 3440 gruerit,
681 3387 894 3442 nosque
967 3374 1271 3440 adorictur,
1326 3393 1446 3431 eam
1498 3395 1623 3434 cum
1689 3383 1957 3451 patientia

386 3461 727 3531 excipiamus
788 3471 844 3518 et
904 3466 1121 3521 actione
1173 3468 1508 3536 gratiarum,
1563 3482 1624 3527 ut
1672 3483 1955 3541 nostram,

388 3568 499 3606 non
531 3562 592 3606 ut
620 3555 876 3608 alienam.
913 3555 1069 3621 Quod
1112 3558 1236 3625 quis
1285 3559 1486 3614 vitioso
1526 3562 1762 3631 cuipiam
1821 3564 1959 3619 aﬂ'e-

390 3642 503 3696 ctui
554 3644 833 3708 astrictus,
883 3652 998 3697 toto
1044 3648 1212 3700 corde
1257 3648 1519 3716 omnique
1571 3665 1699 3703 cum
1732 3652 1959 3707 humili-

392 3740 502 3787 tate
532 3733 763 3787 credens
796 3734 850 3787 in
878 3735 1189 3798 Dominum,
1222 3736 1428 3791 donum
1468 3740 1668 3808 accipit
1716 3743 1962 3797 serenio-

390 3825 470 3880 ris
493 3826 862 3892 conscientiae,
900 3836 1097 3883 testem
1132 3829 1303 3884 habes
1335 3829 1749 3900 Scripturamzt
1785 3836 1960 3891 Hodie

390 3917 538 3973 enim
568 3935 779 3974 mecum
810 3920 922 3975 eris
950 3921 1004 3974 in
1041 3921 1293 3990 paradiso
1321 3923 1386 3977 ⁸ο.
1429 3942 1448 3975 ι
1485 3925 1549 3978 Et
1583 3941 1598 3978 :
1640 3946 1657 3976 ι
1686 3926 1846 3981 Fides
1870 3938 1961 3983 tua

393 4017 448 4064 te
492 4010 700 4063 salvum
739 4010 866 4065 fecit
906 4029 920 4065 :
955 4013 1092 4067 vade
1147 4013 1200 4069 in
1254 4031 1387 4083 pace
1409 4016 1496 4069 ἰε
1540 4035 1559 4067 ι
1599 4032 1722 4086 quae
1769 4033 1799 4071 a
1836 4034 1965 4087 pas-

391 4100 610 4155 sionum
658 4103 892 4155 tumultu
943 4105 1190 4171 seiuncta
1223 4116 1341 4169 est,
1371 4114 1428 4160 et
1449 4122 1794 4176 quaecunque
1829 4118 1961 4164 sunt

392 4190 639 4246 formulae
669 4194 986 4249 consimilis.
1032 4196 1096 4248 Et
1130 4196 1182 4248 in
1213 4198 1424 4251 semine
1466 4213 1568 4251 uva
1604 4201 1955 4257 maturescit.

393 4283 474 4337 Ne
498 4283 663 4351 igitur
690 4296 1068 4355 expromptam
1098 4287 1433 4342 alacritatem
1473 4298 1724 4343 nostram
1763 4300 1963 4357 retun-

393 4375 525 4430 dant
556 4375 786 4439 inimici,
815 4386 870 4430 et
911 4378 1079 4431 animi
1130 4378 1391 4433 hebetcnt
1428 4381 1785 4435 acrimoniam
1827 4384 1958 4437 dum

2059 3198 2351 3259 καλοῦντες
2372 3196 2461 3249 τὸν
2488 3195 2763 3262 Δεσπότην
2786 3193 2965 3264 ἡμῶν,
2998 3194 3092 3247 καὶ
3120 3193 3391 3261 λέγοντες,
3420 3192 3624 3262 Κύριε,

2058 3293 2087 3344 ὁ
2113 3289 2272 3358 μόνος
2308 3286 2509 3354 ἀγαθὸς
2554 3286 2647 3337 καὶ
2706 3283 3106 3355 φιλάνθρωπος,
3137 3285 3167 3337 ό
3197 3283 3355 3353 μόνος
3389 3281 3626 3353 χρηστὸς

2060 3380 2155 3434 καὶ
2176 3378 2446 3448 ἐπιεικὴς,
2475 3379 2503 3430 ὁ
2538 3376 2698 3446 μόνος
2723 3374 2977 3444 ἀληθινὸς
3007 3376 3104 3428 καὶ
3136 3373 3364 3438 δίκαιος,
3390 3375 3420 3426 ὁ
3468 3374 3625 3443 μόνος

2060 3470 2360 3539 οἰκτίρμων
2414 3468 2547 3531 Θεὸς
2582 3467 2757 3535 ἡμῶν,
2786 3468 2814 3520 ὁ
2875 3465 3066 3534 Πατὴρ
3095 3465 3190 3517 τοῦ
3229 3464 3436 3534 Κυρίου
3471 3462 3629 3533 ἡμῶν

2073 3560 2248 3630 Ἰησοῦ
2280 3556 2517 3628 Χριστοῦ
2539 3556 2630 3610 τοῦ
2651 3558 2744 3609 ἐπὶ
2763 3556 2990 3610 Ποντίου
3006 3554 3245 3609 Πιλάτου
3285 3553 3630 3623 σταυρωθέν-

2060 3672 2172 3718 τος,
2191 3652 2282 3706 καὶ
2305 3652 2369 3718 τῇ
2400 3650 2555 3719 τρίτῃ
2580 3650 2762 3719 ἡμέρᾳ
2789 3646 3139 3708 ἀναστάντος,
3172 3645 3266 3697 καὶ
3294 3642 3630 3706 εἰσελθόντος

2052 3748 2142 3807 ιείς
2169 3743 2265 3813 τὴν
2289 3742 2445 3807 δόξαν
2475 3740 2659 3804 αὑτοῦ,
2694 3740 2788 3794 καὶ
2815 3739 2912 3809 τὴν
2944 3738 3062 3808 σὴν,
3095 3736 3293 3789 ὲλθὲτω
3324 3738 3358 3806 ὴ
3400 3735 3628 3804 δύναμις

2062 3837 2159 3903 τῆς
2190 3831 2579 3905 μεγαλωσύνης
2621 3850 2718 3886 σου
2758 3834 2845 3885 ἐπ’
2873 3830 2973 3899 ἐμὲ
3005 3831 3097 3883 τὸν
3122 3829 3308 3882 δοῦλόν
3349 3846 3447 3881 σου
3487 3841 3504 3858 ⁸
3536 3825 3632 3882 καὶ

2063 3929 2438 3996 ἐνδυνάμωσόν
2489 3944 2577 3995 με,
2603 3925 2794 3995 Κύριε,
2830 3924 2907 3995 τῷ
2968 3922 3286 3990 Εύαγγελίῳ
3328 3920 3430 3990 τῆς
3479 3918 3635 3972 swa-

2066 4021 2293 4082 σκαλίας
2325 4036 2416 4072 σου
2436 4036 2449 4049 ·
2483 4019 2591 4081 ναὶ,
2629 4017 2898 4077 Δέσποτα,
2932 4014 3167 4082 φώτισόν
3198 4029 3298 4082 μου
3328 4011 3397 4064 τὰ
3420 4011 3632 4077 σπλάγ-

2065 4130 2187 4183 χνα,
2219 4113 2312 4164 καὶ
2340 4113 2517 4163 πάντα
2549 4109 2619 4162 τά
2654 4107 2791 4179 μέλη
2827 4108 2905 4176 τῷ
2932 4105 3010 4176 σῷ
3030 4105 3315 4175 θελήματι,
3340 4103 3434 4156 καὶ
3463 4101 3634 4155 καθά-

2070 4203 2217 4273 ρισόν
2263 4216 2330 4268 με
2381 4197 2488 4252 άπδ
2543 4197 2727 4264 πάσης
2783 4195 3036 4264 κηλίδος,
3095 4195 3190 4247 καὶ
3251 4192 3473 4253 κακίας.
3538 4190 3629 4243 καὶ

2068 4294 2360 4362 ἁμαρτίας,
2388 4290 2482 4342 καὶ
2502 4288 2664 4356 συντή
2675 4286 2837 4356 ρησόν
2871 4302 2936 4355 με
2958 4284 3182 4338 ἄσπιλον
3206 4282 3300 4337 καὶ
3335 4281 3631 4351 ἀμώμητον

2067 4384 2176 4439 ἀπὸ
2213 4383 2390 4450 πάσης
2422 4379 2697 4449 ἐνεργείας
2724 4377 2816 4431 τοῦ
2841 4378 3216 4446 ἀντικειμένου
3240 4390 3255 4405 °
3283 4376 3379 4428 καὶ
3412 4370 3633 4442 χάρισαί

393 4481 495 4519 nos
527 4467 697 4521 scutis
731 4468 1069 4538 colapliisant
1104 4470 1523 4525 multiformium
1566 4474 1954 4527 tentationum.

2069 4488 2157 4539 μοι
2179 4471 2318 4524 κατὰ
2346 4469 2445 4539 τὴν
2480 4466 2825 4537 χρηστότητά
2883 4482 2975 4518 σου
3016 4464 3083 4517 τὰ
3127 4463 3194 4516 σὰ
3237 4463 3400 4523 νοεῖν,
3432 4461 3528 4514 καὶ
3567 4459 3635 4513 τὰ

396 4553 732 4619 (Tolerantia
781 4558 927 4610 enim
981 4560 1344 4613 tentationum
1415 4562 1823 4617 concinnantur
1895 4580 1961 4619 ac

397 4643 714 4712 plectuntur
742 4661 978 4711 coronae,
1009 4657 1062 4701 et
1089 4648 1506 4705 inﬁrmitatibus
1538 4652 1711 4706 virtus
1742 4654 1967 4722 perlici-r

402 4743 491 4788 tur
528 4735 732 4789 Christi
765 4736 831 4788 9’.
862 4737 976 4791 lmo
1003 4739 1172 4807 magis
1228 4740 1494 4807 pertinaci
1532 4741 1656 4796 freti
1695 4755 1961 4798 constan-

404 4828 499 4891 tia,
531 4825 600 4880 ad
627 4826 1331 4895 orationem—pcrsistamus,
1387 4832 1674 4886 Dominum
1710 4844 1960 4889 nostrum

401 4919 778 4980 obsecrantes,
804 4931 867 4970 ac
892 4917 1138 4973 dicentes
1180 4921 1477 4985 :Domine,
1527 4924 1619 4991 qui
1661 4925 1811 4977 solus
1865 4924 1964 4978 bo-

402 5023 527 5071 nus,
577 5022 705 5076 erga
765 5006 1065 5060 humanum
1095 5024 1267 5076 genus
1295 5011 1556 5076 clemens,
1593 5012 1744 5066 solus
1776 5017 1963 5069 suavis

402 5107 460 5154 ct
504 5099 673 5162 mitis,
705 5100 857 5154 solus
906 5113 1071 5153 verax
1121 5108 1174 5152 et
1220 5101 1433 5170 justus,
1467 5103 1615 5155 solus
1674 5104 1965 5159 miserator

405 5190 549 5245 Deus
599 5202 824 5247 nosterv:
862 5192 1023 5245 Pater
1058 5191 1269 5245 Domini
1324 5194 1498 5246 nostri
1547 5194 1676 5250 Jcsu
1733 5196 1961 5263 Christi,

405 5281 497 5351 qui
529 5282 632 5337 sub
668 5282 860 5337 Pontio
891 5282 1066 5337 Pilato
1093 5282 1245 5337 cruci
1275 5293 1360 5337 est
1392 5300 1683 5353 appensus,
1710 5296 1765 5340 et
1805 5288 1964 5342 tertia

406 5374 496 5429 die
530 5377 848 5441 resurrexit,
874 5385 927 5429 et
966 5376 1038 5430 ita
1065 5376 1311 5431 introivit
1341 5377 1393 5431 in
1416 5379 1645 5447 gloriam
1677 5396 1828 5434 suam
1864 5397 1962 5450 pa-

2062 4566 2131 4618 σά
2159 4565 2394 4633 φρονεῖν,
2433 4562 2489 4612 ὲν
2516 4564 2631 4621 τοῖς
2662 4560 2776 4621 σοῖς
2804 4556 3263 4627 ἀναστρέφεσθαι,
3293 4554 3386 4607 τὸν
3413 4553 3504 4605 σὸν
3538 4552 3637 4621 :96-

2060 4660 2153 4712 6ον
2181 4656 2482 4725 φοϐεῖσθαι,
2514 4655 2675 4724 μέχρι
2707 4654 2805 4722 τῆς
2831 4654 3067 4721 ἐσχάτης
3093 4650 3326 4721 ἡμέρας,
3349 4648 3444 4704 καὶ
3463 4648 3633 4718 ὥρας,

2060 4750 2155 4801 καὶ
2217 4748 2516 4810 ἀναπνοῆς·
2567 4741 2931 4810 ὲπικαλοῦμαί
2984 4758 3065 4801 σε,
3117 4738 3296 4809 Ἰησοῦ
3346 4738 3573 4807 Χριστὲ,
3608 4738 3639 4787 ὁ

2062 4833 2381 4904 ἁμαρτωλὸς
2439 4829 2571 4899 ἐγὼ,
2603 4832 2750 4893 ὅπως
2792 4831 2932 4883 κατὰ
2991 4830 3052 4881 τὸ
3093 4826 3486 4895 ἁνεκδιήγητόν
3543 4842 3641 4878 σου

2072 4926 2217 4987 ἕλεος
2246 4923 2593 4992 συντηρὴσῃς
2625 4937 2725 4990 μου
2756 4920 2815 4973 τὸ
2845 4920 3025 4988 σῶμα,
3058 4919 3154 4972 καὶ
3179 4918 3276 4985 τὴν
3305 4917 3508 4987 ψυχὴν,
3543 4916 3639 4969 καὶ

2070 5016 2130 5068 τὸ
2178 5014 2415 5082 πνεῦμα,
2444 5014 2551 5082 ἀπὸ
2591 5012 2773 5082 πάσης
2824 5012 3051 5079 παγίδος
3082 5008 3174 5062 τοῦ
3213 5009 3633 5076 Ἀντικειμένου.

2071 5106 2197 5169 Ναὶ,
2225 5105 2404 5173 Πάτερ
2451 5080 2595 5169 ἃγίε,
2641 5102 2912 5155 σκέπασόν
2951 5117 3017 5169 με
3066 5102 3131 5168 τῇ
3161 5101 3227 5169 σῇ
3256 5098 3637 5167 εὐσπλαγχνίξι

2070 5198 2159 5248 τὸν
2206 5197 2297 5248 σὺν
2355 5195 2575 5248 δοῦλον
2605 5193 2700 5246 καὶ
2752 5193 2828 5262 μὴ
2888 5192 3261 5261 ὲγκαταλίπῃς
3303 5207 3396 5259 με,
3420 5190 3509 5243 ἴνα
3562 5191 3641 5259 μὴ

2072 5289 2295 5341 εἴπωσιν
2321 5288 2370 5339 οἱ
2410 5286 2592 5356 ἐχθροί
2619 5302 2740 5355 μου,
2765 5285 2846 5337 ὅτι
2868 5283 3216 5352 Κατεπίομεν
3246 5281 3427 5345 αὑτὸν,
3454 5282 3538 5333 ὅτι
3574 5282 3641 5335 σὺ

2072 5376 2121 5433 εἴ
2150 5381 2176 5432 ὁ
2208 5379 2621 5449 ὑπερασπιστὴς
2667 5393 2789 5446 μου,
2843 5375 3015 5444 Κύριε
3042 5391 3055 5405 ⁸
3086 5376 3180 5427 καὶ
3224 5378 3282 5427 ὲν
3316 5376 3397 5427 σοὶ
3434 5375 3502 5428 Ἠ
3534 5373 3643 5443 ὔμ-

407 5466 542 5521 ritcr
599 5477 654 5520 et
691 5477 858 5530 tuam,
890 5456 1404 5537 azlveniat,'qtt:nso,
1438 5486 1601 5540 super
1628 5487 1709 5523 me
1733 5487 1951 5525 servum

2058 5472 2239 5537 ιήσίς
2270 5486 2390 5538 μου
2428 5466 2525 5520 διὰ
2554 5466 2779 5531 παντὸς
2804 5467 2884 5529 εἰς
2920 5466 3046 5527 τοὺς
3072 5462 3292 5526 αἰῶνας.
3334 5463 3530 5533 Ἀμήν.

477 5580 652 5633 "15a.
693 5594 850 5637 xxxv,
892 5578 939 5631 ί.
1016 5581 1058 5611 ⁸³
1090 5581 1228 5633 l’sal.
1262 5597 1435 5641 ελεγι,
1469 5582 1520 5634 4.
1597 5584 1639 5613 ⁸³
1666 5584 1805 5637 Psal.
1842 5599 2045 5646 xxxvii,
2086 5581 2164 5632 ll.

2275 5582 2320 5611 ’°
2356 5580 2493 5634 Psal.
2518 5595 2657 5641 (τευ,
2692 5580 2743 5633 5.
2854 5579 2896 5609 '“
2922 5578 3065 5632 Psal.
3089 5594 3198 5637 xxi,
3235 5576 3315 5630 i2.
3427 5577 3472 5606 τ’
3493 5577 3629 5632 Psal.

411 5664 637 5718 xxxviii,
680 5648 766 5701 12.
842 5649 887 5718 τέ
918 5649 1055 5702 Psal.
1089 5665 1195 5712 Ltv,
1218 5651 1270 5711 8,
1305 5655 1356 5702 9.
1436 5650 1479 5681 ⁷⁸
1508 5652 1643 5704 Psal.
1676 5668 1859 5714 cxvm,
1886 5653 1955 5705 ιξὸ

2058 5652 2098 5683 ¹³
2128 5650 2268 5703 Psal.
2299 5666 2383 5706 ις.
2412 5650 2465 5703 5.
2543 5650 2591 5681 ⁷⁵
2616 5650 2757 5718 Psal.
2778 5664 2939 5718 ωιτη,
2974 5648 3074 5718 56.
3138 5649 3181 5679 ⁷⁷
3214 5647 3416 5718 Epltes.
3444 5663 3523 5713 Vt,
3549 5648 3635 5703 ll.

417 5717 462 5751 π
495 5718 515 5770 ι
554 5717 744 5773 Thess.
772 5733 826 5783 ν,
861 5716 944 5770 ιι.
1028 5720 1068 5749 τέ
1104 5718 1268 5773 llcbr.
1301 5736 1351 5785 ν,
1382 5720 1461 5773 ιε.

1535 5722 1577 5751 ’⁸ο
1610 5721 1737 5774 Luc.
1763 5736 1915 5786 χχιιι,
1947 5723 2032 5776 45.

2108 5722 2146 5751 '“
2175 5719 2308 5774 Luc.
2344 5736 2436 5784 \‘t-I,
2470 5718 2555 5774 50.
2624 5717 2669 5751 ⁸³
2709 5718 2749 5771 ll
2774 5717 2897 5774 Cor.
2926 5733 3023 5783 xtl,
3054 5717 3107 5772 9.
