3986 6148
376 328 500 393 1(97

988 319 1334 387 HOMILIA
1372 325 1684 389 LXXXVI.
1711 351 1782 360 -
1811 325 1910 385 DE
1948 322 2247 385 LABORE
2289 317 2706 386 SECUNDUM
2746 326 2980 387 DEUM.

3484 328 3619 392 ICL‘S

370 450 520 495 tuum
548 440 726 493 virtus
789 443 892 491 tuae
926 433 1256 504 maiestatis,
1315 442 1373 489 et
1428 434 1718 490 confirmet
1777 434 2177 499 me,Domine,
2204 442 2261 490 et
2314 431 2666 487 constabiliat
2709 435 2965 489 salutaris
3021 433 3267 492 doctrina
3315 437 3613 509 Evangelii.

365 530 541 586 Certe.
582 525 829 589 Domine,
896 523 1113 577 viscera
1163 538 1249 578 me
1302 532 1563 594 artusque
1587 540 1740 579 meos
1770 539 1962 580 omnes
1999 523 2085 580 fac
2114 524 2500 595 splendescere
2534 524 2808 578 inlusione
2836 533 2941 579 tua:
3000 524 3167 591 lucis,
3200 535 3401 597 tuaque
3444 533 3616 585 solius

365 619 665 672 voluntate.
702 612 873 682 Expia
921 627 1007 666 me
1066 613 1136 667 ab
1182 608 1335 666 omni
1398 613 1607 669 malitia
1654 624 1709 669 et
1746 623 1993 684 peccato.
2032 614 2368 671 Conservato
2394 629 2481 669 me
2546 614 2955 669 immaculatum
2984 624 3039 669 et
3076 616 3618 686 inreprehensibilem

365 710 435 795 ab
466 707 615 762 omni
679 704 1001 773 operatione
1055 702 1397 768 adversarii:
1425 712 1629 773 tuaque
1687 704 2023 774 benignitate
2063 704 2281 776 imparti
2316 706 2473 769 mihi,
2508 714 2566 759 ut
2611 721 2731 774 qua:
2783 714 2871 759 tua
2915 717 3043 760 sunt
3075 710 3331 777 cogitem,
3365 727 3487 781 quae
3522 721 3615 767 tua

361 791 490 853 sunt
540 795 769 864 sapiam,
806 793 861 846 in
912 791 980 846 iis
1020 807 1142 860 quae
1185 801 1278 847 tua
1330 801 1460 847 sunt
1496 807 1810 856 converser,
1841 802 1954 857 tuo,
1990 809 2186 863 nempe
2219 794 2394 859 liliali,
2428 794 2620 848 timore
2648 802 2700 847 te
2736 794 2952 848 timeam
2992 796 3058 850 ad
3106 806 3411 853 extremum
3444 817 3617 872 usque

362 891 615 943 halitum.
682 888 1036 946 Invoc0'te,
1105 883 1335 938 Domine
1397 884 1525 940 Jesu
1571 884 1812 948 Christe,
1875 899 1975 954 ego
2030 893 2308 954 peccator,
2357 893 2417 938 ut
2499 899 2597 954 per
2686 886 3111 942 inenarrabilem
3181 890 3617 949 misericordiam

360 989 506 1034 tuam
539 994 833 1034 conserves
872 992 1072 1046 corpus
1111 992 1316 1042 meum,
1343 978 1579 1031 animam
1611 995 1675 1033 ac
1727 979 1981 1049 spiritum
2021 977 2090 1031 ab
2120 977 2268 1031 omni
2297 978 2494 1048 laqueo
2527 982 2892 1049 oppugnantis
2916 996 3023 1034 me.
3055 980 3153 1046 Ita,
3194 981 3356 1038 Pater
3405 996 3616 1046 sancte,

359 1081 453 1127 tua
490 1072 662 1127 solius
693 1074 897 1140 pietate
926 1086 1209 1141 propugna
1243 1086 1330 1125 me
1359 1086 1580 1125 servum
1615 1082 1793 1137 tuum,
1826 1086 1925 1125 nec
1964 1069 2019 1123 in
2057 1078 2208 1125 tanto
2267 1070 2587 1124 discrimine
2620 1072 2984 1125 constitutum
3030 1074 3255 1129 deseras
3290 1091 3396 1140 me,
3433 1084 3493 1129 ut
3547 1091 3617 1130 ne

357 1166 544 1221 dicant
571 1166 777 1220 inimici
805 1166 932 1220 mei.
964 1165 1361 1236 Deglutivimus
1409 1180 1558 1220 eum.
1593 1166 1675 1221 Tu
1707 1166 1874 1232 enim,
1906 1166 2132 1221 Domine
2156 1166 2251 1233 mi,
2280 1176 2651 1237 propugnator
2703 1183 2860 1224 meus
2890 1184 2973 1234 es,
3002 1177 3059 1224 et
3080 1187 3099 1222 ι
3124 1170 3185 1224 In
3211 1178 3263 1226 te

358 1275 482 1314 mea
502 1274 719 1328 semper
737 1257 809 1324 ⁸³,
842 1277 859 1310 ι
889 1269 947 1314 et
972 1258 1027 1312 in
1055 1257 1273 1313 sa'cula.
1294 1260 1485 1313 Amen.

3371 1170 3615 1229 laudauo

426 1371 620 1434 Οὕτως
645 1367 738 1424 οὖν
770 1369 1155 1442 προσέλθωμεν
1187 1369 1264 1440 τῷ
1301 1369 1490 1438 ἀγαθῷ
1518 1371 1764 1441 Δεσπότῃ
1787 1412 1799 1434 ,
1843 1369 1937 1443 καὶ

2116 1369 2325 1441 1165
2377 1369 2458 1423 Ad
2508 1369 2657 1423 hunc
2704 1370 2926 1423 modum
2977 1370 3205 1439 pmpius
3254 1372 3617 1445 adjungamus

361 1467 441 1537 μὴ
480 1464 962 1534 ὀλιγοψυχήσωμεν
996 1461 1052 1515 ἐν
1081 1479 1211 1525 τινι,
1245 1460 1381 1515 ἀλλά
1413 1459 1807 1528 ἀγωνισώμεθα
1840 1461 1937 1512 ἀν-

356 1556 553 1627 δρείως
575 1553 1007 1625 μνημονεύοντες
1030 1551 1122 1604 τοῦ
1151 1550 1559 1621 γεγραμμένου,
1591 1549 1707 1612 τοῦ,
1742 1544 1938 1601 «Εἶπεν

354 1647 414 1700 δὲ
451 1645 547 1699 καλ¹
566 1643 881 1716 παραϐολὴν
908 1644 1114 1704 αὐτοῖς,
1143 1642 1278 1712 πρὸς
1305 1641 1363 1693 τὸ
1378 1640 1487 1692 δεῖν
1519 1640 1747 1693 πάντοτε
1772 1655 1934 1708 προσ-

356 1736 637 1806 εύχεσθαι,
709 1734 805 1786 καὶ
837 1718 912 1802 μὴ
971 1733 1246 1784 ὲκκακείν.
1285 1750 1304 1781 ι
1355 1731 1464 1783 Καὶ
1496 1730 1784 1800 έπιφέρει”
1816 1748 1834 1780 ι
1879 1729 1937 1781 '0

352 1829 413 1881 δὲ
445 1825 577 1889 Θεὸς
614 1825 675 1877 οὐ
708 1824 783 1893 μὴ
824 1823 1039 1893 ποιήσει
1068 1823 1166 1891 τὴν
1197 1821 1475 1891 ἐκδίκησιν
1516 1821 1624 1873 τῶν
1665 1819 1937 1873 ἐκλεκτῶν

308 1975 323 1980 _
354 1914 525 1972 αὑτοῦ
551 1914 660 1967 τῶν
688 1913 936 1984 βοώντων
978 1912 1116 1982 πρὸς
1148 1911 1311 1966 αὐτὸν
1355 1910 1544 1974 νυκτὸς
1573 1910 1667 1963 καὶ
1702 1910 1935 1979 ἡμέρας,

355 2008 455 2061 καὶ
478 2005 825 2077 μακροθυμεῖ
846 2021 860 2070 ;
885 2004 995 2059 Ναὶ
1019 2003 1160 2071 λέγω
1184 2002 1333 2072 ὑμῖν,
1354 2003 1437 2055 ὅτι
1463 2003 1677 2072 ποιήσει
1702 2003 1759 2054 ὲν
1782 2001 1937 2069 τάχει

350 2098 458 2169 τὴν
492 2097 772 2166 ἐκδίκησιν
810 2094 1012 2150 αὐτῶν.
1036 2113 1063 2189 ‘D
1111 2093 1271 2165 Αὐτῷ
1303 2096 1337 2163 ἡ
1376 2093 1505 2158 δόξα
1539 2093 1620 2157 είς
1651 2093 1777 2156 τοὺς
1805 2090 1937 2145 αίῶ-

348 2205 478 2253 νας.
516 2186 705 2258 Ἀμήν.

928 2300 1146 2354 ΛΟΓΟΣ
1193 2300 1336 2368 nq'.

956 2393 1097 2460 Περὶ
1127 2392 1339 2445 κόπου.

424 2487 496 2540 Oi
536 2483 679 2539 κατά
706 2483 839 2537 Θεὸν
878 2483 1037 2535 κόποι
1072 2480 1337 2546 σώζουσιν
1388 2480 1479 2534 τὸν
1513 2480 1816 2552 ἄνθρωπον,
1841 2482 1932 2536 καὶ

349 2575 675 2647 παρρησίαν
726 2573 875 2644 αὐτῷ
910 2571 1245 2642 παρέχουσιν
1277 2570 1421 2641 πρὸς
1440 2571 1531 2625 τὸν
1576 2571 1706 2623 Θεὸν
1735 2570 1933 2639 λέγειν’

356 2688 377 2721 ι
424 2668 541 2720 Ἴδε
568 2666 666 2734 τὴν
701 2663 1035 2718 ταπείνωσιν
1064 2679 1189 2732 μου,
1225 2662 1320 2716 καὶ
1357 2663 1448 2713 τὸν
1493 2661 1658 2715 κόπον
1690 2679 1812 2732 μου.
1844 2662 1936 2715 καὶ

349 2759 500 2828 ἄφες
532 2758 710 2819 πάσας
756 2754 855 2818 τὰς
884 2754 1157 2824 ἁμαρτίας
1208 2770 1331 2823 μου,
1362 2770 1382 2804 ι
1418 2753 1520 2818 ὅτι,
1564 2770 1583 2804 ι
1630 2753 1932 2807 Ἐκοπίασα

351 2848 604 2921 κράζων,
629 2845 991 2921 ὲϐραγχίασεν
1021 2847 1050 2899 ὁ
1077 2844 1283 2914 λάρυγξ
1320 2861 1444 2914 μου,
1466 2844 1558 2897 καὶ
1583 2845 1632 2896 οἱ
1665 2843 1934 2913 ὀφθαλμοί

353 2918 467 3010 μου
514 2918 912 3004 ὲξέλιπονάπὸ
965 2935 1060 2990 τοῦ
1114 2935 1354 2999 ἐλπίζειν
1397 2951 1463 3005 με
1513 2935 1608 2988 ἐπὶ
1656 2934 1750 2987 τὸν
1801 2935 1934 2988 Θεόν

353 3029 490 3103 μὸυ.
519 3046 538 3080 ι
570 3027 762 3098 Δῶμεν
786 3022 900 3089 οὖν,
926 3025 1218 3096 ἀγαπητοὶ,
1252 3023 1312 3078 τὸ
1351 3025 1511 3094 σῶμα
1535 3023 1693 3095 ἡμῶν
1724 3026 1803 3086 είς
1845 3025 1937 3077 κό-

352 3139 462 3175 πον
492 3120 587 3173 σὺν
614 3121 680 3189 τῇ
729 3118 872 3189 ψυχῇ
903 3117 963 3170 ὲν
1002 3117 1301 3186 νηστείαις,
1332 3118 1427 3170 καὶ
1456 3116 1808 3185 ἀγρυπνίαις,
1840 3115 1935 3168 καὶ

348 3210 725 3282 ψαλμῳδίαις,
752 3211 843 3263 καὶ
866 3208 1053 3279 εὐχαῖς
1074 3206 1457 3274 ἀδιαλείπτοις,
1492 3205 1587 3259 καὶ
1614 3205 1931 3275 ὲργοχείρῳ,

350 3304 447 3357 ἵνα
478 3300 835 3369 ἀπολάϐωμεν
862 3298 954 3354 τὸν
1001 3298 1213 3368 μισθὸν,
1251 3316 1270 3350 ι
1304 3298 1473 3352 Ὅταν
1520 3296 1598 3368 δῷ
1643 3298 1753 3357 τοῖς
1792 3296 1934 3364 άγα-

349 3394 555 3463 πητοῖς
580 3388 748 3443 αὑτοῦ
778 3388 1001 3453 ὖπνον,›
1030 3389 1308 3442 τουτέστιν
1328 3388 1656 3453 ἀνάπαυσιν,
1679 3389 1829 3441 ποῖον
1848 3404 1935 3456 μι-

352 3483 526 3545 σθόνς
555 3481 627 3532 Τὸ
649 3480 1015 3550 κληρονόμους
1035 3480 1180 3549 ἡμᾶς
1208 3478 1461 3547 γενέσθαι
1484 3478 1577 3530 καὶ
1609 3476 1932 3551 υἱοὺςλθεοῦ.

349 3565 533 3630 Οὗτος
566 3570 695 3639 γάρ,
737 3587 757 3620 ‹
799 3570 858 3622 '0
890 3568 1079 3639 μισθὸς
1103 3568 1198 3621 τοῦ
1241 3566 1455 3638 καρποῦ
1489 3569 1590 3637 τῆς
1619 3566 1872 3638 γαστρὸς,
1909 3583 1930 3617 ι

349 3658 642 3715 τουτέστιν
664 3658 760 3729 τῆς
774 3657 1117 3728 ἐγκρατείας.
1143 3657 1497 3728 Εὑρίσκονται
1514 3656 1623 3728 γὰρ
1640 3657 1690 3709 oi
1707 3656 1935 3709 τοιοῦτοι

346 3751 436 3815 ὡς
492 3752 542 3802 oi
585 3747 892 3811 ἀπόστολοι,
954 3747 1189 3817 μάλιστα
1216 3749 1265 3800 oi
1293 3747 1586 3808 ἀσκοῦντες
1640 3744 1737 3816 τὴν
1767 3746 1937 3816 άκτη-

351 3837 627 3912 μοσύνην.
652 3857 671 3890 ι
712 3837 855 3890 Ὠσεὶ
878 3836 1007 3907 βέλη
1030 3836 1158 3907 γὰρ,
1189 3837 1247 3889 ἐν
1281 3836 1422 3907 χειρὶ
1449 3833 1695 3899 δυνατοῦ,
1723 3856 1741 3885 ο
1766 3834 1938 3897 οὕτως

351 3933 474 3986 υίοὶ
499 3929 609 3984 τῶν
631 3927 1020 3993 ἐκτιναξάντων
1039 3928 1263 3990 ἑαυτοὺς
1284 3926 1391 3979 ἀπὸ
1410 3927 1507 3996 τῆς
1528 3925 1658 3994 ὖλης
1683 3924 1779 3978 τοῦ
1804 3921 1938 3978 αἰῶ-

2036 1475 2138 1513 nos
2172 1470 2278 1514 tam
2313 1461 2568 1515 clementi
2599 1461 2849 1527 Domino,
2879 1478 2984 1516 nec
3017 1464 3127 1517 ulla
3176 1479 3243 1518 ex
3291 1481 3350 1520 re
3391 1468 3471 1522 sic
3514 1468 3615 1522 mi-

2037 1565 2160 1603 sere
2194 1550 2507 1618 eliquemur
2535 1559 2629 1604 aut
2659 1550 2981 1607 deficiamus
3019 1553 3240 1620 animo;
3275 1557 3450 1626 magis
3481 1573 3615 1613 vero

2037 1650 2261 1695 strenue
2292 1640 2712 1708 contenda’mus,
2755 1644 2904 1697 illius
2947 1661 3224 1700 memores
3270 1646 3611 1717 Scriptura}:

2043 1752 2062 1784 ι
2093 1734 2239 1788 Dixit
2270 1744 2454 1789 autem
2488 1735 2570 1789 eis
2601 1742 2657 1787 et
2693 1736 3035 1803 parabolam,
3067 1736 3199 1806 quia
3223 1747 3442 1807 oportet
3471 1754 3587 1795 sem

2038 1838 2139 1893 per
2163 1839 2325 1878 orare
2357 1833 2412 1878 et
2456 1839 2565 1877 non
2597 1824 2835 1879 deficere
2861 1825 2928 1879 ⁸⁸.
2963 1844 2981 1876 ι
3013 1825 3221 1880 Infert:
3259 1845 3277 1876 ι
3312 1828 3456 1882 Deus
3482 1844 3616 1884 vero

2037 1929 2146 1968 non
2169 1914 2335 1969 faciet
2357 1913 2654 1968 vindictam
2680 1915 3034 1969 clamantium
3059 1916 3126 1970 ad
3151 1932 3209 1971 se
3231 1916 3321 1971 die
3339 1933 3402 1972 ac
3425 1927 3612 1983 nocte,

2037 2015 2092 2059 et
2122 2006 2340 2074 patiens
2371 2006 2517 2060 erit?
2541 2005 2702 2061 Certe
2727 2007 2854 2061 dico
2887 2007 3065 2072 vobis,
3100 2008 3228 2077 quia
3262 2008 3429 2063 faciet
3459 2009 3615 2063 velo-

2036 2096 2176 2151 citer
2206 2098 2503 2152 vindictam
2525 2113 2717 2153 eorum
2749 2100 2849 2152 ⁸⁸.»
2873 2099 2981 2170 Ipsi
3007 2100 3179 2170 gloria
3208 2101 3262 2154 in
3291 2101 3489 2157 saecula
3511 2115 3626 2173 sae-_

2037 2190 2314 2244 culorum.
2341 2190 2536 2245 Amen.

2518 2302 2800 2358 IIOMILIA
2847 2304 3130 2362 LXXXVI.

2662 2395 2741 2448 De
2783 2394 2980 2449 labore.

2106 2482 2210 2555 Qui
2269 2482 2571 2536 secundum
2626 2483 2799 2536 Deum
2852 2493 2984 2537 sunt
3035 2484 3273 2551 labores,
3331 2485 3614 2541 hominem

2037 2584 2185 2627 recta
2242 2574 2555 2643 provehunt
2609 2573 2675 2626 ad
2726 2583 2945 2642 portum
2978 2575 3193 2637 salutis,
3262 2577 3615 2646 multumque

2038 2674 2297 2733 praestant
2331 2664 2543 2718 fiducia:
2595 2666 2739 2735 apud
2769 2666 2972 2719 Deum:
3030 2682 3137 2736 qua
3185 2667 3380 2732 fretus,
3428 2669 3614 2722 dicere

2037 2753 2271 2823 ingenue
2299 2756 2480 2809 ausit:
2521 2772 2541 2805 ι
2579 2755 2713 2809 Vide
2743 2755 3108 2809 humilitatem
3158 2772 3333 2810 meam
3359 2765 3416 2811 et
3460 2756 3617 2811 labo-
3690 2800 3695 2803 .

2011 2850 2150 2899 ‘rem
2181 2860 2387 2909 meum,
2445 2853 2501 2900 ct
2536 2845 2750 2899 dimitte
2798 2845 3051 2900 universa
3076 2856 3297 2915 peccata
3351 2847 3555 2901 mea“:
3588 2866 3611 2900 ι

2035 2938 2163 3008 quia
2203 2957 2219 2987 ι
2252 2936 2518 2991 Laboravi
2550 2938 2812 3001 clamans,
2847 2952 3029 2991 rauca:
3077 2937 3231 2992 factae
3261 2946 3389 2992 sunt
3427 2938 3619 2992 fauces

2035 3045 2190 3092 mea),
2222 3036 2277 3083 et
2306 3029 2449 3082 oculi
2478 3027 2584 3081 mei
2618 3028 2943 3081 defecerunt
2967 3027 3096 3081 dum
3123 3043 3284 3096 spero
3325 3028 3379 3081 in
3440 3028 3608 3082 Deum

2035 3136 2217 3174 meum
2247 3121 2313 3171 ⁸⁷.
2350 3138 2367 3170 ι
2431 3118 2646 3186 Corpus
2693 3118 2877 3186 itaque
2922 3126 3170 3171 nostrum
3219 3118 3610 3187 animamque,

2035 3210 2368 3271 charissimi,
2409 3209 2648 3263 assiduis
2700 3223 3042 3263 maceremus
3092 3207 3338 3278 jejuniis,
3383 3224 3614 3263 manua-

2035 3301 2119 3355 rio
2154 3302 2282 3355 item
2324 3301 2478 3369 operi
2528 3300 2781 3368 nosipsos
2837 3300 3234 3367 mancipcmus,
3296 3306 3375 3362 ut,
3421 3318 3439 3349 ι
3472 3298 3609 3357 Cum

2036 3387 2249 3471 dederit
2276 3385 2490 3440 dilectis
2517 3385 2632 3439 suis
2656 3400 2908 3438 somnum
2930 3378 3041 3448 ",i'
3068 3384 3173 3437 hoc
3203 3392 3310 3443 est,
3341 3384 3608 3453 requiem,

2036 3478 2278 3531 fructum
2333 3471 2513 3545 dignae
2569 3475 2897 3544 recipiamus
2953 3473 3243 3528 mercedis.
3309 3475 3609 3541 Quamnam

2037 3567 2345 3622 mercedem
2361 3566 2664 3620 ?Nimirum
2687 3580 2810 3619 cum
2835 3563 3136 3619 etIiciemur
3157 3566 3402 3622 haercdes
3423 3583 3488 3624 ac
3516 3567 3611 3622 filii

2036 3660 2134 3714 Dei
2153 3659 2221 3712 ⁸³.
2271 3657 2396 3712 Haec
2445 3658 2603 3726 plane
2665 3677 2682 3708 ι
2723 3657 2930 3710 Merces
2988 3656 3202 3711 fructus
3250 3659 3551 3712 ventris“:
3585 3678 3604 3710 ι

2039 3750 2148 3805 hoc
2181 3758 2286 3812 est,
2319 3748 2718 3817 temperantia.
2741 3747 3103 3801 Inveniuntur
3123 3756 3178 3801 et
3210 3748 3345 3801 tales
3395 3749 3607 3802 assimi-

2037 3840 2118 3895 les
2149 3840 2412 3910 apostolis
2443 3840 2676 3892 maxime
2711 3838 2802 3908 qui
2833 3854 3015 3892 rerum
3044 3838 3283 3906 inopiam
3313 3839 3496 3893 studio
3520 3855 3612 3893 as-

2038 3931 2408 3986 sectabantur.
2440 3947 2458 3980 ‹
2490 3927 2655 3994 Quasi
2688 3928 2833 3982 enim
2866 3927 3076 3998 sagittae
3123 3928 3178 3982 in
3230 3944 3391 3982 manu
3422 3939 3615 3998 poten-

350 4040 453 4085 vo;
498 4023 709 4075 τούτου.
770 4019 981 4081 Οἵτινες
1036 4016 1132 4072 καὶ
1185 4015 1598 4088 μακαρίζονται,
1647 4014 1723 4078 ὡς
1767 4013 1938 4086 καλὴν

2042 4022 2110 4077 tis
2128 4023 2196 4087 ",
2227 4039 2245 4073 ι
2282 4022 2357 4075 ita
2390 4020 2486 4074 ﬁlii
2522 4034 2713 4074 eorum
2740 4018 2833 4087 qui
2865 4034 2923 4072 se
2950 4027 3310 4073 excusserunt
3352 4019 3420 4073 ab
3463 4020 3612 4074 omni

345 4111 660 4180 ἐπιθυμίαν
728 4107 1083 4180 πληροῦντες.
1155 4106 1290 4161 Καὶν
1324 4107 1411 4160 οὐκ
1447 4107 1940 4177 καταισχυνθήσον-

343 4222 489 4269 ται,
528 4203 655 4255 ὅταν
689 4200 923 4255 λαλῶσιν
951 4214 966 4230 ο
1013 4216 1032 4251 ι
1061 4199 1186 4263 Τοῖς
1237 4196 1450 4268 ἐχθροῖς
1500 4196 1678 4250 αὐτῶν
1724 4198 1783 4249 έν
1833 4194 1938 4249 πύ-

342 4297 425 4368 λῃ
448 4312 463 4327 ·
526 4313 545 4347 ι
589 4293 867 4346 τουτέστιν
895 4294 952 4346 ὲν
982 4291 1062 4363 τῷ
1113 4289 1290 4361 καιρῷ
1329 4292 1427 4360 τῆς
1472 4287 1580 4342 ἀπὸ
1621 4286 1715 4340 τοῦ
1751 4286 1939 4357 σῶμα·

341 4405 450 4450 τος
489 4386 668 4440 αὐτῶν
709 4384 912 4451 ἐξόδου.
957 4384 1125 4437 Ὅταν
1163 4382 1427 4453 ἔρχωνται
1457 4381 1507 4434 οἱ
1558 4380 1785 4450 πονηροὶ
1832 4379 1942 4433 δαίς

343 4495 528 4551 μονες
583 4477 825 4541 θέλοντες
872 4478 1164 4546 κατασχεῖν
1188 4475 1286 4545 τὴν
1315 4473 1494 4543 ψυχὴν
1542 4472 1657 4525 ’ἀπὸ
1703 4469 1797 4524 τοῦ
1844 4471 1945 4523 σώ-

344 4584 559 4645 ματος.
590 4568 686 4631 Τίς
717 4563 810 4621 οὖν
838 4568 998 4635 σοφὸς
1031 4565 1198 4620 ταῦτα
1228 4564 1532 4633 γινώσκων,
1581 4562 1654 4634 μὴ
1688 4563 1940 4616 κοπιάσει

340 4666 469 4724 ἕως
518 4658 750 4712 θανάτου
800 4657 971 4711 σῶσαι
999 4657 1097 4727 τὴν
1123 4656 1297 4728 ψυχὴν
1328 4655 1552 4719 ean-toil;
1581 4655 1641 4707 οὐ
1676 4654 1835 4724 μόνον
1882 4653 1940 4706 δὲ

338 4755 462 4825 τὴν
496 4750 674 4820 ψυχὴν
725 4748 988 4813 σώζουσιν
1016 4749 1067 4801 oi
1113 4749 1255 4801 κατὰ
1279 4745 1413 4800 Θεὸν
1457 4745 1633 4805 κόποι,
1683 4743 1818 4799 ἀλλὰ
1846 4742 1940 4798 καὶ

338 4847 417 4900 τὸ
471 4842 632 4912 σῶμα
667 4840 819 4909 ὑγιὲς
848 4840 942 4893 καὶ
972 4837 1242 4909 εὔρωστον
1256 4837 1629 4891 ἀποτελοῦσιν.
1647 4838 1939 4909 Ἐπιχορη-

302 4910 313 4925 “
340 4938 453 5005 γεῖ
508 4910 617 5003 γὰρ
640 4932 742 5003 τὴν
770 4932 966 5001 ἰσχὺνὸ
985 4930 1116 4993 Θεὸς
1152 4928 1289 4983 κατὰ
1317 4930 1414 4999 τὴν
1444 4929 1699 4997 πρόθεσιν
1726 4929 1818 4984 τοῦ
1843 4931 1940 4983 άν-

343 5028 609 5098 ορώπου.
655 5025 721 5076 Ἠ
752 5023 810 5076 δὲ
840 5023 1010 5093 ἀργία
1042 5021 1241 5075 κακίαν
1269 5022 1575 5076 ἐκδιδάσκει
1610 5022 1896 5092 ἀκανθώδη
1922 5036 1935 5052 ⁸

342 5122 419 5173 ὲν
467 5117 574 5186 γὰρ
623 5116 779 5185 χερσὶ
827 5114 921 5166 τοῦ
976 5113 1176 5183 ἀέργου
1223 5111 1453 5167 ἄκανθαι
1529 5112 1772 5181 φύονται.
1830 5113 1941 5166 Καὶ

352 5231 375 5262 ι
446 5209 589 5261 Ὀδοὶ
640 5209 855 5277 ἁέργων
905 5204 1245 5275 ὲστρωμέναι
1278 5203 1576 5267 ἀκάνθαις»
1617 5222 1635 5254 ι
1694 5202 1937 5257 Τοιοῦτοί

342 5302 508 5355 εἰσιν
561 5299 610 5350 οἱ
667 5297 831 5367 μηδὲν
881 5296 1272 5367 ἐργαζόμενοι,
1323 5294 1787 5357 κατα).αλοῦντες,
1847 5297 1939 5348 καὶ

2045 4130 2180 4169 cura
2206 4112 2575 4169 concretionis
2595 4110 2840 4165 materiae
2888 4111 3074 4166 saeculi
3127 4110 3308 4166 istius.
3333 4112 3612 4182 Ejusmodi

2044 4221 2174 4261 sane
2197 4220 2358 4275 quam
2403 4204 2548 4258 beati
2578 4202 2969 4273 praedicantur,
2999 4210 3058 4254 ut
3107 4201 3198 4270 qui
3246 4201 3530 4256 honestam
3560 4209 3615 4254 et

2045 4292 2537 4349 commendabilem
2566 4292 2786 4361 explent
2811 4290 3333 4360 concupiscentiam,
3370 4306 3439 4344 ne
3482 4305 3616 4344 con-

2045 4383 2378 4448 fundantur,
2436 4397 2561 4437 cum
2621 4381 2954 4449 loquentur,
3012 4399 3029 4430 ι
3095 4380 3334 4435 inimicis
3393 4379 3507 4434 suis
3557 4380 3613 4435 in

2046 4475 2298 4546 porta“.
2334 4492 2351 4524 ι
2409 4473 2513 4527 hoc
2564 4473 2753 4535 est,iu
2792 4471 3025 4525 articulo
3073 4484 3183 4525 sua:
3249 4469 3619 4526 defunctionis
3682 4456 3693 4463 ’

2045 4576 2210 4640 atque
2234 4567 2416 4623 exitus
2445 4582 2475 4621 e
2507 4565 2757 4635 corporis
2786 4564 3098 4618 domicilio:
3131 4578 3240 4632 quo
3271 4562 3615 4633 potissimum

2049 4667 2292 4727 tempore
2342 4656 2619 4727 hominem
2664 4652 2883 4722 maligni
2938 4651 3266 4706 adoriuntur
3306 4650 3614 4714 dmmoncs,

2047 4726 2229 4806 studio
2262 4758 2318 4804 et
2345 4726 2544 4803 conatu
2570 4743 2989 4815 praeoccupandi
3039 4744 3297 4798 animam.
3324 4743 3425 4810 Qui
3474 4744 3619 4814 sapit

2047 4851 2103 4898 et
2131 4842 2247 4896 haec
2273 4841 2435 4910 plane
2460 4838 2634 4897 novit,
2661 4837 2728 4891 ad
2756 4845 2987 4890 mortem
3016 4851 3191 4905 usque
3213 4852 3320 4890 non
3353 4829 3618 4904 cbnquie-

2045 4942 2180 4998 sect,
2209 4931 2383 4985 donec
2409 4944 2561 4983 suam
2588 4928 2759 4997 ipsius
2785 4927 3019 4980 animam
3052 4926 3215 4980 faciat
3241 4927 3464 4991 salvam.
3505 4925 3618 4978 Nec

2046 5023 2282 5078 animam
2316 5022 2476 5076 modo
2504 5018 2709 5074 faciunt
2735 5018 2938 5073 salvam
2971 5021 3065 5087 qui
3094 5017 3397 5071 secundum
3446 5014 3616 5067 Deum

2046 5122 2175 5170 sunt
2205 5112 2444 5173 labores,
2494 5110 2587 5166 sed
2642 5118 2699 5165 et
2748 5109 2965 5179 corpori
3019 5107 3308 5160 sanitatem
3350 5119 3414 5157 ac
3473 5103 3619 5157 vires

2046 5202 2364 5263 conciliant,
2397 5201 2484 5254 cui
2512 5199 2658 5253 Deus
2682 5198 2852 5252 robur
2878 5195 3193 5265 suppeditat
3229 5209 3329 5262 pro
3380 5192 3621 5246 hominis

2045 5293 2327 5364 proposito
2367 5310 2380 5345 :
2421 5293 2477 5345 at
2510 5291 2706 5353 otium,
2757 5287 3020 5340 malitiam
3080 5299 3296 5338 omnem
3360 5284 3620 5351 perdocet

345 5387 732 5459 φλυαροῦντες
783 5388 840 5441 ὲν
878 5386 1078 5456 ἀφοϐίᾳ
1117 5384 1273 5438 Θεοῦ.
1309 5385 1450 5454 Πρὸς
1494 5383 1701 5447 τούτοις
1732 5385 1809 5446 δὲ,
1844 5385 1936 5437 καὶ

2041 5383 2323 5454 spinarum
2354 5382 2524 5435 instar
2549 5378 2871 5433 aculeatam.
2895 5377 2955 5429 In
2990 5375 3247 5428 manibus
3284 5374 3430 5427 enim
3458 5374 3616 5428 otiosi

343 5481 659 5552 προπετεῖς
689 5482 824 5532 εἰσιν
870 5480 929 5532 ὲν
968 5477 1145 5545 λόγοις
1199 5476 1613 5546 ἁσυναρτήτοις,
1666 5475 1934 5548 προφάσει

432 5624 481 5656 ⁸³
518 5623 656 5677 Psal.
689 5639 810 5689 ιιι,
845 5623 896 5676 6.
975 5623 1018 5654 ⁸⁸
1054 5622 1180 5677 Luc.
1216 5637 1373 5687 xviii,
1408 5619 1455 5673 Ι.

334 5698 405 5754 2.
488 5696 532 5727 ⁸⁹
569 5694 723 5749 limit.
772 5687 880 5760 vin,
924 5694 1006 5749 l6.
1089 5693 1132 5724 ⁰⁹
1159 5693 1302 5747 Psal.
1344 5706 1521 5757 cum,
1564 5687 1615 5740 9..

1532 5618 1579 5649 ⁸⁵
1606 5617 1734 5670 ibist.
1770 5618 1823 5680 7,
1855 5618 1909 5672 8.
1978 5619 2032 5651 ³⁸
2066 5617 2205 5668 Paul.
2239 5632 2392 5676 xxiv,
2422 5614 2507 5668 18.
2581 5609 2628 5643 ⁸⁷
2657 5609 2797 5665 Psal.
2830 5621 3014 5673 vam,
3048 5609 3100 5662 4.

1698 5689 1742 5721 9'
1781 5691 1908 5742 ibid.
1946 5693 2000 5746 4,
2069 5690 2110 5718 9‘
2146 5690 2273 5740 ίυιιι.
2310 5685 2362 5742 5.

2042 5483 2238 5544 Sponte
2260 5487 2357 5526 sua
2381 5471 2619 5526 emicant
2641 5468 2829 5538 spinae.
2863 5467 2951 5530 Et,
2988 5486 3006 5517 ι
3040 5466 3148 5521 Viae
3176 5465 3479 5519 otiosorum
3511 5463 3618 5533 spi-

3184 5606 3229 5639 ⁸³
3252 5606 3398 5663 l‘sal.
3432 5623 3619 5675 ωιτη,
