3986 6148
336 337 450 403 17οι
536 296 543 302 ’

1192 328 1524 390 HOMILIA
1565 328 1909 392 LXXXVII.
1949 354 2017 366 ·-
2045 329 2141 391 DE
2181 325 2487 409 STUDIO,
2526 333 2684 396 ETC.

3440 338 3579 405 1702

333 469 495 524 γματι
552 449 690 519 καλή
754 446 919 500 ἐστιν.
974 441 1091 495 Καὶ
1116 442 1418 512 Δεσποτικὴ
1466 440 1656 513 πρώτη
1710 442 1895 513 ἐντολή

2007 441 2173 498 Deum
2203 452 2308 511 est,
2341 442 2498 500 nullo
2526 462 2634 501 non
2666 454 2910 518 tempore
2937 447 3085 504 nulla
3107 463 3215 504 non
3242 442 3298 505 in
3333 467 3392 506 re
3429 448 3574 512 bona

332 547 488 609 ἐστιν,
526 543 560 612 ἡ
605 542 670 593 ὲκ
698 537 939 599 δουλείας
970 535 1051 598 εἰς
1080 533 1393 604 ἐλευθερίαν
1423 533 1752 604 μετάγουσα.
1786 531 1895 585 Καὶ

327 634 429 706 γᾴρ
457 636 485 688 6
522 632 650 696 λαὸς
686 629 746 695 ἐξ
790 628 1068 697 Αἰγύπτου
1123 624 1261 696 μετά
1295 625 1531 694 σπουδῆς
1579 623 1895 695 προσετάγη

329 726 554 792 ἐξελθεῖν
602 722 696 776 καὶ
745 722 822 784 είς
873 717 972 788 τὴν
1015 718 1227 788 ἀγαθὴν
1279 716 1384 786 γῆν
1427 716 1781 784 καταντῆσαι,
1831 717 1896 767 ἐκ

323 818 419 886 τῆς
469 813 749 882 σκοτεινῆς
780 810 1023 872 δουλείας
1054 810 1134 870 είς
1161 809 1222 861 τὺ
1267 807 1570 877 ἐλευθέριον
1599 808 1715 875 φῶς
1737 823 1751 837 ο
1802 805 1895 860 κα)⁸

324 907 383 961 τὸ
402 906 591 973 Πάσχα
624 900 761 973 μετά
796 900 1034 967 σπουδῆς
1058 900 1449 968 ἐπιτέτραπται
1470 898 1650 960 αὐτοῖς
1679 899 1892 964 φαγεῖν.

322 995 432 1047 Καὶ
457 995 484 1045 6
521 992 733 1052 Παῦλος
762 988 1067 1042 ἐπιστέλλει
1110 985 1379 1057 Τιμοθέῳ,
1412 984 1619 1053 λέγων·
1663 1002 1681 1035 ι
1723 982 1897 1035 Σπού-

324 1085 483 1139 δασον
532 1080 757 1134 σεαυτδν
784 1079 1021 1148 δόκιμον
1072 1077 1419 1147 παραστῆσαι
1445 1075 1524 1146 τῷ
1561 1074 1700 1151 Θεῷ,
1734 1073 1896 1143 ἔργά-

323 1191 421 1242 την
448 1169 894 1239 ἀνεπαίσχυντον.
933 1185 951 1218 ι
980 1166 1091 1220 Kal.
1126 1167 1338 1233 ἐπάγειο
1370 1182 1389 1214 ι
1422 1166 1536 1225 Πᾶς
1562 1162 1672 1232 γὰρ
1698 1164 1725 1215 6
1755 1163 1899 1228 ἀγω-

319 1263 620 1332 νιζόμενος,
649 1261 825 1313 πάντα
857 1257 1271 1329 ἐγκρατεύεται.
1307 1274 1327 1307 ι
1363 1257 1473 1308 Kal
1503 1254 1679 1316 ἄλλος·
1708 1271 1727 1304 ι
1769 1252 1895 1305 Ἐὰν

322 1354 438 1426 ἴδῃς
474 1352 713 1416 συνετὸν,
746 1349 966 1419 δρθριζε
1018 1348 1152 1419 πρὸς
1199 1348 1380 1401 αὐτόν.
1425 1346 1534 1398 Καὶ
1571 1346 1654 1407 τίς
1698 1343 1893 1411 σοφός;

319 1445 474 1515 αὐτῷ
522 1440 995 1513 προσκολλήθητι·
1056 1441 1236 1492 πᾶσαν
1286 1438 1539 1508 διήγησιν
1582 1434 1728 1488 Θείαν
1775 1432 1895 1488 θέλε

320 1533 723 1606 ἀκροάσασθαι,
762 1534 860 1585 καὶ
905 1530 1198 1603 παροιμίαι
1231 1530 1500 1591 συνέσεως
1545 1528 1619 1598 μὴ
1662 1526 1897 1595 ἐκφυγέ-

316 1629 505 1681 τωσάν
537 1643 639 1681 σοι,
680 1645 697 1677 ι
730 1627 841 1678 Καὶ
875 1624 1041 1678 πάλιν
1062 1638 1079 1654 ·
1111 1642 1128 1676 ι
1170 1625 1261 1676 Ἐν
1286 1626 1404 1686 ταῖς
1426 1621 1664 1684 ἐντολαῖς
1690 1619 1895 1692 Κυρίου

323 1719 529 1791 μελέτα
577 1717 667 1770 διὰ
715 1716 935 1781 παντὸς,
982 1717 1217 1787 τήρησον
1249 1715 1346 1786 τὴν
1378 1714 1603 1785 καρδίαν
1648 1720 1764 1778 σου,
1804 1712 1898 1765 καὶ

323 1809 400 1880 μὴ
441 1808 659 1877 ἀστὸλει
699 1807 1015 1877 διηγήματα
1058 1806 1354 1874 γερόντων,
1404 1807 1487 1858 ὅτι
1528 1804 1659 1876 παρ’
1716 1804 1894 1857 αὐτῶν

322 1899 548 1969 μαθήσῃ
597 1899 847 1949 σύνεσιν·
884 1896 979 1949 καὶ
1030 1895 1169 1966 μετά
1212 1896 1450 1949 συνετῶν
1488 1895 1627 1948 ἔστω
1673 1896 1699 1947 6
1727 1894 1899 1947 διαλο-

318 1990 521 2059 γισμός
548 2005 643 2041 σου
671 2003 684 2017 ⁸
730 1988 819 2040 καὶ
851 1987 1003 2040 πᾶσα
1050 1986 1300 2057 διήγησις
1325 2004 1417 2040 σου
1465 1988 1521 2040 ὲν
1549 1988 1699 2056 νόμῳ
1744 1987 1900 2057 ’Υφί-

322 2097 480 2135 στου.
542 2080 770 2149 Ἀνδρες
823 2078 1020 2132 δίκαιοι
1077 2078 1290 2133 ἔσονται
1348 2079 1651 2133 σύνδειπνοί
1700 2098 1814 2135 σου.
1877 2099 1895 2132 ι

319 2169 511 2223 Ταῦτα
550 2170 646 2239 μὲν
680 2166 773 2223 οὖν
803 2171 968 2223 πᾶσιν
1011 2169 1288 2239 ἁρμόδιαι.
1329 2170 1648 2240 Ἐξαιρέτως
1696 2170 1749 2223 δὲ
1794 2174 1903 2234 τοῖς

311 2257 479 2315 οὖσιν
519 2261 675 2324 ἐκτὸς
706 2260 815 2314 τῶν
848 2260 1117 2331 βιωτικῶν
1152 2262 1487 2332 πραγμάτων
1508 2302 1523 2327 ,
1587 2264 1781 2325 οἵτινες
1812 2262 1904 2322 καὶ

308 2352 639 2418 ἐξελέξαντο
686 2349 1189 2422 παραρριπτεῖσθαι
1229 2353 1285 2405 ὲν
1315 2352 1391 2423 τῷ
1439 2351 1573 2422 οἴκῳ
1613 2352 1706 2405 τοῦ
1744 2352 1900 2418 Θεοῦ,

312 2446 532 2515 μᾶλλον
574 2444 630 2496 δὲ
659 2442 752 2505 οὒς
792 2445 819 2494 6
856 2442 1068 2515 deto;
1108 2443 1287 2514 ἐαυτῷ
1337 2444 1735 2514 προσηγάγετο.
1779 2444 1905 2497 Ἐὰν

1934 1771 1970 1828 Β

309 2532 406 2590 οὖν
449 2534 552 2587 διὰ
587 2534 687 2603 τῆς
720 2533 995 2605 ῥᾳθυμίας
1043 2534 1429 2604 ἀμελήσωμεν,
1459 2534 1779 2588 ἀναλύονται
1815 2536 1906 2588 καὶ

308 2624 382 2677 τὰ
414 2640 455 2676 π
476 2620 619 2692 ρώην
651 2620 1077 2692 συγχωρηθέντα
1117 2623 1271 2691 ἡμῖν.
1301 2623 1511 2696 Ὥσπερ
1554 2624 1661 2695 γὲρ
1690 2623 1748 2675 τὸ
1771 2641 1905 2694 χρυ-

314 2714 433 2769 σίον
495 2711 855 2782 πυρούμενον,
888 2712 984 2765 ὲάν
1034 2713 1305 2785 ἀμεληθῇ,
1337 2714 1601 2785 σκληρίαν
1658 2716 1901 2785 ἐμποιεῖ,

311 2806 506 2866 οὕτως
544 2804 639 2857 καὶ
680 2807 708 2858 6
740 2804 1049 2869 σπουδαῖος,
1103 2805 1198 2858 ὲάν
1249 2808 1495 2876 ἁμελήσῃ
1561 2806 1688 2876 μίαν
1734 2805 1906 2876 ὥραν,

312 2895 635 2969 ψυχροῦται
667 2896 730 2948 ὲκ
766 2895 867 2965 τῆς
912 2894 1153 2965 χάριτος,
1181 2897 1272 2948 καὶ¹
1316 2896 1519 2958 εὐθέως
1571 2897 1908 2949 ἐπισπῶνται

210 3034 221 3055 κ
312 2988 483 3059 αὐτῷ
531 2987 589 3039 αἱ
642 2989 794 3055 μυῖαι
824 2987 922 3057 τῆς
954 2988 1251 3058 ἁμαρτίας,
1299 2988 1394 3041 καὶ
1427 2989 1780 3057 ἀφανίζουσιν
1810 2987 1907 3058 τὴν

313 3079 559 3134 εὐωδίαν
602 3078 701 3146 τῆς
733 3080 1111 3148 πνευματικῆς
1138 3079 1304 3133 αὑτοῦ
1332 3081 1611 3150 ἐργασίας.
1649 3079 1708 3136 '0
1738 3081 1904 3137 θέλων
1931 3101 1974 3159 c

311 3167 413 3225 οὖν
448 3170 541 3221 τὴν
576 3169 767 3239 ἐχθρὸν
801 3169 1003 3237 ἀσθενῆ
1043 3170 1291 3240 ποιῆσαι,
1320 3171 1419 3241 τὴν
1448 3172 1721 3243 ἁμαρτίαν
1752 3190 1907 3244 περι-

314 3260 604 3322 κοπτὲτω,
629 3262 722 3313 καὶ
750 3261 1057 3331 γυμνωθεὶς
1086 3261 1204 3315 τῶν
1234 3262 1469 3334 πτερῶν,
1502 3262 1576 3325 ὡς
1626 3264 1906 3332 στρουθίον

313 3350 684 3424 ἐμπαίζει-αι.
714 3351 777 3403 Οί
806 3351 913 3421 γὰρ
939 3353 1165 3422 πονηροὶ
1198 3353 1446 3422 δαίμονες
1470 3352 1726 3406 εἰώθασιν
1757 3371 1827 3406 πα
1840 3354 1907 3423 ρὰ

315 3445 516 3497 πᾶσαν
544 3441 639 3510 τὴν
666 3439 809 3510 ζωὴν
838 3443 979 3495 κατά
1009 3442 1118 3495 τῶν
1149 3443 1453 3496 σπουδαίων
1489 3442 1760 3513 μοναχῶν,
1809 3442 1908 3496 καὶ

315 3533 566 3605 ἡσύχιον
594 3529 864 3600 ἑλομένων
898 3530 1033 3600 βίον,
1080 3532 1281 3601 ἀκονᾷν
1311 3530 1379 3583 τὰ
1420 3531 1545 3601 ξίφη
1586 3533 1694 3585 τῶν
1726 3548 1910 3600 πειρα·

315 3621 514 3692 σμῶν,
547 3619 640 3671 καὶ
694 3618 1067 3689 μανικώτερον
1116 3619 1314 3689 μᾶλλον
1350 3622 1463 3683 τοῖς
1498 3620 1909 3690 εὐλαϐεστέροις

309 3730 379 3767 τε
434 3709 540 3764 καὶ
598 3707 1038 3779 σπουδαιοτέροις
1087 3709 1497 3780 ἐπιστρατεύειν
1540 3698 1659 3765 κατ’
1708 3711 1905 3778 αὐτῶν,

310 3800 603 3862 ὠθοῦντες
650 3798 904 3862 τούτους,
964 3799 1224 3871 πολέμοις
1272 3800 1602 3871 ἀφορήτοις,
1650 3801 1737 3854 ῖνα
1793 3818 1910 3866 πως

306 3890 639 3964 δυνηθῶσιν
671 3891 977 3958 ἀποστῆσαι
1007 3891 1109 3961 τῆς
1135 3892 1325 3962 εὐχῆς.·
1352 3893 1472 3964 Χρὴ
1517 3890 1609 3946 οὖν
1638 3893 1698 3946 τὸ
1722 3894 1911 3948 ἄοκνον

308 3987 419 4040 καὶ
465 3982 672 4053 θερμὸν
700 3981 795 4034 τοῦ
828 3983 1120 4036 σπουδαίου
1143 3982 1406 4048 ἐπιδεῖξαι
1436 3986 1514 4048 είς
1539 3985 1600 4038 τὸ
1625 3984 1784 4053 ἔργον
1812 3985 1910 4055 τῆς

305 4075 525 4147 εὐχῆς,
575 4074 663 4126 ἵνα
711 4074 760 4126 οἱ
808 4072 907 4143 μὲν
940 4073 1159 4141 ἄγγελοι
1212 4075 1627 4145 εὐφραινόμενοι
1670 4076 1913 4146 παραμέ-

303 4183 522 4229 νωσιν,
568 4167 621 4218 ot
664 4164 721 4218 δὲ
754 4164 1009 4235 δαίμονες
1056 4164 1438 4235 μαστιζὸμενοι.
1486 4165 1908 4237 δραπετεύωσιν.

303 4258 424 4310 Διά
458 4253 626 4307 τοῦτο
654 4248 746 4307 οὖν
774 4253 980 4322 ὀφείλει
1008 4257 1037 4308 6
1070 4255 1373 4319 σπουδαῖος,
1414 4256 1643 4310 πάντοτε
1672 4258 1813 4322 ζέειν
1834 4259 1912 4332 τῷ

300 4346 631 4416 πνεύματι.
689 4346 901 4415 Ὥσπερ
945 4344 1108 4417 γὰρό
1156 4346 1496 4425 πυρούμενος
1537 4348 1750 4421 σίδηρος
1794 4351 1913 4416 ὅλος

1999 536 2416 606 comprobatur.
2490 538 2596 593 Sed
2653 547 2705 593 et
2759 540 3103 595 Dominieum
3139 541 3274 596 illud
3329 543 3570 612 primum

2003 624 2214 697 1167
2249 626 2566 681 mandatum
2596 636 2698 695 est,
2735 629 2881 697 quod
2926 630 3188 700 populum
3212 640 3240 685 a
3290 634 3578 688 servitutis

1992 718 2124 789 jugo
2158 720 2475 775 transcribit
2515 721 2570 774 in‘
2596 721 2905 776 libertatem
2959 737 3023 777 ac
3048 721 3310 776 vindicat.
3357 723 3575 778 Etenim

1997 810 2204 879 populo
2231 810 2309 864 illi
2345 811 2661 866 mandatum
2691 813 2812 877 fuit,
2842 828 2965 867 cum
3018 811 3370 867 festinatione
3417 821 3477 867 ut
3515 829 3577 869 se

1996 916 2064 955 ex
2091 900 2324 972 [Egypto
2356 903 2627 973 reciperet
2647 903 2709 968 '°,
2740 912 2907 972 utque
2936 902 2991 957 in
3036 912 3239 957 terram
3294 903 3491 957 bonam
3544 919 3574 959 e

1997 997 2349 1051 tenebricosa
2376 997 2661 1059 servitute,
2694 1010 2858 1049 cursu
2891 995 3106 1050 concito
3155 1002 3474 1065 properaret
3506 995 3573 1048 ad

1996 1083 2180 1138 lumen
2201 1083 2451 1152 genuinae
2471 1083 2769 1137 libertatis:
2796 1083 3253 1151 commissumque
3279 1083 3354 1136 illi
3370 1083 3574 1137 Pascha

1999 1180 2061 1226 ut
2091 1172 2407 1226 comederet
2436 1189 2560 1226 eum
2591 1173 2963 1226 festinatione.
2990 1172 3190 1227 Paulus
3212 1173 3442 1242 proinde
3475 1187 3578 1241 per

1997 1262 2289 1332 epistolam
2347 1278 2446 1316 suo
2502 1262 2636 1316 dicit
2688 1261 2979 1315 Timotheo
3023 1279 3085 1314 τι
3117 1261 3360 1315 Sollicite
3419 1275 3572 1322 cura,

2001 1336 2241 1423 teipsum
2320 1354 2660 1423 probabilem
2723 1353 2988 1407 exhibere
3040 1352 3188 1416 Deo,
3260 1352 3573 1420 operarium

2000 1440 2543 1496 inconfusibilem“.
2598 1459 2615 1493 ι
2668 1441 2735 1496 Ει
2792 1440 3030 1495 inducit:
3076 1460 3093 1492 ι
3144 1439 3334 1495 Omnis
3369 1439 3461 1509 qui
3520 1439 3575 1493 in

1998 1547 2173 1603 agone
2243 1533 2554 1593 contendit,
2612 1532 2688 1589 ab
2742 1532 2999 1586 omnibus
3060 1546 3117 1587 se
3184 1532 3498 1585 abstinet“.
3551 1537 3568 1582 ὸ

1998 1624 2187 1678 Alius:
2225 1640 2240 1674 ι
2273 1622 2328 1677 Si
2354 1623 2563 1679 videris
2590 1624 2769 1677 virum
2798 1632 3100 1682 sensatum,
3124 1637 3285 1675 mane
3322 1634 3483 1692 surge
3506 1616 3575 1674 ad

2002 1732 2129 1771 eum
2151 1716 2215 1769 ¹³.
2253 1735 2269 1765 ι
2302 1716 2510 1785 Ecquis
2541 1716 2800 1785 sapiens?
2832 1715 3190 1769 adhaerescito
3222 1714 3272 1768 ei
3301 1732 3315 1779 ;
3358 1722 3575 1767 Omnem

2005 1805 2412 1860 enarrationem"
2442 1804 2581 1859 velis
2609 1804 2939 1867 anscullare,
2980 1813 3030 1856 et
3067 1800 3358 1871 proverbia
3413 1800 3578 1853 intel~

2004 1898 2246 1975 ligentiac
2273 1914 2385 1952 non
2420 1907 2471 1951 te
2495 1894 2847 1966 cﬂ‘ugiant“.
2882 1915 2899 1955 ι
2932 1895 3162 1948 lterum:
3199 1912 3216 1942 ‹
3247 1892 3303 1946 in
3351 1891 3578 1945 manda-

2004 1988 2075 2041 tis
2106 1986 2326 2042 Domini
2368 1985 2634 2039 meditare
2658 1984 2883 2054 jugiter,
2913 1982 3173 2036 confirma
3203 1995 3300 2034 cor
3324 1986 3497 2043 tuum,
3522 1986 3580 2033 et

2002 2097 2073 2135 ne
2099 2080 2323 2134 deerres
2352 2067 2387 2131 ai
2413 2077 2729 2131 narratione
2781 2089 2973 2129 senum
3019 2075 3147 2142 quia
3177 2072 3244 2126 ab
3284 2072 3366 2127 eis
3398 2070 3580 2125 disces

2004 2169 2432 2240 intelligentiam
2457 2169 2529 2220 ¹⁸.
2565 2166 2701 2221 Cum
2736 2165 3100 2235 prudentibus
3124 2164 3196 2217 sit
3249 2161 3580 2216 sermocina-

2007 2263 2085 2317 tio
2114 2264 2228 2322 tua,
2261 2271 2317 2314 et
2345 2260 2525 2314 omnis
2565 2258 2843 2311 enarratio
2897 2265 2989 2309 tua
3030 2256 3086 2309 in
3131 2255 3248 2321 lege
3273 2252 3577 2315 Altissimi;

2004 2353 2108 2407 viri
2134 2352 2265 2422 justi
2308 2360 2473 2406 erunt
2525 2349 2770 2404 convivae
2804 2348 2969 2404 tui”.
3006 2367 3024 2398 ι
3064 2346 3132 2400 Ει
3181 2345 3295 2399 ιιωο
3356 2343 3577 2413 quidem

2007 2444 2269 2500 omnibus
2325 2442 2575 2511 apposite
2638 2448 2984 2510 congruunt,
3039 2436 3134 2494 sed
3200 2448 3297 2494 eos
3365 2436 3577 2510 alioqui»

2005 2534 2367 2605 peculiariter
2392 2532 2713 2601 respiciunt,
2746 2531 2838 2599 qui
2871 2546 2927 2584 se
2957 2532 3024 2584 ab
3057 2531 3206 2584 omni
3240 2531 3585 2600 temporaria:

2010 2623 2091 2677 rei
2125 2623 2471 2677 extricarunt
2501 2620 2897 2684 sollicitudine,
2930 2622 3022 2690 qui
3053 2622 3336 2691 elegerunt
3381 2621 3583 2691 abjecti

2009 2731 2132 2770 esse
2165 2716 2220 2769 in
2251 2716 2415 2769 domo
2456 2714 2586 2769 Dei:
2625 2715 2736 2767 imo
2767 2729 2907 2784 quos
2951 2715 3006 2768 in
3039 2730 3202 2768 suum
3247 2706 3584 2768 famulitium

2012 2807 2211 2861 ascivit
2238 2807 2529 2870 Dominus,
2581 2822 2644 2860 ac.
2690 2822 2919 2875 propius
2951 2808 3200 2877 adiunxit
3242 2806 3368 2861 sibi.
3416 2806 3584 2861 Plane

2011 2898 2216 2969 prioris
2241 2899 2367 2952 vita:
2389 2908 2612 2967 peccata
2645 2913 2765 2966 qua:
2796 2897 3135 2967 benignitate
3158 2897 3375 2951 Domini
3404 2896 3586 2951 indul-

2011 2995 2063 3040 ta
2098 2994 2248 3052 sunt,
2278 2987 2539 3041 redibunt
2563 2984 2629 3039 de
2655 2986 2893 3057 integro,
2921 2986 3194 3056 siquidem
3223 2987 3420 3055 supino
3446 3001 3584 3055 quo-

2011 3077 2135 3133 dam
2160 3077 2326 3131 animi
2385 3075 2768 3131 desidebimus
2806 3086 3056 3131 veterno.
3086 3076 3157 3132 Ut
3186 3077 3335 3131 enim
3386 3091 3582 3130 aurum

2006 3169 2349 3238 exploratum
2377 3167 2486 3238 igni
2512 3176 2567 3221 et
2592 3177 3010 3237 perpurgatum,
3040 3167 3085 3221 si
3117 3167 3303 3222 minus
3329 3180 3583 3224 accurate

2008 3258 2719 3328 traetetur,strigositatcm
2762 3259 3040 3314 contrahit
3088 3268 3144 3313 et
3195 3261 3580 3329 asperitatem:

2008 3350 2084 3405 ita
2135 3358 2191 3404 et
2222 3350 2507 3404 studiosus
2569 3349 2816 3414 virtutis,
2849 3350 2892 3402 si
2954 3350 3040 3403 vel
3107 3366 3273 3403 unam
3329 3351 3581 3408 ltorulant

2009 3440 2289 3496 desederit
2311 3440 2551 3505 otiosus,
2577 3454 2704 3493 mox
2731 3454 2760 3491 a
2802 3438 3018 3493 fervore
3053 3441 3240 3509 gratiae
3274 3442 3584 3509 refrixit,et

2008 3528 2064 3583 in
2108 3529 2341 3601 vestigio
2372 3544 2431 3583 se
2473 3529 2551 3581 illi
2619 3527 2871 3583 inserunt
2918 3544 3120 3583 musca:
3175 3531 3408 3600 peccati,
3461 3548 3584 3603 qua:

2009 3619 2336 3675 exinaniunt
2416 3618 2727 3689 spiritualis
2817 3619 3023 3688 opiﬁcii
3118 3624 3578 3680 suaveolentiam.

2009 3707 2273 3778 QuisQuis
2295 3708 2466 3778 igitur
2484 3709 2637 3762 voles
2661 3708 2991 3764 imbecillem
3016 3709 3246 3767 reddere
3273 3712 3583 3780 inimicum,

2011 3799 2399 3853 circumcidito
2457 3810 2768 3868 peccatum,
2804 3809 2923 3854 esto
2956 3800 3059 3855 alis
3090 3803 3293 3869 nudus,
3338 3804 3585 3859 imitatus

2009 3886 2387 3957 passerculum
2436 3887 2527 3941 cui
2580 3903 2609 3942 a
2675 3888 2924 3958 puerulis
2969 3889 3241 3946 illuditur.
3302 3894 3587 3949 Dmmones

2010 3980 2160 4033 enim
2216 3980 2369 4034 nullo
2423 3996 2531 4035 non
2562 3996 2764 4051 genere
2823 3986 3173 4039 veteratorim
3228 3986 3586 4057 malignitatis

2011 4071 2283 4126 ebarmati
2314 4080 2724 4127 consueverunt
2756 4088 2855 4143 per
2888 4089 3105 4129 omnem
3145 4078 3372 4133 omnino
3413 4080 3583 4136 vitam

2012 4163 2279 4219 adversus
2302 4164 2605 4220 monachos
2637 4166 2740 4235 piae
2788 4165 3023 4222 actionis
3046 4168 3345 4233 studiosos,
3392 4179 3448 4225 et
3487 4187 3585 4226 eos

2013 4257 2109 4326 qui
2152 4257 2457 4326 requietam
2488 4260 2956 4330 tranquillamque
2993 4260 3323 4342 delegerpnt
3361 4263 3582 4320 vivendi

2013 4345 2329 4406 formulam.
2345 4364 2572 4407 suarum
2594 4365 2865 4405 exacuere
2881 4351 3092 4422 gladios
3111 4350 3498 4408 tentationum.
3517 4356 3586 4410 Et

299 4441 379 4493 ἐκ
413 4438 532 4505 τῆς
583 4436 718 4499 ιδίας
750 4436 964 4503 φύσεως
1012 4439 1093 4501 είς
1128 4432 1226 4510 τὴν
1255 4439 1348 4492 τοῦ
1392 4441 1559 4511 πυρὸς
1592 4442 1905 4512 μεταϐὰίλλε⁴

2017 4429 2127 4509 quo
2149 4439 2385 4510 quisque
2410 4441 2595 4496 studet
2615 4457 2734 4497 esse
2767 4443 2973 4512 arrepti
2995 4444 3264 4513 prOpositi
3284 4445 3584 4516 observan-

293 4544 435 4592 ται,
470 4526 571 4577 καὶ
599 4525 811 4592 γίνεται
840 4526 960 4591 ὅλος
995 4527 1071 4590 ὡς
1101 4527 1210 4599 πῦρ
1234 4546 1247 4559 ’
1292 4528 1462 4593 οὕτως
1500 4532 1592 4585 καὶ
1620 4533 1647 4585 6
1675 4534 1754 4606 τῷ
1794 4535 1914 4608 Θ;ῷ

296 4613 741 4688 προσεδρεύων,
771 4612 978 4684 ὀφείλει
1003 4618 1305 4691 ἀπορρῖψαι
1335 4620 1402 4675 τὰ
1429 4621 1523 4675 τοῦ
1555 4621 1669 4692 βίου
1714 4624 1916 4695 μελαμ-

289 4708 599 4777 ψὼματα,
631 4706 725 4758 καὶ
776 4706 1041 4776 ἐνωθῆναι
1087 4710 1167 4781 τῷ
1212 4709 1340 4781 θείῳ
1388 4712 1520 4783 πυρὶ
1563 4714 1591 4766 6
1635 4713 1663 4766 6
1715 4713 1916 4784 Κύριος

290 4797 503 4870 ἦλθεν
547 4795 727 4867 βαλεῖν
757 4792 848 4850 ὲπΐ
891 4799 990 4869 τὴν
1030 4801 1166 4870 γῆν·
1204 4801 1296 4855 καὶ
1328 4803 1578 4871 γενέσθαι
1622 4804 1740 4868 ὅλος
1781 4805 1914 4876 πῦρ,

292 4893 407 4945 ἵνα
442 4888 549 4941 καὶ
577 4890 687 4952 τοῖς
719 4887 1056 4952 ὑπεναντίοις
1085 4890 1354 4955 ἀνάλωτος
1381 4891 1623 4961 γένηται.
1656 4895 1823 4964 Φησὶν
1857 4895 1913 4946 δὲ

289 4982 414 5038 καὶ
468 4982 501 5033 6
566 4978 929 5042 Ἀπόστολοςο
965 5001 981 5027 ι
1040 4981 1118 5052 Τῇ
1167 4982 1365 5055 σπουδῇ
1420 4984 1493 5056 μὴ
1544 4986 1784 5057 ὀκνηροί,
1836 4989 1915 5060 τῷ

286 5068 612 5138 πνεύματι
650 5067 883 5131 ζέοντες,
911 5068 991 5140 τῷ
1019 5068 1208 5141 Κυρίῳ
1227 5069 1586 5136 δουλεύοντες.
1627 5093 1646 5125 ι
1680 5074 1916 5147 Χρὴόὗν

283 5166 409 5219 τὸν
445 5160 648 5214 ἑαυτὸν
675 5161 994 5215 ἀνατιθέντα
1020 5162 1098 5234 τῷ
1138 5162 1258 5235 Θεῷ
1305 5166 1442 5235 μετά
1490 5167 1733 5239 καθαροῦ
1780 5170 1918 5238 λογι-

287 5250 472 5324 σμοῦ
510 5250 605 5302 καὶ
637 5248 888 5320 πράξεων
923 5250 1167 5319 ἀγαθῶν,
1224 5256 1320 5306 σὺν
1363 5252 1440 5323 τῷ
1479 5255 1640 5308 Δαυῒδ
1668 5258 1912 5327 ψάλλειν,

283 5346 416 5399 καὶ
457 5340 646 5409 λέγειν
668 5354 682 5370 ⁶
717 5359 736 5387 ι
772 5342 917 5395 Μίαν
943 5344 1233 5415 ᾐτησάμην
1260 5344 1412 5418 παρά
1452 5347 1680 5419 Κυρίου,
1710 5349 1915 5422 ταύτην

284 5434 583 5507 ζητήσω,
626 5432 719 5485 τοῦ
756 5434 1032 5485 κατοικεῖν
1079 5451 1146 5504 με
1179 5437 1236 5489 ἐν
1286 5437 1423 5508 οἴκῳ
1477 5438 1682 5509 Κυρίου
1737 5442 1917 5505 πάσας

277 5529 414 5588 τὰς
482 5519 690 5593 ἡμέρας
731 5523 829 5593 τῆς
882 5522 1026 5594 ζωῆς
1078 5543 1217 5595 μου·
1277 5527 1372 5582 τοῦ
1430 5527 1653 5601 θεωρεῖν
1703 5550 1771 5602 με
1818 5537 1916 5606 τὴν

380 5653 443 5690 ⁸ο
490 5655 659 5734 Evoti:
683 5660 1049 5734 ’κακοηθείαις
1153 5661 1194 5693 ¹¹
1227 5662 1270 5718 ll
1298 5662 1539 5721 Timotb.
1574 5683 1631 5734 ιι,
1659 5666 1742 5724 l5.

276 5744 440 5794 Vm,
486 5728 536 5778 9.
618 5727 848 5782 “Eecli.
884 5744 957 5794 ιχ,
984 5729 1072 5783 21.

1825 5672 1865 5703 ¹²
1916 5672 1935 5726 l
1969 5673 2096 5730 Cor.
2122 5691 2194 5741 Ix,
2229 5676 2318 5730 93.

2012 4533 2144 4597 tior,
2171 4548 2237 4587 eo
2265 4533 2436 4603 magis
2458 4533 2724 4589 adversus
2747 4535 3125 4605 talem'copias
3150 4552 3261 4591 sum
3282 4539 3585 4608 malignita-

2012 4624 2083 4678 tis
2105 4632 2334 4693 apparat
2364 4624 2594 4679 insanus
2620 4625 2853 4688 daemon,
2883 4635 2940 4681 et
2967 4636 3257 4697 promovet
3288 4630 3581 4700 perplexos

2011 4715 2215 4785 vixque
2272 4716 2588 4771 tolerabiles
2642 4717 2971 4783 conﬂictus,
3025 4728 3088 4774 ut
3149 4736 3372 4790 quoquo
3424 4732 3585 4792 pacto

2014 4804 2280 4861 divellere
2303 4807 2449 4861 hunc
2473 4808 2540 4862 ab
2565 4810 2819 4864 oratione
2857 4812 3050 4881 possit.
3089 4810 3239 4881 Opus
3265 4812 3432 4883 igitur
3462 4813 3586 4869 fuc-

2014 4895 2108 4960 rit,
2137 4907 2196 4949 ut
2223 4899 2448 4954 virtutis
2475 4901 2762 4957 Studiosus
2790 4903 2856 4957 ad
2886 4919 3026 4973 opus
3058 4904 3239 4959 iturus
3297 4905 3584 4967 orationis.

2015 5005 2169 5043 suam
2195 4989 2536 5046 alacritatem
2563 5001 2805 5061 ostentet
2825 5003 3206 5064 expromptam
3237 4994 3589 5063 etprazfervi-

2015 5085 2165 5149 dam,
2201 5095 2261 5139 ut
2283 5088 2461 5157 angeli
2489 5101 2776 5158 perspecta
2805 5089 2906 5143 hac
2937 5087 3377 5159 promptitudine
3428 5088 3587 5141 exhi-

2015 5177 2313 5243 larescant,
2369 5195 2431 5233 ac
2493 5180 2727 5249 proinde
2781 5195 2906 5234 eum
2969 5179 3062 5233 tali
3114 5190 3506 5247 perseverent;
3557 5195 3588 5233 e

2022 5267 2264 5331 diverso,
2322 5268 2601 5325 daemones
2652 5277 2803 5324 tanto
2855 5269 3075 5322 fervore
3127 5266 3380 5336 ﬂagellati
3423 5282 3482 5322 se
3534 5268 3589 5321 in

2022 5354 2206 5427 fugam
2247 5359 2558 5427 proripiant
2589 5358 2797 5426 refuge.
2844 5356 3017 5411 Debet
3055 5355 3221 5426 igitur
3250 5356 3337 5409 vel
3370 5356 3442 5411 ob
3482 5356 3592 5410 hoc

2022 5449 2203 5503 cultor
2239 5450 2460 5503 virtutis
2489 5450 2703 5505 fervere
2728 5464 2945 5518 semper
2969 5448 3185 5518 spiritu.
3219 5448 3590 5516 Quemadmo-

2024 5540 2156 5595 dum
2184 5541 2332 5597 enim‘
2361 5541 2568 5595 ferrum
2600 5541 2708 5612 igni
2763 5539 3006 5596 candens
3055 5548 3230 5596 totum
3286 5557 3318 5597 a
3365 5543 3588 5613 propria

2397 5678 2438 5709 ⁸³
2477 5676 2645 5733 Eccli.
2675 5695 2746 5744 ιἰ,
2773 5678 2861 5734 36.
2941 5679 2981 5711 “
3007 5678 3143 5735 ibid.
3175 5678 3264 5736 55.
3341 5679 3385 5713 "
3417 5680 3599 5738 Eocli.‘
