3918 6106
446 313 466 375 1
479 313 584 377 ’Ϊῧῧ

1705 307 2066 369 ANTIOCHI
2101 303 2446 368 MONACHI

2812 247 2838 269 τ

3562 304 3678 368 1704

441 435 638 482 natura
666 423 719 477 in
750 438 869 477 eam
906 439 1027 493 quae
1076 423 1259 478 nativa
1294 432 1379 478 est
1414 423 1524 495 igni
1576 424 1793 489 transit,
1840 424 2008 494 fitque

2128 422 2452 492 ιερπνότητα
2508 418 2740 491 Κυρίου.
2798 436 2817 470 ι
2855 418 2963 472 Καὶ
3014 417 3112 473 τό·
3188 437 3207 470 ι
3244 382 3394 487 ’ἐγὼ
3456 417 3515 471 δὲ
3565 418 3679 472 ὡσεὶ

440 511 841 584 propemodum
868 513 1009 582 ignis
1034 531 1045 565 :
1076 512 1147 565 ita
1175 522 1229 565 et
1253 514 1346 581 qui
1380 514 1493 566 Deo
1518 514 1747 582 propius
1771 512 2023 583 adiungi-

441 614 553 670 tur,
583 613 817 676 parest,
842 619 872 657 a
898 618 956 657 se
987 613 1047 656 ιιι
1072 603 1197 656 vita:
1230 602 1393 658 istius
1438 605 1542 658 situ
1600 604 1912 674 ferrugineo
1965 613 2022 659 et

441 695 798 751 tenebricoso
856 693 1128 747 obductas
1177 708 1341 747 curas
1389 694 1652 757 excutiat,
1683 689 1755 747 et
1800 694 2021 747 uniatur

443 786 580 857 igni,
613 801 776 854 quem
822 785 1096 839 Dominus
1125 786 1275 839 venit
1302 786 1523 840 mittere
1561 784 1617 839 in
1654 794 1876 847 terram,
1900 784 2022 837 fiat-

441 893 551 947 que
607 884 756 931 totus
805 877 967 946 ignis,
1026 893 1095 931 ne
1148 893 1177 930 a
1242 892 1518 945 quoquam
1569 875 2014 945 adversariorum

441 967 698 1037 intercipi
729 965 979 1036 possitet
1009 968 1334 1036 expugnari.
1379 968 1593 1036 1168
1635 966 1726 1019 Ait
1779 965 1909 1018 item
1960 970 2017 1018 et

440 1060 773 1129 Apostolus:
833 1079 851 1109 ‹
894 1058 1280 1113 Sollicitudine
1312 1075 1421 1112 non
1477 1058 1639 1126 pigri,
1670 1056 1865 1126 spiritu
1903 1056 2016 1110 fer-

441 1160 653 1213 ventes,
680 1150 912 1202 Domino
939 1150 1248 1203 servientes
1270 1150 1336 1202 ¹⁷.
1377 1167 1395 1200 ι
1429 1147 1532 1213 Qui
1572 1149 1740 1219 igitur
1770 1149 2014 1217 scipsum

442 1241 784 1296 consecravit
812 1242 944 1302 Deo.
999 1256 1227 1295 necesse
1255 1251 1341 1294 est
1390 1250 1445 1294 ut
1502 1256 1628 1294 cum
1681 1240 2015 1310 cogitatione

440 1344 670 1400 pror5us
700 1331 946 1395 sincera,
978 1340 1034 1384 et
1058 1331 1400 1384 ornamentis
1432 1329 1703 1383 bonarum
1732 1330 2013 1401 actionum

443 1423 802 1491 conspicuus,
860 1437 969 1475 una
1035 1438 1159 1476 cum
1211 1421 1415 1476 Davidc
1466 1422 1664 1491 psallat
1724 1437 1789 1476 ae
1835 1421 2013 1493 dicat;

450 1533 468 1565 ι
499 1514 671 1569 Unam
702 1512 867 1582 petivi
889 1529 917 1566 a
944 1513 1358 1575 Domino,hanc
1376 1513 1676 1581 requiram,
1712 1519 1771 1565 ut
1798 1510 2019 1565 inhabi-

443 1612 552 1657 tem
587 1602 643 1655 in
678 1601 843 1655 domo
868 1602 1083 1656 Domini
1110 1602 1370 1655 omnibus
1395 1602 1592 1655 diebus
1617 1602 1743 1655 vita:
1782 1616 1935 1666 meae,
1963 1609 2022 1655 ut

2119 511 2274 565 ἐλαία
2303 513 2659 580 κατάκαρπος
2686 510 2744 564 ὲν
2778 509 2856 580 τῷ
2887 508 3023 579 οῖκῳ
3068 507 3162 562 τοῦ
3195 508 3353 562 Θεοῦ.
3396 527 3416 560 ι
3461 510 3565 562 Καὶ
3592 511 3678 561 τό·

2124 623 2142 654 ι
2183 601 2379 671 Κύριε,
2412 601 2676 672 ἠγάπησα
2723 601 3055 673 εὐπρέπειαν
3086 601 3233 652 οῖκου
3266 616 3389 662 σου,
3416 599 3511 652 καὶ
3537 595 3681 653 τόπον

2120 696 2478 765 σκηνώματος
2533 695 2692 763 δόξης
2739 712 2855 748 σου.
2899 713 2918 746 ι
2965 675 3111 745 Καί·
3147 691 3302 744 «Ὅτι
3333 691 3592 759 ἀγαπητά
3624 692 3681 743 τὰ

2121 788 2463 857 σκηνώματά
2505 805 2622 854 σου,
2673 788 2870 856 Κύριε,
2919 785 3089 854 Κύριε
3128 783 3235 837 τῶν
3277 785 3582 853 δυνάμεων.
3622 813 3681 824 -

2127 877 2449 930 «Ἐπιποθεῑ
2497 876 2605 946 γὰρ
2652 876 2747 929 καὶ
2799 874 3040 927 ἐκλείπει
3082 874 3114 943 ἡ
3165 871 3311 942 ψυχή
3356 889 3462 939 μου
3495 873 3571 932 εἰς
3598 871 3681 933 τὰς

2125 972 2295 1034 αὐλάς
2342 970 2436 1023 τοῦ
2488 971 2713 1038 Κυρίου.
2764 969 3047 1037 Μακάριος
3074 966 3181 1034 γὰρ
3228 966 3287 1017 ὃν
3334 963 3564 1027 ἐξελέξω
3602 964 3682 1015 καὶ

2122 1059 2458 1125 προσελάϐου
2510 1057 2956 1125 κατασκηνώσειν
3012 1058 3069 1107 ὲν
3121 1056 3239 1117 ταῖς
3291 1052 3489 1115 αὐλαῖς
3524 1070 3628 1104 σου.
3662 1070 3679 1103 ι

2122 1151 2233 1203 Καὶ
2263 1153 2295 1220 ἡ
2339 1150 2584 1219 μακαρία
2617 1149 2806 1224 Μαρία
2838 1149 2866 1218 ἡ
2908 1146 3003 1199 τοῦ
3036 1145 3287 1215 Λαζάρου
3331 1144 3537 1213 ἀδελφὴ
3568 1143 3683 1211 rtpb;

2122 1242 2248 1303 τοὺς
2296 1241 2456 1302 πόδας
2487 1239 2722 1306 ἐκάθητο
2748 1238 2841 1291 τοῦ
2884 1238 3174 1303 Δεσπότου,
3208 1233 3683 1304 προσκαρτεροῦσα

2107 1332 2265 1402 μετὰ
2313 1332 2478 1384 πόθου
2540 1330 2759 1393 πολλοῦ,
2823 1330 2917 1382 καὶ
2962 1328 3134 1396 ἡδέως
3182 1327 3465 1379 ἀκούουσα
3516 1324 3683 1377 αὑτοῦ.

2125 1425 2294 1486 Αὐτδς
2322 1423 2375 1475 δὲ
2414 1425 2441 1476 ὁ
2467 1423 2672 1491 Κύριος
2713 1421 2954 1474 διδάσκει
2989 1421 3157 1490 ἡμᾶς,
3204 1419 3385 1485 λέγων
3413 1437 3425 1447 ·
3463 1436 3481 1468 t
3532 1417 3685 1483 Ἀγω-

2127 1514 2338 1578 νίζεσθε
2369 1514 2630 1565 εἰσελθεῖν
2659 1512 2745 1566 διὰ
2774 1494 3092 1581 τῆςστενῆς
3132 1511 3330 1578 πύλης,
3376 1511 3461 1562 ὅτι
3500 1507 3687 1571 πολλοὶ,

2126 1603 2272 1671 λέγω
2310 1603 2460 1672 ὑμῖν,
2496 1601 2821 1672 ζητήσουσιν
2852 1600 3138 1663 εἰσελθεῖν,
3192 1601 3283 1652 καὶ
3313 1599 3420 1651 οὐκ
3459 1596 3690 1667 ἰσχύσου-

443 1694 655 1747 videam
696 1692 829 1761 quid
869 1692 1177 1761 jucundum
1209 1693 1280 1746 sit
1324 1692 1644 1746 Domino".
1681 1711 1699 1742 ι
1747 1692 1815 1745 Et
1855 1691 2021 1745 illud:

2132 1709 2236 1746 σιν.
2274 1711 2293 1744 ι
2332 1691 2490 1762 Αὐτῴ
2517 1694 2550 1761 ἡ
2579 1692 2703 1757 δόξα
2741 1692 2821 1754 είς
2850 1692 2977 1750 τοὺς
3004 1689 3226 1752 αἰῶνας.
3274 1687 3476 1758 Ἀμήν.

449 1777 606 1846 «Ego
637 1787 815 1853 autem
844 1776 988 1829 sicut
1038 1776 1178 1856 oliva
1231 1775 1516 1830 fructifera
1564 1776 1620 1830 in
1679 1776 1843 1830 domo
1875 1780 1964 1831 Dei
1993 1778 2056 1831 ι’.
2092 1796 2111 1828 ι
2167 1780 2320 1832 item
2378 1781 2509 1833 illud

2578 1799 2596 1835 :
2644 1799 2663 1831 ι
2696 1779 2942 1841 Domine,
2982 1777 3144 1831 dilexi
3197 1778 3457 1833 decorem
3510 1775 3688 1829 donius

443 1875 554 1920 tuae
584 1864 652 1920 ¹⁰.
677 1881 696 1914 ι
728 1850 873 1929 Quia
906 1863 1103 1917 dilecta
1129 1850 1485 1920 tabernacula
1519 1874 1633 1929 tua,
1673 1864 1943 1930 Domine;
1992 1867 2334 1933 concupiscit
2365 1869 2510 1923 cutim
2554 1877 2608 1924 et
2646 1867 2832 1922 delicit
2877 1863 3057 1918 anima
3094 1879 3211 1918 mea
3267 1865 3323 1920 in
3382 1865 3526 1918 atria
3586 1872 3687 1926 tua,

441 1957 757 2019 Domine“,
794 1966 856 2009 ut
895 1954 1171 2008 inhabitet
1216 1954 1268 2019 in
1327 1955 1488 2006 atriis
1545 1954 1655 2006 tuis
1677 1954 1742 2005 η.
1785 1970 1802 2001 ι
1857 1951 2021 2005 Brata
2057 1967 2278 2020 quoque
2311 1952 2478 2005 Maria
2503 1950 2692 2004 Lazari
2727 1966 2906 2013 soror,
2970 1950 3036 2003 ad
3074 1948 3244 2019 pedes
3313 1947 3544 2001 sedebat
3600 1946 3691 1999 Do-

443 2048 580 2102 mini
608 2047 783 2101 multo
806 2060 929 2099 eum
963 2044 1243 2098 desiderio
1269 2058 1652 2113 perseverans,
1708 2050 1763 2095 et
1816 2056 2087 2111 perquam
2128 2043 2376 2096 suaviter
2427 2044 2601 2113 ipsius
2664 2042 2967 2097 exaudiens
3003 2038 3276 2096 vocem”.
3316 2038 3426 2093 Sed
3479 2047 3538 2092 et
3586 2039 3689 2108 ipse

443 2140 710 2197 Dominus
737 2138 900 2193 docet
932 2151 1054 2200 nos,
1089 2135 1316 2189 dicens:
1365 2151 1384 2183 ι
1424 2132 1759 2188 Contendite
1808 2133 2017 2186 intrare
2056 2147 2155 2202 per
2183 2143 2469 2203 angustam
2498 2142 2738 2203 portam,
2767 2133 2897 2201 quia
2957 2132 3113 2186 multi
3141 2130 3288 2202 (dico
3344 2129 3525 2199 vobis)
3550 2145 3691 2199 quat-

444 2237 569 2282 rent
599 2228 831 2293 intrare,
873 2237 931 2282 et
973 2242 1083 2279 non
1136 2210 1486 2294 poterunt“.
1520 2242 1537 2275 ι
1576 2223 1687 2294 Ipsi
1731 2221 1906 2293 gloria
1965 2218 2021 2275 in
2060 2223 2259 2278 saecula
2288 2224 2635 2279 saeculorum.
2668 2223 2863 2279 Amen.

896 2360 1181 2416 IIOMILIA
1220 2359 1529 2414 LXXXVIII

1022 2472 1100 2525 De
1139 2472 1452 2525 ministerio.

515 2587 620 2655 Qui
653 2586 916 2641 minister
950 2590 1058 2648 est,
1088 2585 1263 2638 multa
1287 2598 1413 2637 cum
1443 2581 1743 2637 sedulitate
1787 2578 2025 2638 admini-

443 2684 618 2734 strare
657 2677 851 2740 debet,
872 2691 995 2730 cum
1027 2674 1323 2744 perspicue
1349 2674 1573 2728 noverit
1602 2668 1741 2742 o'pus
1762 2689 1881 2728 esse
1902 2673 2019 2729 Dei.

2614 2334 2621 2335 ί
2688 2331 2924 2415 ’ΛΟΓΟΣ
2973 2362 3104 2415 ιιιιι.

2655 2472 2792 2543 Περὶ
2838 2473 3168 2544 διακονίαις.

2206 2587 2266 2643 '0
2297 2584 2643 2658 διακονιστὴς
2693 2589 2962 2659 χρεωστεῖ
3005 2586 3280 2657 ἐπιμελῶς
3314 2586 3601 2647 διακονεῖν,
3624 2584 3690 2640 εί.

2121 2672 2227 2740 δὼς
2255 2678 2336 2730 ὅτι
2366 2676 2499 2729 Θεοῦ
2546 2676 2706 2746 ἔργον
2753 2677 2897 2728 ἐστίν
2923 2692 2936 2707 ⁸
2976 2677 3069 2729 καὶ
3106 2677 3179 2746 μὴ
3209 2675 3434 2745 ἀμελεῖν
3474 2676 3529 2728 ἕν
3572 2694 3687 2737 τινι,

441 2768 602 2822 Nulla
634 2768 690 2821 in
735 2783 795 2822 re
820 2767 891 2820 sit
936 2766 982 2820 is
1016 2764 1332 2818 cunctatior
1385 2771 1481 2818 aut
1531 2763 1718 2817 minus
1764 2762 2018 2833 diligens,

2128 2764 2158 2840 ἢ
2191 2768 2278 2820 διά
2307 2767 2503 2837 λύπην,
2549 2767 2581 2837 ἢ
2627 2766 3000 2838 παροξυσμὸν,
3034 2767 3065 2837 ἢ
3110 2767 3197 2820 διὰ
3245 2767 3363 2834 ἔριν
3390 2767 3513 2821 τινὰ
3546 2767 3690 2819 ἀδελ-

446 2859 563 2913 sive
599 2858 672 2913 ob
692 2857 964 2927 ingestam
996 2856 1235 2909 tristitia:
1268 2855 1493 2917 nubem,
1531 2863 1626 2907 aut
1647 2853 1794 2923 quod
1827 2869 1856 2907 a
1883 2869 2023 2923 quo-

444 2947 596 3016 piam
651 2947 907 2999 irritatus
933 2955 1036 3009 est,
1082 2960 1185 2999 nec
1215 2944 1573 3007 transmittat,
1632 2953 1728 2998 aut
1779 2945 2022 3015 segniter

444 3038 664 3107 expleat
724 3036 1118 3100 ministerium,
1173 3035 1245 3089 ob
1292 3035 1444 3089 litem
1485 3034 1625 3089 forte
1678 3051 1706 3089 ιι
1746 3034 2024 3090 nonnullis

446 3127 766 3182 excitatam.
795 3124 1149 3193 Quaecunque
1180 3124 1328 3177 enim
1367 3125 1685 3181 monasticae
1718 3132 1845 3178 sunt
1871 3141 2025 3178 man-

447 3217 646 3281 sionis,
701 3217 813 3271 Deo
844 3208 1263 3281 consecrantur,
1319 3224 1579 3284 tanquam
1617 3232 1680 3270 ea
1710 3232 1833 3285 quae
1883 3216 2023 3271 olfe-

448 3318 650 3364 runtur
673 3306 776 3360 illi.
809 3306 985 3372 Quam
1040 3320 1244 3375 magno
1282 3305 1338 3359 in
1392 3304 1645 3373 periculo
1676 3313 1930 3359 versetur
1976 3306 2023 3360 is

447 3401 539 3472 qui
561 3399 855 3470 neglectim
882 3397 1186 3460 ministrat,
1222 3411 1387 3450 nosse
1408 3395 1530 3449 vis?
1564 3394 1798 3449 Perinde
1825 3401 1929 3462 est,
1960 3411 2024 3449 ac

449 3493 493 3547 si
522 3493 693 3547 Deum
726 3491 908 3560 ipsum
949 3489 1311 3565 contemptim
1338 3496 1691 3557 aspernetur,
1714 3487 2023 3556 habeatque

447 3584 645 3637 nihili:
682 3601 700 3632 ι
729 3581 982 3647 Quandiu
1009 3581 1155 3635 enim
1183 3580 1393 3634 fecistis
1424 3580 1519 3633 uni
1551 3595 1618 3633 ex
1646 3579 1733 3633 his
1760 3578 2021 3641 minimis,

449 3672 586 3727 mihi
612 3671 842 3736 fecistis,
872 3680 949 3738 et,
984 3671 1229 3740 quandiu
1257 3687 1366 3724 non
1401 3670 1632 3732 fecistis,
1670 3685 1849 3740 neque
1888 3669 2022 3723 mihi

450 3762 742 3818 fecistis".
780 3786 798 3815 ι
844 3764 971 3819 Sive
1025 3763 1191 3833 igitur
1237 3763 1362 3832 quis
1404 3744 1755 3817 administrat
1808 3761 2020 3824 sedulo,

450 3853 566 3907 sive
595 3853 884 3924 neglectim
915 3853 1146 3907 inservit
1188 3851 1475 3915 fratribus,
1516 3852 1571 3904 in
1620 3852 1793 3905 Deum
1843 3851 2023 3921 ipsum

450 3942 600 3998 illius
632 3942 868 3996 recurrit
895 3957 961 3996 ac
982 3941 1225 3996 refertur
1266 3941 1658 3995 ministerium.
1682 3941 1814 3996 Jure
1857 3939 2025 4011 igitur

447 4034 519 4089 de
573 4034 695 4090 istis
749 4033 1173 4089 cunctatoribus
1231 4040 1287 4087 et
1348 4032 1489 4086 male
1543 4032 1755 4087 sedulis
1807 4031 2025 4088 dicebat

2128 2858 2264 2928 φῶν,
2318 2859 2734 2928 παραπέμπειν,
2780 2859 2873 2911 καὶ
2917 2858 3198 2929 ῥᾳθυμεῖν.
3250 2859 3435 2912 Πάντα
3477 2860 3583 2929 γὰρ
3628 2856 3689 2911 τά

2126 2944 2223 3016 τῆς
2256 2950 2423 3019 μονῆς
2447 2947 2522 3019 τῷ
2552 2948 2670 3019 Θεῷ
2698 2948 3083 3018 καθιέρωνται,
3113 2949 3187 3010 ὡς
3220 2949 3368 3018 αὐτῷ
3399 2948 3691 3021 προσφερό-

2131 3055 2285 3108 μενα,
2318 3038 2413 3091 καὶ
2471 3037 2692 3107 μεγάλῳ
2739 3038 3050 3090 ὑπόκεινται
3084 3036 3330 3106 κινδύνῳ.
3394 3039 3453 3091 Ὁ
3482 3036 3689 3105 ἀμελῶς

2126 3126 2428 3188 διακονῶν,
2475 3128 2551 3190 ὡς
2597 3127 2732 3181 Θεοῦ
2782 3129 3158 3198 καταφρονῶν.
3211 3129 3371 3198 «Ἐφ’
3416 3130 3540 3181 ὅσον
3588 3127 3688 3197 γὰρ

2128 3219 2419 3290 ἐποιήσατε
2455 3221 2533 3271 ἐνὶ
2580 3220 2787 3273 τούτων
2814 3219 2923 3272 τῶν
2954 3219 3196 3287 ἀδελφῶν
3237 3238 3340 3290 μου
3371 3218 3477 3273 τῶν
3522 3220 3690 3290 ἐλαχί-

2130 3328 2289 3375 στων,
2341 3312 2465 3380 ἐμοὶ
2494 3312 2810 3380 ἐποιήσατε,
2856 3313 2951 3365 καὶ
3000 3314 3084 3380 ἐφ’
3111 3313 3235 3365 ὅσον
3262 3314 3362 3366 οὐκ
3410 3315 3684 3382 ὲποιήσαιτ

2128 3401 2208 3454 ἑνὶ
2255 3396 2481 3465 τούτων,
2522 3401 2642 3453 οὐδὲ
2673 3402 2795 3470 ἐμοὶ
2831 3402 3144 3471 ἐποιήσατε.
3181 3421 3198 3453 ι
3234 3403 3357 3454 Είτε
3387 3399 3482 3456 οὖν
3505 3406 3684 3470 ἐπιμε-

2126 3490 2233 3554 λῶς
2262 3506 2345 3556 τις
2375 3492 2630 3556 διακονεῖ,
2661 3495 2737 3556 είς
2767 3492 2857 3546 τὸν
2896 3494 3028 3546 Θεὸν
3057 3494 3343 3564 ἀνατρέχει
3392 3497 3425 3565 ἡ
3456 3494 3685 3548 διακονία

2130 3578 2316 3635 αὐτοῦ.
2352 3579 2590 3644 Εἰκότως
2617 3582 2710 3636 οὖν
2735 3582 2918 3651 ἔλεγεν
2960 3581 3229 3653 Ἱερεμίας
3258 3586 3384 3654 περὶ
3428 3587 3537 3638 τῶν
3558 3587 3683 3653 ἀμε-

2126 3673 2362 3727 λούντων
2386 3691 2399 3704 ·
2439 3673 2916 3744 (Ἐπικατάρατος
2967 3674 3289 3744 ἄνθρωπος,
3352 3678 3381 3729 ὁ
3428 3677 3595 3729 ποιῶν
3630 3675 3684 3729 τὸ

2128 3764 2289 3834 ἔργον
2333 3762 2537 3834 Κυρίου
2580 3764 2818 3833 ἀμελῶς.
2880 3761 2937 3817 Ὁ
2978 3762 3035 3816 δὲ
3075 3765 3490 3835 καταφρονητὴς
3534 3765 3681 3833 ἀνὴρ.

2129 3853 2344 3919 ἀλαζὼν
2382 3856 2476 3908 καὶ
2506 3853 2876 3924 ὑπερήφανος.
2916 3838 3111 3924 Ἡμεῖς
3135 3851 3228 3909 οὖν
3250 3855 3408 3918 ἐκτὸς
3435 3856 3533 3924 τῆς
3558 3856 3685 3925 ἀράς

2128 3944 2300 4008 ὄντες,
2344 3944 2443 4015 τῆς
2480 3940 2537 3997 δὲ
2590 3942 2837 4012 εὐλογίας
2887 3945 3038 4008 ἐντὸς
3075 3946 3150 4008 ὡς
3182 3945 3421 4000 διάκονοι.
3459 3944 3681 4016 Χριστοῦ

2128 4037 2185 4089 ὲν
2230 4034 2378 4107 πάσῃ
2404 4035 2691 4107 ἐπιμελείᾳ
2725 4037 2817 4088 καὶ
2865 4036 3068 4108 σπουδῇ
3104 4038 3202 4106 τὴν
3237 4037 3511 4092 διακονίαν
3536 4036 3684 4108 ἡμῶν

448 4122 717 4178 Jeremias
755 4139 772 4181 ;
813 4142 830 4174 ι
869 4122 1193 4176 Maledictus
1248 4121 1415 4175 homo
1452 4120 1546 4189 qui
1578 4120 1709 4174 facit
1753 4136 1890 4191 Opus
1925 4119 2021 4175 Dei

2129 4125 2656 4196 πληροφορήσωμεν,
2701 4127 2784 4179 ἵνα
2811 4125 3062 4194 εὐλογίαν
3081 4126 3592 4198 κληρονομήσωμεν,
3614 4127 3682 4189 ὡς

449 4214 792 4284 negligenter
810 4214 879 4265 ³⁸.
921 4231 939 4264 ι
987 4212 1138 4266 Talis
1160 4221 1516 4281 contemptor
1560 4227 1824 4282 arrogans
1860 4220 2024 4267 estet

450 4305 746 4375 superbus.
769 4304 879 4359 Nos
906 4303 1077 4374 igitur
1105 4303 1199 4372 qui
1226 4303 1295 4357 ab
1326 4302 1595 4374 ejusmodi
1635 4302 2022 4358 maledictione

450 4397 651 4451 seclusi
676 4411 889 4459 sumus,
919 4402 1113 4463 utpote
1157 4393 1254 4447 ﬁlii
1290 4393 1717 4457 benedictionis,
1764 4402 2021 4464 tanquam

451 4489 689 4543 ministri
732 4487 963 4550 Christi,
1006 4487 1158 4542 omni
1215 4500 1339 4541 cum
1373 4471 1663 4540 sedulitate
1711 4501 1775 4540 ac
1812 4486 2020 4551 studio,

451 4579 774 4634 monasterii
829 4579 991 4633 nobis
1056 4577 1429 4633 concreditam
1478 4576 1817 4631 funetionem
1862 4577 2022 4645 plena

454 4669 561 4722 fide
586 4678 978 4737 exSequamur,
1003 4677 1263 4736 tanquam
1294 4667 1568 4721 benedicti
1593 4666 1848 4736 discipuli
1875 4666 2024 4721 illius

452 4759 544 4827 qui
580 4759 757 4812 dixit:
794 4777 810 4807 ι
852 4757 955 4813 Ubi
986 4773 1106 4812 sum
1136 4774 1258 4829 ego,
1309 4757 1419 4811 illic
1450 4766 1504 4811 et
1560 4758 1811 4812 minister
1865 4772 2023 4813 meus

451 4847 638 4902 erit".
682 4866 699 4897 ι
732 4847 876 4912 Quid
904 4847 1129 4916 insuper
1165 4848 1463 4923 Apostolus
1498 4847 1665 4911 dic‘at,
1700 4847 2020 4902 audiamus:

459 4959 476 4989 ι
507 4939 647 4993 Ecce
677 4953 826 4991 nunc
873 4946 1091 5006 tempus
1141 4940 1500 5009 aceeptabile,
1529 4954 1658 4993 ecce
1715 4954 1862 4993 nunc
1902 4939 2023 4995 dies

453 5028 680 5085 salutis:
713 5026 922 5082 nemini
955 5026 1154 5082 dantes
1204 5030 1369 5082 ullam
1401 5028 1781 5092 offensionem,
1815 5024 1876 5083 ut
1911 5045 2020 5083 non

450 5121 800 5188 vituperetur
829 5117 1202 5172 ministerium
1230 5125 1500 5180 nostrum,
1539 5116 1634 5171 sed
1666 5117 1719 5171 in
1764 5118 2023 5173 omnibus

450 5210 902 5266 commendantes
934 5208 1305 5278 nosmetipsos
1331 5208 1475 5263 sicut
1502 5208 1595 5263 Dei
1628 5210 1932 5274 ministros,
1964 5210 2021 5264 in

453 5304 622 5356 multa
657 5302 949 5371 patientia,
983 5301 1037 5354 in
1063 5294 1540 5365 'tribulationibus,
1579 5301 1633 5354 in
1679 5300 2023 5356 necessitati-

452 5395 576 5459 bus,
612 5395 667 5447 in
697 5392 985 5464 angustiis,
1017 5394 1070 5446 in
1099 5391 1404 5457 laboribus,
1458 5393 1511 5446 in
1546 5393 1768 5463 vigiliis,
1805 5392 1861 5446 in
1895 5392 2019 5446 lon-

480 5538 565 5582 "7
590 5551 872 5636 Rpmzix'u,
907 5552 991 5605 Il.

453 5637 588 5675 εχιτ.
623 5643 671 5673 :l.

449 5705 542 5752 ιιι,
566 5691 652 5745 ili.

1107 5552 1150 5584 ¹⁸
1189 5552 1330 5606 Psai.
1382 5567 1526 5613 xxvi,
1562 5549 1610 5601 4.

1719 5548 1761 5579 ¹⁹
1789 5547 1930 5601 Psal.
1962 5561 2034 5611 ιι,
2086 5546 2171 5602 ~l0.

729 5622 772 5653 ’³
797 5622 927 5676 Luc.
952 5621 1108 5686 χῶτι
1186 5623 1226 5653 ³⁷·
1261 5622 1448 5674 Matth.
1472 5636 1561 5681 vn,
1595 5619 1687 5683 l5;
1724 5618 1854 5670 Luc.
1884 5633 1994 5681 xm,
2029 5617 2116 5671 '25.

2128 4216 2368 4287 μαθηταὶ
2414 4216 2508 4268 τοῦ
2554 4216 2920 4287 εὐλογημένου
2970 4217 3062 4270 τοῦ
3114 4218 3429 4289 εἰρηκότος·
3466 4236 3484 4268 ι
3521 4219 3678 4271 Ὅπου

2124 4309 2241 4376 εἰμὶ
2280 4305 2409 4375 ἐγὼ,
2444 4309 2537 4361 καὶ
2565 4310 2592 4361 ὁ
2622 4309 2871 4372 διάκονος
2894 4311 2923 4362 ὁ
2945 4309 3076 4379 ἐμὸς
3105 4309 3278 4363 ἔσται.
3308 4329 3326 4361 ι
3348 4311 3679 4377 ’Δκούσωμεν

2122 4395 2176 4448 τί
2204 4396 2299 4450 καὶ
2326 4397 2354 4448 ὁ
2380 4396 2592 4458 Παῦλος
2639 4396 2786 4465 λέγει
2807 4413 2822 4428 ο
2858 4418 2877 4449 ι
2899 4399 3029 4451 Ἰδοὺ
3062 4397 3156 4450 νῦν
3183 4399 3373 4467 καιρὸς
3401 4396 3679 4467 εὐπμίσδε-

2124 4502 2272 4550 κτος,
2309 4486 2416 4541 ίδοὺ
2445 4487 2541 4542 νῦν
2564 4488 2753 4558 »ἡμέρα
2774 4489 3049 4558 σωτηρίας
3072 4506 3086 4520 °
3117 4490 3388 4559 μηδεμίαν
3419 4492 3476 4542 ἐν
3507 4488 3679 4559 μηδενὶ

2124 4576 2354 4641 διδόντες
2408 4580 2744 4649 προσκοπὴν,
2782 4581 2866 4633 ἵνα
2916 4583 2992 4649 μὴ
3043 4580 3277 4651 μωμηθῇ
3316 4581 3472 4652 ἡμῶν
3513 4583 3546 4651 ἡ
3574 4580 3675 4631 δια-

2124 4669 2278 4722 κονία
2297 4685 2310 4700 ⁸
2344 4669 2460 4723 ἀλλ’
2491 4674 2548 4724 ἐν
2576 4671 2738 4724 παντὶ
2766 4656 3124 4734 σύνιστῶντες
3161 4673 3408 4737 ἑαυτοὺς,
3454 4672 3529 4734 ὡς
3557 4668 3675 4723 Θεοῦ

2122 4759 2360 4813 διάκονοι
2383 4761 2439 4813 ὲν
2467 4760 2707 4831 ὑπομονῇ
2735 4760 2925 4830 πολλῇ,
2953 4762 3009 4814 ὲν
3034 4760 3297 4830 θλίψεσιν,
3324 4763 3382 4813 ὲν
3409 4761 3673 4827 ἀνάγκαις,

2124 4850 2184 4901 ὲν
2214 4851 2617 4920 στενοχωρίαις,
2659 4850 2716 4904 ὲν
2753 4851 2965 4913 κόποις,
3000 4851 3058 4902 ὲν
3103 4850 3457 4920 ἀγρυπνίαις,
3497 4851 3553 4902 ὲν
3585 4863 3674 4916 μα-

2127 4939 2496 5011 μακροθυμία,
2540 4941 2597 5019 ὲν
2636 4941 2824 5012 ἀγάπῃ
2858 4940 3225 5010 ἀνυποκρίτῳ,
3270 4941 3329 4992 ὲν
3374 4940 3518 5010 λόγῳ
3557 4939 3674 5003 ἁλη-

2124 5031 2324 5092 θείας.»
2354 5030 2463 5083 Καὶ
2497 5032 2658 5084 πάλιν
2688 5046 2703 5063 ο
2741 5052 2759 5083 ι
2809 5032 2896 5095 Ὠς
2917 5031 3091 5085 δοῦλοι
3118 5031 3375 5102 Χριστοῦ,
3394 5033 3455 5085 τὸ
3480 5033 3673 5101 θέλημα

2124 5118 2287 5171 αὖτοῦ
2318 5117 2598 5183 ποιοῦντες
2625 5123 2687 5173 ἐκ
2723 5120 2923 5191 ψυχῆς,
2948 5122 3064 5190 μετ’
3089 5121 3302 5184 εὐνοίας
3330 5121 3672 5182 δουλεύοντες,

2123 5208 2199 5272 ὠς
2243 5209 2321 5280 τῷ
2363 5211 2572 5281 Κυρίῳ,
2618 5201 2711 5265 καὶ
2759 5214 2857 5265 οὐκ
2895 5211 3222 5281 ἀνθρώποις.
3281 5232 3311 5264 r
3338 5213 3449 5266 Καὶ
3487 5213 3671 5266 πάλιν·

2130 5319 2148 5352 ι
2211 5300 2477 5371 Ἀδελφοί,
2522 5303 2723 5373 ἑδραῖοι
2771 5304 3006 5372 γίνεσθε,
3056 5302 3464 5373 ἀμετακίνητοι,
3508 5318 3675 5372 περιπ-

2126 5391 2372 5455 σεὺοντες
2406 5394 2464 5446 ἐν
2503 5393 2580 5465 τῷ
2610 5394 2758 5465 ἔργῳ
2801 5394 2894 5447 τοῦ
2942 5395 3144 5465 Κυρίου
3193 5396 3453 5450 πάντοτε’
3493 5393 3675 5454 εἰδότες

2282 5550 2328 5581 ’⁸
2352 5549 2494 5603 Psai.
2524 5565 2647 5611 xxv,
2677 5550 2730 5604 8.
2837 5553 2877 5593 ι’
2913 5549 3055 5606 Psai.
3088 5566 3308 5615 nsunt,
3343 5551 3397 5605 '5.
3474 5554 3519 5584 ε’
3544 5545 3669 5604 Psai.

2196 5620 2239 5650 ”'
2259 5619 2445 5673 Matth.
2476 5636 2597 5683 xxv,
2628 5620 2714 5674 40.
2790 5622 2835 5653 ’³
2856 5622 3057 5676 Jerem.
3088 5638 3272 5687 XLVIII,
3309 5624 3388 5675 l0.
3467 5623 3511 5655 ⁸⁷
3532 5621 3669 5676 .loan.

3242 5807 3266 5833 Ι
