3918 6106
368 311 503 377 1705
572 330 573 333 ‘

1382 311 1711 371 HOMILIA
1750 309 2071 384 LXXXIX.
2095 334 2167 371 --.
2190 309 2287 371 DE
2329 301 2616 366 ΙΝΟΡΙΑ.

3480 308 3614 372 1706

360 427 444 479 ὅτι
478 428 506 480 6
531 425 697 489 κόπος
727 425 875 495 ὑμῶν
904 423 1006 477 οὐκ
1036 417 1194 476 ἔστιν
1223 423 1378 486 κενὸς
1421 426 1478 477 ὲν
1510 425 1724 496 Κυρίῳ.
1773 443 1795 475 ι
1828 425 1938 479 Καὶ

2047 423 2383 495 ganimitate,
2405 420 2463 476 in
2492 419 2767 477 eharitate
2799 436 2906 477 non
2943 421 3088 484 ficta,
3120 421 3176 475 in
3209 420 3377 476 verbo
3410 422 3615 475 verita-

359 518 503 588 πρὸς
548 517 827 588 Τιμόθεον,
878 515 1093 583 λέγων’
1136 533 1157 567 ι
1213 515 1371 586 Νῆφε
1418 517 1476 569 ὲν
1528 518 1712 581 πᾶσιν,
1775 515 1937 589 ἔργον

361 609 590 680 ποίησον
619 605 1029 676 εὐαγγελιστοῦ,
1070 607 1171 677 τὴν
1200 607 1475 662 διακονίαν
1515 621 1610 662 σου
1660 606 1936 679 πληροφόο

358 719 555 774 ρησον.
602 718 621 752 ι
668 700 837 771 φησιν
872 697 930 752 δὲ
966 699 1063 753 καὶ
1093 699 1223 770 περὶ
1256 698 1488 752 ἑαυτοῦ·
1526 718 1545 752 ι
1578 698 1716 752 Νυνὶ
1743 698 1799 751 δὲ
1837 714 1936 750 πο-

354 793 597 866 ρεύομαι
637 793 717 857 είς
748 790 1099 860 Ἰερουσαλὴμ
1130 789 1389 843 διακονῶν
1417 791 1527 851 τοῖς
1550 789 1723 859 ἁγίοις
1741 805 1755 819 ·
1804 781 1939 841 ἀλλὰ

356 884 803 954 συναγωνίσασθέ
842 900 931 953 μοι
972 883 1029 935 ἐν
1071 883 1193 944 ταῖς
1230 883 1577 952 προσευχαῖς,
1621 880 1710 933 ἶνα
1750 879 1784 949 ή
1828 877 1940 930 δια-

354 976 523 1031 κονία
561 992 662 1044 μου
705 956 1098 1044 εὐπρόσδεκτος
1126 972 1350 1041 γένηται
1388 972 1499 1034 τοῖς
1525 970 1721 1038 ἁγίοις.
1772 988 1791 1022 ι
1825 969 1941 1023 Κα-

351 1058 724 1135 τανοήσωμεν
773 1060 891 1127 οὖν,
929 1061 1170 1130 ἀδελφοὶ,
1211 1062 1364 1115 αὐτοὶ
1404 1061 1457 1115 οἱ
1509 1060 1795 1114 ἀπόστολοι
1841 1060 1940 1124 τῆς

369 1154 726 1223 Ἑκκλησίας,
760 1151 899 1223 μετὰ
923 1153 1078 1207 ποίου
1110 1152 1318 1221 ἀγῶνος
1342 1152 1436 1206 καὶ
1464 1152 1630 1205 πόθου
1659 1151 1940 1223 διηκόνουν

353 1248 481 1307 τοῖς
513 1245 571 1298 ἐν
608 1243 1001 1317 Ἰεροσολύμοις
1030 1243 1288 1313 πτωχοῖς.
1324 1242 1491 1314 Φησὶν
1526 1242 1582 1295 δὲ
1615 1242 1709 1295 καὶ
1735 1239 1937 1304 ἄλλοις,

361 1353 383 1385 ι
446 1335 535 1388 Οὐ
585 1335 692 1405 γὰρ
741 1333 924 1397 ἄδικος
973 1320 1000 1386 6
1051 1328 1195 1396 Θεὸς
1237 1331 1588 1387 ἐπιλαθέσθαι
1636 1331 1733 1386 τοῦ
1776 1330 1939 1400 ἔργου

354 1426 548 1498 ὑμῶν,
590 1426 684 1481 καὶ
714 1427 812 1495 τῆς
845 1427 1065 1497 ἀγάπης
1105 1419 1174 1498 ἦς
1211 1424 1545 1491 ἐνεδείξασθε
1580 1426 1660 1490 εἰς
1684 1424 1744 1478 τὸ
1769 1425 1942 1495 ὄνομα

356 1519 565 1585 αὐτοῦ,
586 1519 1003 1595 διακονήσαντες
1028 1521 1139 1582 τοῖς
1159 1518 1357 1586 ἁγίοις,
1378 1519 1472 1591 κα).
1492 1516 1889 1580 διακονοῦντες.
1917 1536 1936 1570 ι

354 1612 535 1678 Λέγει
574 1611 631 1664 δὲ
677 1610 772 1663 καὶ
817 1611 845 1662 ὁ
889 1611 1111 1679 Πέτροςο
1140 1629 1158 1660 ι
1196 1608 1466 1672 Ἕκαστος
1513 1607 1695 1672 καθὼς
1751 1606 1942 1660 ἐλαϐεν

356 1702 639 1773 χάρισμα,
668 1703 750 1766 εἰς
780 1701 1005 1764 ἑαυτοὺς
1065 1701 1196 1753 αὐτὸ
1222 1697 1615 1762 διακονοῦντες.
1654 1717 1679 1751 ι
1703 1699 1816 1752 Kal.
1846 1700 1942 1751 ὲπ-

357 1795 497 1862 ἀγει
521 1808 533 1821 ·
565 1812 585 1844 σ
616 1795 685 1847 Et
705 1811 784 1856 τις
809 1792 982 1861 λαλεῖ,
1010 1792 1085 1854 ὡς
1121 1791 1276 1861 λόγια
1308 1789 1466 1857 Θεοῦ,
1501 1789 1556 1844 εἷ
1578 1807 1661 1854 τις
1683 1788 1940 1851 διακονεῖ,
1977 1818 2017 1873 Β

353 1881 442 1947 ὡς
471 1882 532 1949 ἐξ
564 1881 774 1952 ίσχύος,·
806 1876 870 1952 ἦς
900 1883 1124 1951 χορηγεῖ
1149 1882 1177 1934 6
1205 1881 1358 1944 Θεὸς,
1388 1880 1477 1934 ἵνα
1512 1881 1570 1933 ὲν
1603 1879 1766 1935 πᾶσιν
1792 1876 1944 1941 δοξά-

356 1973 536 2042 ζηται
563 1974 591 2026 ό
612 1972 764 2037 Θεὸς,
790 1972 876 2049 διὰ
901 1972 994 2025 τοῦ
1021 1972 1223 2043 Κυρίου
1245 1971 1403 2042 ἡμῶν
1438 1969 1610 2041 Ἰησοῦ
1633 1968 1935 2049 Χριστοῦ.»

374 2065 439 2119 '0
478 2065 537 2118 δὲ
571 2064 804 2134 Κύριος
844 2084 860 2117 ι
884 2064 1010 2118 Ἐάν
1059 2082 1145 2129 τις
1183 2064 1306 2134 ἐμοὶ
1342 2061 1586 2132 διακονῇ,
1648 2060 1772 2130 ἐμοὶ
1814 2048 1947 2112 ἀκο-

355 2154 660 2217 λουθείτω.
702 2157 796 2210 καὶ
834 2157 968 2209 ὅπου
1009 2154 1124 2222 εἰμὶ
1182 2153 1314 2224 ἐγὼ,
1353 2154 1469 2207 ἐκεῖ
1498 2152 1594 2205 καὶ
1624 2153 1664 2224 ,ό
1700 2150 1945 2213 διάκονος

357 2249 389 2300 6
424 2248 564 2318 ἐμὸς
590 2248 776 2301 ἔσται’
808 2246 901 2300 ἐὰν
928 2245 1050 2317 ἐμοί
1074 2263 1156 2309 τις
1193 2243 1451 2314 διακονῇ,
1479 2243 1701 2315 τιμήσει
1727 2240 1890 2296 αὐτὸν
1914 2240 1944 2293 ό

360 2339 567 2408 Πατήρ
597 2354 718 2408 μου.
749 2358 767 2390 ι
783 2334 895 2391 Καὶ
915 2336 1103 2390 πάλιν·
1147 2335 1292 2404 Ἐγὼ
1314 2334 1384 2390 δέ
1398 2336 1515 2405 ειμι
1536 2333 1789 2403 ἐνμέσῳ
1807 2332 1886 2398 ὠς
1911 2333 1944 2386 ό

362 2429 694 2485 διακονῶν.
724 2449 742 2483 ι
771 2460 839 2470 --
864 2448 881 2480 ι
912 2428 1023 2481 Καὶ
1050 2429 1160 2499 γὰρ
1184 2429 1212 2480 6
1242 2426 1368 2490 Υἱὸς
1390 2424 1486 2479 τοῦ
1519 2423 1807 2496 ἀνθρώπου
1844 2421 1947 2476 οὐκ

358 2517 539 2593 ἦλθεν
568 2520 973 2592 διακονηθῆναι,
1006 2518 1143 2572 ἀλλὰ
1168 2517 1486 2587 διακονῆσαι
1519 2516 1617 2570 καὶ
1643 2515 1828 2569 δοῦναι
1849 2512 1948 2586 τὴν

361 2611 553 2683 ψυχὴν
582 2610 747 2664 αὑτοῦ
778 2608 973 2680 λύτρον
1020 2608 1145 2663 ἀντὶ
1194 2606 1425 2661 πολλῶν.
1488 2624 1506 2656 ι
1548 2604 1705 2662 Δύτῶ
1741 2603 1777 2676 ἡ
1819 2603 1950 2670 δόξα

365 2705 452 2766 εἰς
489 2702 616 2764 τοὺς
646 2702 870 2765 αἰῶνας.
917 2701 1113 2773 Ἀμήν.
1270 2696 1279 2699 ”

2045 516 2115 570 tis
2140 516 2207 568 ³⁸.
2261 533 2280 566 ι
2346 513 2561 586 1169
2603 514 2810 570 lterum
2848 533 2862 570 :
2927 533 2944 565 ι
2976 513 3131 568 Sicut
3186 511 3330 568 servi
3370 510 3613 575 Christi,

2044 606 2310 663 facientes
2342 606 2683 662 voluntatem
2723 607 2898 676 ipsius
2935 621 3002 660 ex
3032 602 3233 669 animo,
3268 618 3392 659 cum
3442 602 3613 658 bene-

2044 699 2288 754 volentia
2304 697 2636 763 servientes,
2669 696 2828 768 quasi
2858 696 3092 752 Domino
3122 703 3179 749 et
3228 709 3340 749 non
3373 694 3619 750 homini-

2043 790 2150 844 bus
2166 791 2231 843 ’³.
2256 808 2274 839 ι
2300 790 2540 844 lterum:
2573 807 2590 838 ι
2621 789 2865 854 Fratres,
2889 787 3116 842 stabiles
3142 792 3321 842 estote
3348 793 3405 841 et
3428 786 3622 842 immo-

2046 881 2208 944 biles,
2234 879 2581 935 abundantes
2601 880 2657 933 in
2679 894 2849 949 Opere
2872 878 3092 936 Domini
3114 892 3354 948 semper,
3381 877 3621 933 scientes

2045 970 2194 1040 quod
2237 970 2394 1024 labor
2428 979 2612 1024 vester
2657 984 2768 1023 non
2798 976 2883 1023 est
2916 968 3098 1023 inanis
3145 968 3200 1021 in
3236 968 3557 1023 Domino”.
3596 988 3614 1018 ι

2045 1062 2114 1116 Et
2136 1061 2206 1115 ad
2243 1059 2632 1116 Timotheum:
2677 1079 2695 1111 ι
2736 1059 2932 1130 Vigila,
2994 1059 3051 1113 in
3098 1059 3355 1114 omnibus
3407 1059 3618 1125 labora,

2046 1167 2186 1222 opus
2215 1150 2303 1206 fac
2328 1151 2700 1221 evangelista),
2733 1149 3103 1204 ministerium
3130 1158 3286 1203 tuum
3311 1149 3475 1218 imple
3495 1151 3563 1202 ³³.
3596 1169 3614 1201 ι
3681 1134 3703 1188 -ῖ

2045 1241 2122 1297 De
2143 1242 2328 1312 seipso
2356 1256 2579 1311 quoque
2611 1240 2783 1295 dicit:
2821 1258 2839 1289 ι
2875 1239 3035 1307 Nunc
3067 1246 3249 1294 autem
3299 1239 3626 1309 proficiscor

2047 1334 2105 1389 in
2126 1335 2432 1392 Jerusalem
2458 1333 2777 1388 ministrare
2797 1332 3027 1397 sanctis,
3060 1332 3156 1387 sed
3175 1332 3431 1404 adjuvate
3454 1349 3541 1387 me
3567 1334 3621 1387 in

2047 1426 2416 1490 orationibus,
2456 1434 2520 1480 ut
2568 1424 2901 1494 obsequium
2967 1437 3152 1478 meum
3206 1431 3491 1492 acceptum
3551 1425 3625 1478 sit

2049 1513 2356 1568 sanctis“.
2416 1531 2433 1563 ι
2498 1511 2800 1567 Nobiscum
2860 1519 3201 1582 reputemus,
3251 1509 3470 1575 fratres,
3518 1511 3620 1581 ipsi

2049 1604 2282 1675 apostoli
2309 1604 2403 1674 qui
2436 1611 2494 1658 et
2513 1603 2782 1659 columnae
2807 1602 3089 1669 Ecclesiae,
3121 1610 3329 1672 quanto
3357 1618 3530 1674 agone
3557 1618 3623 1657 ac

2048 1696 2327 1751 desiderio
2354 1693 2738 1749 ministrabant
2773 1693 3214 1765 Hierosolymitis
3262 1693 3619 1764 pauperibus.

2048 1786 2187 1842 Aliis
2222 1787 2451 1855 insuper
2479 1786 2637 1851 dicit,
2678 1804 2696 1837 ι
2728 1785 2847 1840 Non
2871 1783 3022 1839 enim
3054 1785 3292 1855 injustus
3334 1792 3420 1839 est
3454 1784 3624 1848 Deus,

2045 1887 2106 1935 ut
2134 1868 2500 1934 obliviscatur
2546 1877 2731 1949 operis
2781 1875 2952 1933 vestri
2982 1884 3040 1931 et
3086 1865 3415 1932 dilectionis
3456 1891 3623 1946 quam

2043 1970 2465 2026 demonstrastis
2487 1971 2544 2029 in
2560 1971 2785 2025 nomine
2810 1969 3004 2047 ipsius,
3037 1967 3169 2024 dum
3190 1968 3623 2024 administrastis

2043 2061 2252 2121 sanctis
2273 2069 2329 2118 et
2347 2060 2756 2117 administratis
2774 2060 2838 2115 ³³.
2883 2080 2902 2113 ι
2943 2061 3142 2117 Petrus
3178 2060 3308 2115 item
3338 2079 3351 2113 :
3391 2079 3410 2113 ι
3436 2060 3623 2117 Unus-

2045 2153 2283 2224 quisque
2312 2152 2457 2208 sicut
2487 2152 2702 2222 accepit
2733 2151 2988 2224 gratiam,
3010 2153 3067 2207 in
3090 2151 3420 2207 alterutrum
3471 2152 3622 2206 illam

2048 2242 2504 2298 administrantes
2520 2244 2602 2297 ’δι
2666 2262 2684 2295 ›
2720 2242 2977 2298 lnducit:
3013 2263 3033 2295 ‹
3072 2242 3130 2298 Si
3160 2244 3288 2314 quis
3320 2244 3623 2311 ministrat,
3696 2281 3705 2289 .

2050 2342 2310 2407 tanquam
2340 2336 2647 2394 exvirtute
2677 2352 2841 2406 quam
2871 2336 3223 2391 administrat
3245 2337 3415 2403 Deus,
3469 2344 3530 2391 ut
3564 2336 3622 2391 in

2046 2414 2304 2482 omnibus
2321 2426 2724 2483 honorificetur
2751 2427 2896 2483 Deus
2927 2443 3025 2498 per
3048 2427 3340 2483 Dominum
3368 2437 3621 2484 nostrum

2045 2520 2232 2577 Jesum
2254 2518 2538 2575 Christum
2555 2519 2623 2573 ³³.
2662 2538 2681 2571 ι
2722 2517 2818 2574 llis
2851 2520 3097 2575 concinit
3119 2521 3416 2577 Dominus:
3470 2541 3488 2573 ι
3518 2521 3622 2589 Qui

2046 2608 2184 2663 mihi
2203 2608 2502 2675 ministrat,
2534 2623 2622 2663 me
2646 2616 2933 2678 sequatur,
2969 2617 3026 2664 et
3048 2609 3143 2665 ubi
3174 2625 3294 2664 sum
3322 2626 3447 2681 ego,
3505 2610 3625 2666 illic

2046 2708 2106 2755 et
2127 2699 2381 2755 minister
2395 2716 2556 2755 meus
2586 2701 2716 2757 erit.
2754 2699 2810 2756 Si
2845 2701 2972 2771 quis
2995 2703 3412 2769 ministraverit,
3448 2703 3628 2759 bono-

366 2796 614 2852 riticabit
642 2812 770 2851 eum
812 2798 975 2852 Pater
1021 2811 1178 2852 meus
1230 2795 1296 2850 ³⁸.
1324 2814 1341 2844 ι
1375 2795 1580 2850 lterum
1637 2812 1651 2847 :
1691 2812 1709 2846 ι
1741 2794 1858 2866 Ego
1881 2802 2068 2851 autem
2103 2796 2160 2851 in
2189 2795 2376 2852 medio
2409 2805 2655 2853 vestrum
2676 2813 2821 2863 sum,
2848 2798 2993 2854 sicut
3025 2798 3118 2870 qui
3158 2799 3437 2854 ministrat
3483 2802 3561 2856 ’τι
3597 2819 3621 2855 ι

366 2921 447 2934 --
481 2910 501 2943 ι
547 2892 761 2947 Etenim
789 2891 1238 2949 Filiushominis
1258 2907 1371 2946 non
1402 2890 1555 2946 venit
1576 2889 1903 2956 ministrari,
1937 2889 2033 2946 sed
2073 2890 2412 2956 ministrare,
2442 2900 2499 2946 et
2528 2892 2658 2948 dare
2704 2892 2943 2947 animam
2979 2908 3136 2947 suam
3186 2892 3625 2966 redemptionem

367 3000 479 3058 pro
528 2985 795 3043 multis”.
842 3003 861 3036 ι
898 2985 1008 3055 Ipsi
1055 2986 1229 3056 gloria
1296 2986 1352 3041 in
1404 2987 1601 3041 saecula
1656 2986 2006 3041 saeculorum.
2043 2986 2237 3041 Amen.

975 3099 1193 3153 ΛΟΓΟΣ
1228 3098 1356 3154 ΠΘ’.

847 3212 986 3282 Περὶ
1031 3213 1479 3283 ἀκτημοσύνης.

467 3326 532 3379 Ἦ
569 3326 920 3398 ἀκτημοσύνη
951 3326 1217 3400 εἰλικρινῆ
1259 3327 1361 3400 τὴν
1402 3325 1681 3393 πολιτείαν
1719 3323 1814 3381 τοῦ
1847 3345 1939 3397 μο‹

370 3417 543 3490 ναχοῦ
574 3418 974 3473 ἀποδείκνυσιν.
1022 3419 1310 3490 Ἀκτήμων
1342 3416 1570 3489 μοναχὸς
1592 3417 1750 3480 ἀετὸς
1775 3417 1948 3489 ὑπάρ-

370 3528 463 3581 χει
515 3509 802 3579 ὑψιπέτης.
842 3509 1128 3579 Ἀκτήμων
1197 3507 1430 3584 μοναχὺς
1492 3506 1781 3578 ἐλεύθερος
1835 3509 1944 3561 τῶν

369 3601 573 3670 ὀλίγων
603 3601 772 3665 ἐστὶν,
804 3600 891 3653 ἴνα
941 3590 999 3653 ὲν
1044 3600 1345 3654 ἀπολαύσει
1377 3600 1486 3654 τῶν
1520 3600 1730 3655 πολλῶν
1785 3592 1946 3672 γένη-

369 3710 489 3747 ται.
558 3694 846 3763 ’Λκτήμων
896 3690 1175 3765 [μοναχὸς]
1218 3692 1506 3748 ἐπίσταται
1551 3694 1635 3747 ὅτι
1683 3692 1948 3764 πάροικος

369 3788 527 3838 ἑστιν
578 3783 672 3836 ἐπὶ
723 3785 820 3854 τῆς
866 3777 991 3853 γῆς.
1037 3783 1216 3852 Μηδὲν
1264 3783 1371 3856 γὰρ
1413 3784 1806 3856 ἐπιφερόμενος
1851 3782 1945 3838 τοῦ

366 3876 712 3948 προσκαίρου
747 3875 963 3939 αἰῶνος,
995 3874 1152 3945 δῆλός
1189 3876 1335 3929 ἐστιν
1363 3877 1444 3930 ὅτι
1476 3877 1586 3931 τῶν
1615 3877 1800 3930 ἀϊδίων
1825 3877 1947 3948 ὀρέ-

362 3986 532 4042 γεται
590 3967 831 4037 ἀγαθῶν.
882 3962 942 4019 Ὅ
998 3968 1282 4037 ἀκτήμων,
1319 3969 1562 4040 μιμητὴς
1620 3969 1801 4024 Ἠλίου
1853 3968 1946 4024 καὶ

378 4060 637 4113 Ἰωάννου
692 4060 1026 4130 εὑρίσκεται,
1081 4061 1177 4113 καὶ
1224 4060 1330 4113 τῶν
1379 4059 1646 4129 λεγόντων
1672 4077 1687 4092 ’
1728 4080 1748 4114 ‹
1813 4061 1945 4116 Ἰδοὺ

363 4150 536 4218 ἡμεῖς
576 4149 872 4218 ἀφήκαμεν
901 4149 1097 4208 πάντα,
1137 4150 1231 4202 καὶ
1263 4149 1716 4220 ἠκολουθήσαμέν
1745 4167 1861 4203 σοι·
1893 4150 1946 4204 τί

363 4242 483 4311 ἄρα
523 4237 673 4291 ἔσται
709 4240 879 4309 ἡμῖν;
921 4257 939 4290 ι
976 4238 1085 4292 Καὶ
1116 4236 1409 4291 ἀκούσουσι
1457 4236 1607 4309 παρὰ
1634 4236 1728 4291 τοῦ
1758 4238 1944 4308 Σωτῆ-

366 4349 468 4404 ρος
492 4346 507 4362 ο
545 4350 564 4382 ι
604 4332 727 4384 Ὅτι
762 4331 919 4401 ὑμεῖς
955 4331 1006 4384 οἱ
1030 4331 1254 4399 ἀφέντες
1288 4330 1484 4396 πάντα,
1519 4330 1616 4383 καὶ
1649 4328 1945 4402 ἀκολουθή-

2529 3100 2814 3157 HOMILIA
2853 3099 3141 3155 LXXXIX.

2679 3212 2759 3267 De
2795 3212 2999 3283 inopia.

2108 3327 2462 3387 Facultatum
2498 3327 2744 3383 omnium
2768 3326 3046 3396 possessio
3096 3325 3345 3398 ablegata
3378 3327 3545 3382 semel
3596 3341 3626 3383 a

2047 3423 2307 3493 quopiam
2343 3431 2402 3478 et
2432 3435 2662 3476 excussa
2690 3418 2830 3473 nihil
2858 3419 3094 3473 obscure
3134 3417 3381 3474 declarat
3429 3434 3626 3491 synoe-

2047 3529 2167 3569 ram
2215 3528 2337 3571 esse
2390 3510 2650 3567 monachi
2695 3510 3193 3565 conversationem.
3255 3510 3361 3577 Qui
3412 3513 3624 3567 nullum

2047 3604 2298 3676 possidet
2351 3602 2633 3674 peculium
2674 3602 3001 3667 monachus,
3028 3604 3211 3674 aquila
3247 3612 3334 3660 est
3378 3605 3622 3662 altivola.

2046 3696 2212 3765 Inops
2235 3693 2565 3755 monachus,
2588 3692 2731 3748 liber
2755 3693 2816 3747 fit
2848 3709 3147 3764 paucorum
3178 3712 3305 3762 usu,
3338 3706 3401 3752 ut
3424 3714 3623 3770 quam-

2046 3785 2302 3857 plurimis
2332 3785 2673 3856 perfruatur.
2713 3785 2817 3853 Qui
2857 3787 3074 3856 peculio
3098 3789 3251 3842 exuit
3299 3804 3378 3855 se,
3432 3792 3624 3862 utique

2046 3876 2206 3931 novit
2235 3876 2364 3946 quia
2396 3873 2704 3944 inquilinus
2736 3883 2820 3929 est
2849 3884 2905 3930 et
2927 3875 3136 3931 advena
3163 3892 3333 3948 super
3375 3887 3620 3936 terram:

2045 3986 2115 4026 ex
2152 3984 2220 4024 eo
2254 3969 2403 4023 enim
2429 3967 2574 4038 quod
2608 3967 2748 4022 nihil
2779 3967 3101 4024 circumfert
3129 3983 3317 4025 secum
3360 3972 3443 4027 rei
3480 3981 3621 4029 tem-

2046 4064 2282 4135 porariae
2302 4078 2367 4118 ac
2397 4062 2701 4137 saecularis,
2730 4076 2829 4133 per
2859 4062 2968 4118 hoc
2983 4062 3171 4134 prodit
3197 4077 3255 4118 se
3283 4064 3620 4135 sempiterna

2046 4155 2141 4209 illa
2167 4162 2450 4225 expetere.
2489 4155 2589 4222 Qui
2623 4170 2681 4210 se
2708 4154 2863 4211 exuit
2891 4155 3239 4225 possessione
3265 4156 3616 4221 facultatum,

2046 4244 2215 4300 Helia:
2253 4246 2590 4316 comperitur
2638 4261 2761 4301 esse
2812 4246 3078 4310 imitator,
3125 4246 3353 4302 Joannis
3384 4247 3515 4303 item
3561 4257 3619 4305 et

2045 4351 2237 4392 eorum
2270 4336 2366 4406 qui
2414 4336 2607 4391 dicunt
2635 4353 2649 4391 :
2679 4356 2695 4388 ι
2725 4336 2867 4403 Ecce
2898 4351 3000 4390 nos
3047 4336 3374 4406 reliquimus
3432 4338 3617 4393 omnia

368 4423 568 4483 σαντες
605 4439 714 4492 μοι,
768 4441 787 4474 ι
814 4421 1269 4476 ’πολλαπλασίονα
1304 4420 1540 4491 λήψεσθε
1584 4419 1643 4474 ἔν
1673 4420 1752 4492 τῷ
1785 4421 1942 4497 αἰῶνι

2047 4439 2101 4484 et
2132 4421 2305 4493 secuti
2338 4443 2530 4484 sumus
2560 4436 2612 4483 te
2640 4447 2651 4481 :
2679 4427 2813 4498 quid
2856 4442 2988 4498 ergo
3020 4428 3127 4482 erit
3157 4427 3319 4483 nobis
3338 4427 3421 4481 "?
3457 4447 3475 4480 ι
3510 4428 3614 4496 Qui

362 4513 567 4584 τούτῳ,
601 4514 694 4566 καὶ
724 4515 780 4566 ἐν
810 4512 886 4584 τῷ
924 4514 1171 4587 μέλλοντι
1203 4511 1349 4579 ζωὴν
1388 4510 1626 4567 αἰώνιον.
1673 4512 1730 4566 '0
1765 4513 1938 4583 ἀκτή-

2047 4523 2204 4586 tales,
2259 4522 2329 4576 ab
2394 4521 2515 4591 ipso
2569 4520 2764 4575 salutis
2814 4528 3017 4575 nostra:
3070 4519 3296 4574 Vindice
3338 4519 3611 4576 audiunt:

367 4623 513 4676 μων,
551 4604 643 4658 ἐπὶ
675 4604 778 4672 γῆς
822 4604 919 4674 μὲν
955 4603 1324 4668 πολιτεύεται,
1350 4601 1448 4674 τὴν
1475 4601 1529 4656 δὲ
1559 4602 1842 4674 διατριϐὴν
1882 4604 1940 4656 ὲν

2052 4632 2070 4664 ι
2097 4612 2235 4683 Quia
2259 4628 2360 4671 vos
2394 4610 2489 4683 qui
2527 4612 2831 4682 reliquistis
2884 4610 3068 4667 omnia
3132 4619 3188 4666 et
3216 4610 3218 4613 ’
3251 4612 3428 4667 secuti
3482 4613 3615 4668 estis
3692 4602 3700 4611 ’

361 4695 622 4764 οὐρανοῖς
671 4693 955 4762 κέκτηται.
988 4694 1089 4746 Διὰ
1129 4692 1239 4763 γὰρ
1272 4694 1369 4762 τῆς
1416 4691 1801 4762 ἀκτημοσύνης
1828 4692 1940 4754 τοῖς

2047 4722 2134 4762 me
2154 4706 2222 4772 ‘°,
2268 4705 2655 4783 igmultiplicia
2682 4705 2965 4776 accipietis
2996 4705 3049 4759 in
3083 4704 3285 4760 saeculo
3318 4704 3446 4770 isto,
3477 4714 3534 4761 et
3558 4705 3615 4760 in

361 4784 623 4851 ἀγγέλοις
647 4784 1061 4853 συναμιλλᾶται,
1088 4784 1181 4837 καὶ
1205 4785 1316 4845 τοῖς
1341 4782 1570 4846 δικαίοις
1598 4781 1933 4853 συγχορεύει.

2047 4798 2228 4853 futuro
2255 4781 2421 4854 vitam
2447 4806 2731 4853 aeternam.
2763 4797 2865 4864 Qui
2897 4797 3057 4867 ineps
3081 4806 3186 4862 est,
3217 4812 3384 4868 super
3409 4805 3614 4852 terram

375 4876 888 4949 Ἀποστρεφόμενος
941 4876 1051 4947 γὰρ
1117 4875 1178 4930 τὰ
1229 4876 1466 4959 ἐπίγεια,
1519 4874 1588 4928 τὰ
1637 4876 1936 4945 ἐπουράνια

2047 4889 2267 4960 quidem
2325 4897 2612 4954 versatur,
2681 4889 3162 4945 conversationem
3213 4904 3347 4945 vero
3384 4890 3496 4959 jam
3557 4891 3613 4944 in

363 4969 725 5039 ςαντάζεται.
774 4970 885 5039 Οὐχ
916 4971 1049 5040 ὁρᾷς
1081 4968 1221 5038 πόση
1250 4967 1482 5038 διαφορά
1523 4967 1614 5021 τοῦ
1647 4969 1934 5022 ἀπολιπεῖν

2047 4982 2197 5037 caelis
2232 4980 2337 5035 sibi
2370 4980 2750 5051 comparavit:
2790 4980 2991 5050 inopiae
3020 4980 3169 5035 enim
3206 4979 3425 5043 merito,
3487 4996 3613 5039 cum

362 5063 439 5114 τά
489 5061 847 5131 ὀλιγοχρόνια,
888 5062 983 5114 καὶ
1039 5059 1188 5124 ἐντὸς
1237 5059 1491 5127 γενέσθαι
1543 5058 1671 5137 τῶν,
1699 5060 1934 5113 αἰωνίων

2047 5071 2250 5143 angelis
2284 5072 2641 5142 congreditur
2684 5071 3051 5134 familiariter,
3084 5071 3255 5126 choro
3287 5079 3615 5124 accensetur

364 5152 592 5218 ἀγαθῶν
612 5169 626 5181 ·
677 5152 996 5207 καταλιπεῖν
1041 5150 1108 5206 τά
1139 5151 1375 5223 φθαρτὰ,
1410 5150 1506 5206 καὶ
1531 5151 1939 5221 κληρονομῆσαι

2047 5165 2332 5232 iustorum.
2396 5163 2609 5233 1170
2655 5164 2792 5217 Dum
2847 5163 2993 5217 enim
3037 5161 3155 5215 haec
3218 5169 3503 5214 aversatur
3559 5170 3616 5215 et

363 5247 439 5298 τὰ
490 5245 774 5316 ἄφθαρτα·
828 5242 1148 5300 καταλιπεῖν
1185 5247 1251 5300 τά
1304 5246 1379 5317 μὴ
1419 5247 1682 5317 ἡμέτερα,
1730 5246 1827 5299 καὶ
1881 5249 1940 5301 ὲν

2047 5249 2294 5320 repudiat
2319 5257 2561 5319 terrena,
2603 5252 2687 5306 vel
2720 5251 2834 5320 ipsa
2862 5247 3253 5317 imaginatione
3277 5248 3485 5318 colligit
3501 5249 3612 5319 jam

363 5339 667 5392 ἀπολαύσει
711 5339 964 5407 γενέσθαι
1013 5340 1123 5392 τῶν
1172 5340 1593 5410 ἡτοιμασμένων
1642 5340 1754 5402 τοῖς
1805 5341 1941 5408 ἀγα-

2047 5349 2096 5395 ει
2129 5342 2537 5412 contemplatur
2558 5342 2826 5397 caelestia.
2859 5340 2980 5395 Non
3010 5338 3169 5395 vides
3213 5347 3423 5410 quanto
3466 5339 3614 5396 inter

366 5428 517 5482 σπῶσι
544 5430 632 5483 τὸν
669 5431 799 5483 Θεὸν
820 5449 832 5464 ·
864 5430 1302 5502 [καταλιπεῖν,τά
1325 5433 1515 5500 ὁρατὰ,
1540 5430 1842 5501 λαμϐάνειν
1868 5431 1937 5484 τὰ

2047 5447 2098 5488 se
2125 5433 2429 5489 dissideant
2451 5434 2795 5497 discrimine,
2820 5433 2937 5487 haec
2975 5430 3291 5487 corruutiva
3312 5430 3611 5491 dimisisse.

440 5587 486 5656 ξε
508 5585 550 5638 ll
577 5583 705 5639 Cor.
739 5602 811 5647 vi,
841 5588 955 5641 ‘2-7.
1033 5587 1076 5618 ¹⁹
1100 5586 1301 5656 Ephes.
1322 5589 1454 5654 “,6,
1484 5586 1538 5639 7.
1556 5587 1636 5642 “l
1658 5587 1784 5643 (Lor.
1816 5603 1906 5649 xv,
1930 5587 2017 5642 58.
2096 5587 2136 5619 ³³
2169 5586 2211 5641 ll
2234 5588 2374 5642 Tim.
2411 5604 2485 5644 IV.
2515 5586 2567 5641 5.
2636 5585 2871 5656 "Rom.
2893 5601 2981 5656 xv,
3007 5585 3094 5639 5i.
3140 5583 3219 5656 __”
3242 5581 3410 5656 Hebr.
3431 5580 3612 5656 περ.

363 5651 455 5711 ³η
493 5657 641 5711 Pctr.
666 5671 739 5718 iV,
768 5655 850 5709 10.
927 5659 970 5690 ³⁸
1010 5650 1159 5712 ἰωὰ(
1183 5660 1267 5712 ll.
1347 5650 1391 5690 ³⁸
1413 5650 1685 5723 Ιοοιι.κίι,
1720 5658 1809 5712 26.
1887 5660 1927 5691 ³⁷

360 5720 418 5753 ⁴“
451 5722 585 5778 Luc.
618 5739 764 5788 xvm,
787 5725 874 5781 28.

2047 5672 2087 5712 c.
2114 5674 2244 5724 xm,
2280 5658 2369 5711 27.
2481 5658 2524 5690 ⁸⁸
2556 5655 2754 5711 Matth.
2777 5672 2868 5725 xx,
2892 5655 2987 5715 28;
3085 5654 3326 5710 “Matth.
3360 5668 3483 5719 xix,
3519 5650 3611 5711 27.

691 5815 957 5881 ΡΑΤιιοι..
1002 5821 1117 5881 Gn.
1164 5821 1500 5887 LXXXIX,
3087 5877 3115 5895 ι,
3296 5818 3372 5878 5ῐι
