  <div class='ocr_page' id='page_1' title='image "/cluster/home/n/w/nwhite01/storage/ocr_20150623/89/mdp.39015008868328/884.png"; bbox 0 0 3918 6106; ppageno 0'>
   <div class='ocr_carea' id='block_1_1' title="bbox 369 352 517 434">
    <p class='ocr_par' dir='ltr' id='par_1_1' title="bbox 369 352 517 434">
     <span class='ocr_line' id='line_1_1' title="bbox 369 352 517 434; baseline 0.02 -4"><span class='ocrx_word' id='word_1_1' title='bbox 369 352 517 434; x_wconf 74' lang='lat'><strong>1713‘</strong></span> 
     </span>
    </p>
   </div>
   <div class='ocr_carea' id='block_1_2' title="bbox 888 358 3062 432">
    <p class='ocr_par' dir='ltr' id='par_1_2' title="bbox 888 358 3062 432">
     <span class='ocr_line' id='line_1_2' title="bbox 888 358 3062 432; baseline -0.001 -2"><span class='ocrx_word' id='word_1_2' title='bbox 888 358 1246 430; x_wconf 70' lang='lat' dir='ltr'><strong>EOMILIA</strong></span> <span class='ocrx_word' id='word_1_3' title='bbox 1282 369 1464 431; x_wconf 79' lang='lat' dir='ltr'><strong>XCII.</strong></span> <span class='ocrx_word' id='word_1_4' title='bbox 1494 395 1562 405; x_wconf 91' lang='grc'><strong>-</strong></span> <span class='ocrx_word' id='word_1_5' title='bbox 1595 371 2056 432; x_wconf 74' lang='lat' dir='ltr'><strong>CALAMITATI</strong></span> <span class='ocrx_word' id='word_1_6' title='bbox 2101 366 2405 431; x_wconf 63' lang='lat' dir='ltr'><strong>ALIENE</strong></span> <span class='ocrx_word' id='word_1_7' title='bbox 2442 361 3062 431; x_wconf 80' lang='lat' dir='ltr'><strong>COMPATIENDUM.</strong></span> 
     </span>
    </p>
   </div>
   <div class='ocr_carea' id='block_1_3' title="bbox 3488 357 3622 424">
    <p class='ocr_par' dir='ltr' id='par_1_3' title="bbox 3488 357 3622 424">
     <span class='ocr_line' id='line_1_3' title="bbox 3488 357 3622 424; baseline -0.015 -1"><span class='ocrx_word' id='word_1_8' title='bbox 3488 360 3546 424; x_wconf 85' lang='lat' dir='ltr'><strong>l7</strong></span> <span class='ocrx_word' id='word_1_9' title='bbox 3562 357 3622 422; x_wconf 66' lang='lat' dir='ltr'><strong>ll</strong></span> 
     </span>
    </p>
   </div>
   <div class='ocr_carea' id='block_1_4' title="bbox 363 478 1957 559">
    <p class='ocr_par' dir='ltr' id='par_1_4' title="bbox 363 485 1947 559">
     <span class='ocr_line' id='line_1_4' title="bbox 363 485 1947 559; baseline 0.001 -20"><span class='ocrx_word' id='word_1_10' title='bbox 363 487 600 559; x_wconf 73' lang='grc' dir='ltr'>κρίσεως</span> <span class='ocrx_word' id='word_1_11' title='bbox 637 504 655 536; x_wconf 70' lang='grc' dir='ltr'><strong>ι</strong></span> <span class='ocrx_word' id='word_1_12' title='bbox 689 486 936 554; x_wconf 76' lang='grc' dir='ltr'><strong>γινώσκει</strong></span> <span class='ocrx_word' id='word_1_13' title='bbox 980 486 1199 554; x_wconf 74' lang='grc' dir='ltr'>καρδία</span> <span class='ocrx_word' id='word_1_14' title='bbox 1252 485 1441 556; x_wconf 75' lang='grc' dir='ltr'>σοφοῦ,</span> <span class='ocrx_word' id='word_1_15' title='bbox 1474 490 1569 541; x_wconf 70' lang='grc' dir='ltr'>καὶ</span> <span class='ocrx_word' id='word_1_16' title='bbox 1618 488 1776 542; x_wconf 81' lang='grc' dir='ltr'>τοῦτο</span> <span class='ocrx_word' id='word_1_17' title='bbox 1819 490 1947 541; x_wconf 83' lang='grc' dir='ltr'>ὅταν</span> 
     </span>
    </p>
   </div>
   <div class='ocr_carea' id='block_1_5' title="bbox 2062 478 3619 559">
    <p class='ocr_par' dir='ltr' id='par_1_5' title="bbox 2062 478 3619 555">
     <span class='ocr_line' id='line_1_5' title="bbox 2062 478 3619 555; baseline -0.007 -12"><span class='ocrx_word' id='word_1_18' title='bbox 2062 490 2259 545; x_wconf 65' lang='grc' dir='ltr'>ιίοιιιιιη</span> <span class='ocrx_word' id='word_1_19' title='bbox 2287 493 2538 543; x_wconf 80' lang='lat' dir='ltr'><strong>armatus</strong></span> <span class='ocrx_word' id='word_1_20' title='bbox 2571 484 2712 540; x_wconf 86' lang='lat' dir='ltr'><strong>telis.</strong></span> <span class='ocrx_word' id='word_1_21' title='bbox 2767 504 2784 536; x_wconf 85' lang='grc' dir='ltr'><strong>ι</strong></span> <span class='ocrx_word' id='word_1_22' title='bbox 2824 486 3065 555; x_wconf 88' lang='lat' dir='ltr'><strong>Tempus</strong></span> <span class='ocrx_word' id='word_1_23' title='bbox 3087 479 3451 554; x_wconf 59' lang='lat' dir='ltr'><strong>pacis-&quot;pubi</strong></span> <span class='ocrx_word' id='word_1_24' title='bbox 3503 478 3619 532; x_wconf 82' lang='lat' dir='ltr'><strong>dis-</strong></span> 
     </span>
    </p>
   </div>
   <div class='ocr_carea' id='block_1_6' title="bbox 364 568 1945 651">
    <p class='ocr_par' dir='ltr' id='par_1_6' title="bbox 364 568 1945 651">
     <span class='ocr_line' id='line_1_6' title="bbox 364 568 1945 651; baseline 0.001 -21"><span class='ocrx_word' id='word_1_25' title='bbox 364 568 743 646; x_wconf 73' lang='grc' dir='ltr'>ὲλευθεροῧται</span> <span class='ocrx_word' id='word_1_26' title='bbox 769 579 865 647; x_wconf 76' lang='grc' dir='ltr'>τῆς</span> <span class='ocrx_word' id='word_1_27' title='bbox 912 575 1119 646; x_wconf 85' lang='grc' dir='ltr'>πλάνης</span> <span class='ocrx_word' id='word_1_28' title='bbox 1155 578 1252 631; x_wconf 73' lang='grc' dir='ltr'>καὶ</span> <span class='ocrx_word' id='word_1_29' title='bbox 1280 579 1390 631; x_wconf 84' lang='grc' dir='ltr'>τῶν</span> <span class='ocrx_word' id='word_1_30' title='bbox 1425 578 1614 632; x_wconf 85' lang='grc' dir='ltr'>παθῶν</span> <span class='ocrx_word' id='word_1_31' title='bbox 1635 596 1648 610; x_wconf 87' lang='grc'><strong>·</strong></span> <span class='ocrx_word' id='word_1_32' title='bbox 1680 580 1945 651; x_wconf 77' lang='grc' dir='ltr'>χαίρουσα</span> 
     </span>
    </p>
   </div>
   <div class='ocr_carea' id='block_1_7' title="bbox 361 667 1948 738">
    <p class='ocr_par' dir='ltr' id='par_1_7' title="bbox 361 667 1948 738">
     <span class='ocr_line' id='line_1_7' title="bbox 361 667 1948 738; baseline 0.004 -20"><span class='ocrx_word' id='word_1_33' title='bbox 361 669 401 737; x_wconf 74' lang='grc' dir='ltr'><strong>ἡ</strong></span> <span class='ocrx_word' id='word_1_34' title='bbox 430 667 578 736; x_wconf 74' lang='grc' dir='ltr'>ψυχὴ</span> <span class='ocrx_word' id='word_1_35' title='bbox 610 667 758 734; x_wconf 83' lang='grc' dir='ltr'><strong>λέγει</strong></span> <span class='ocrx_word' id='word_1_36' title='bbox 785 683 797 696; x_wconf 76' lang='grc' dir='ltr'><strong><em>ο</em></strong></span> <span class='ocrx_word' id='word_1_37' title='bbox 837 686 855 718; x_wconf 79' lang='grc' dir='ltr'><strong>σ</strong></span> <span class='ocrx_word' id='word_1_38' title='bbox 891 668 1147 738; x_wconf 84' lang='grc' dir='ltr'>Ἔκρινέν</span> <span class='ocrx_word' id='word_1_39' title='bbox 1182 685 1271 737; x_wconf 89' lang='grc' dir='ltr'><strong>μοι</strong></span> <span class='ocrx_word' id='word_1_40' title='bbox 1296 671 1324 722; x_wconf 87' lang='lat'><strong>6</strong></span> <span class='ocrx_word' id='word_1_41' title='bbox 1351 668 1504 734; x_wconf 81' lang='grc' dir='ltr'>Θεὸς,</span> <span class='ocrx_word' id='word_1_42' title='bbox 1535 670 1642 724; x_wconf 80' lang='grc' dir='ltr'><strong>ἀπὸ</strong></span> <span class='ocrx_word' id='word_1_43' title='bbox 1673 671 1766 723; x_wconf 81' lang='grc' dir='ltr'>τοῦ</span> <span class='ocrx_word' id='word_1_44' title='bbox 1798 672 1948 725; x_wconf 83' lang='grc' dir='ltr'>ἀντι-</span> 
     </span>
    </p>
   </div>
   <div class='ocr_carea' id='block_1_8' title="bbox 360 759 1949 833">
    <p class='ocr_par' dir='ltr' id='par_1_8' title="bbox 360 759 1949 833">
     <span class='ocr_line' id='line_1_8' title="bbox 360 759 1949 833; baseline 0.003 -22"><span class='ocrx_word' id='word_1_45' title='bbox 360 759 520 811; x_wconf 84' lang='grc' dir='ltr'>δίκου</span> <span class='ocrx_word' id='word_1_46' title='bbox 570 776 699 827; x_wconf 86' lang='grc' dir='ltr'>μου,</span> <span class='ocrx_word' id='word_1_47' title='bbox 728 759 810 812; x_wconf 81' lang='grc' dir='ltr'>ὅτι</span> <span class='ocrx_word' id='word_1_48' title='bbox 863 762 1026 812; x_wconf 71' lang='grc' dir='ltr'>παντὶ</span> <span class='ocrx_word' id='word_1_49' title='bbox 1073 759 1366 831; x_wconf 78' lang='grc' dir='ltr'><strong>πράγματι</strong></span> <span class='ocrx_word' id='word_1_50' title='bbox 1420 761 1568 815; x_wconf 76' lang='grc' dir='ltr'>ἔστιν</span> <span class='ocrx_word' id='word_1_51' title='bbox 1618 761 1807 833; x_wconf 76' lang='grc' dir='ltr'>καιρὸς</span> <span class='ocrx_word' id='word_1_52' title='bbox 1853 763 1949 815; x_wconf 77' lang='grc' dir='ltr'>καὶ</span> 
     </span>
    </p>
   </div>
   <div class='ocr_carea' id='block_1_9' title="bbox 358 848 1948 927">
    <p class='ocr_par' dir='ltr' id='par_1_9' title="bbox 358 848 1948 927">
     <span class='ocr_line' id='line_1_9' title="bbox 358 848 1948 927; baseline 0.003 -25"><span class='ocrx_word' id='word_1_53' title='bbox 358 849 573 918; x_wconf 83' lang='grc' dir='ltr'>κρίσις,</span> <span class='ocrx_word' id='word_1_54' title='bbox 618 850 713 902; x_wconf 70' lang='grc' dir='ltr'>καὶ</span> <span class='ocrx_word' id='word_1_55' title='bbox 741 848 1043 920; x_wconf 80' lang='grc' dir='ltr'>άπάντημα</span> <span class='ocrx_word' id='word_1_56' title='bbox 1092 850 1151 902; x_wconf 83' lang='grc' dir='ltr'>ἓν</span> <span class='ocrx_word' id='word_1_57' title='bbox 1198 852 1591 923; x_wconf 81' lang='grc' dir='ltr'>συναντήσεται</span> <span class='ocrx_word' id='word_1_58' title='bbox 1636 856 1753 927; x_wconf 71' lang='grc' dir='ltr'>τοῖς</span> <span class='ocrx_word' id='word_1_59' title='bbox 1784 854 1948 907; x_wconf 76' lang='grc' dir='ltr'>πᾶσιν</span> 
     </span>
    </p>
   </div>
   <div class='ocr_carea' id='block_1_10' title="bbox 358 939 1946 1018">
    <p class='ocr_par' dir='ltr' id='par_1_10' title="bbox 358 939 1946 1018">
     <span class='ocr_line' id='line_1_10' title="bbox 358 939 1946 1018; baseline 0.004 -27"><span class='ocrx_word' id='word_1_60' title='bbox 358 939 577 1001; x_wconf 68' lang='grc' dir='ltr'>αὐτοῖς.</span> <span class='ocrx_word' id='word_1_61' title='bbox 616 959 630 991; x_wconf 78' lang='grc' dir='ltr'><strong>ι</strong></span> <span class='ocrx_word' id='word_1_62' title='bbox 668 941 777 993; x_wconf 72' lang='grc' dir='ltr'><strong>Καὶ</strong></span> <span class='ocrx_word' id='word_1_63' title='bbox 815 939 974 993; x_wconf 81' lang='grc' dir='ltr'>τοῦτο</span> <span class='ocrx_word' id='word_1_64' title='bbox 1018 942 1148 1013; x_wconf 80' lang='grc' dir='ltr'>περὶ</span> <span class='ocrx_word' id='word_1_65' title='bbox 1179 942 1278 1012; x_wconf 84' lang='grc' dir='ltr'>τῆς</span> <span class='ocrx_word' id='word_1_66' title='bbox 1306 942 1570 1014; x_wconf 82' lang='grc' dir='ltr'><strong>τελευτῆς</strong></span> <span class='ocrx_word' id='word_1_67' title='bbox 1603 944 1698 997; x_wconf 79' lang='grc' dir='ltr'><strong>τοῦ</strong></span> <span class='ocrx_word' id='word_1_68' title='bbox 1732 944 1946 1018; x_wconf 83' lang='grc' dir='ltr'>ἀνθρώ-</span> 
     </span>
    </p>
   </div>
   <div class='ocr_carea' id='block_1_11' title="bbox 358 1028 1947 1104">
    <p class='ocr_par' dir='ltr' id='par_1_11' title="bbox 358 1028 1947 1104">
     <span class='ocr_line' id='line_1_11' title="bbox 358 1028 1947 1104; baseline 0.005 -25"><span class='ocrx_word' id='word_1_69' title='bbox 358 1046 474 1081; x_wconf 74' lang='grc' dir='ltr'><strong>που</strong></span> <span class='ocrx_word' id='word_1_70' title='bbox 520 1029 691 1095; x_wconf 84' lang='grc' dir='ltr'><strong>λέγει,</strong></span> <span class='ocrx_word' id='word_1_71' title='bbox 733 1028 819 1081; x_wconf 82' lang='grc' dir='ltr'>διὰ</span> <span class='ocrx_word' id='word_1_72' title='bbox 862 1028 924 1081; x_wconf 85' lang='grc' dir='ltr'>τὸ</span> <span class='ocrx_word' id='word_1_73' title='bbox 969 1029 1168 1101; x_wconf 75' lang='grc' dir='ltr'>ἄδηλον</span> <span class='ocrx_word' id='word_1_74' title='bbox 1212 1029 1307 1083; x_wconf 82' lang='grc' dir='ltr'>τοῦ</span> <span class='ocrx_word' id='word_1_75' title='bbox 1354 1031 1491 1101; x_wconf 77' lang='grc' dir='ltr'>βίου.</span> <span class='ocrx_word' id='word_1_76' title='bbox 1546 1033 1773 1101; x_wconf 81' lang='grc' dir='ltr'>Ἐπάγει</span> <span class='ocrx_word' id='word_1_77' title='bbox 1819 1033 1947 1104; x_wconf 83' lang='grc' dir='ltr'>γὰρ,</span> 
     </span>
    </p>
   </div>
   <div class='ocr_carea' id='block_1_12' title="bbox 364 1104 1950 1193">
    <p class='ocr_par' dir='ltr' id='par_1_12' title="bbox 364 1104 1950 1193">
     <span class='ocr_line' id='line_1_12' title="bbox 364 1104 1950 1193; baseline 0.005 -26"><span class='ocrx_word' id='word_1_78' title='bbox 364 1136 384 1167; x_wconf 71' lang='grc' dir='ltr'>ς</span> <span class='ocrx_word' id='word_1_79' title='bbox 426 1118 561 1171; x_wconf 77' lang='grc' dir='ltr'>Ὅτι</span> <span class='ocrx_word' id='word_1_80' title='bbox 592 1119 691 1171; x_wconf 85' lang='grc' dir='ltr'>οὑκ</span> <span class='ocrx_word' id='word_1_81' title='bbox 724 1118 867 1187; x_wconf 74' lang='grc' dir='ltr'>ἔγνω</span> <span class='ocrx_word' id='word_1_82' title='bbox 896 1119 1186 1191; x_wconf 77' lang='grc' dir='ltr'>ἄνθρωπος</span> <span class='ocrx_word' id='word_1_83' title='bbox 1213 1123 1305 1174; x_wconf 83' lang='grc' dir='ltr'><strong>τδν</strong></span> <span class='ocrx_word' id='word_1_84' title='bbox 1349 1122 1542 1193; x_wconf 78' lang='grc' dir='ltr'>καιρὸν</span> <span class='ocrx_word' id='word_1_85' title='bbox 1574 1104 1759 1187; x_wconf 75' lang='grc' dir='ltr'>αὐτοῦ,</span> <span class='ocrx_word' id='word_1_86' title='bbox 1791 1123 1865 1186; x_wconf 78' lang='grc' dir='ltr'>ὼς</span> <span class='ocrx_word' id='word_1_87' title='bbox 1900 1124 1950 1175; x_wconf 79' lang='grc' dir='ltr'>οἱ</span> 
     </span>
    </p>
   </div>
   <div class='ocr_carea' id='block_1_13' title="bbox 361 1209 1943 1285">
    <p class='ocr_par' dir='ltr' id='par_1_13' title="bbox 361 1209 1943 1285">
     <span class='ocr_line' id='line_1_13' title="bbox 361 1209 1943 1285; baseline 0.004 -23"><span class='ocrx_word' id='word_1_88' title='bbox 361 1209 561 1279; x_wconf 78' lang='grc' dir='ltr'>ξχθύες</span> <span class='ocrx_word' id='word_1_89' title='bbox 590 1212 639 1263; x_wconf 82' lang='grc' dir='ltr'>οἱ</span> <span class='ocrx_word' id='word_1_90' title='bbox 670 1210 1028 1282; x_wconf 83' lang='grc' dir='ltr'>θηρευόμενοι</span> <span class='ocrx_word' id='word_1_91' title='bbox 1055 1215 1113 1266; x_wconf 84' lang='grc' dir='ltr'>ὲν</span> <span class='ocrx_word' id='word_1_92' title='bbox 1133 1213 1584 1285; x_wconf 70' lang='grc' dir='ltr'>ἀμφιϐλήστρῳ.»</span> <span class='ocrx_word' id='word_1_93' title='bbox 1609 1215 1720 1268; x_wconf 72' lang='grc' dir='ltr'><strong>Καὶ</strong></span> <span class='ocrx_word' id='word_1_94' title='bbox 1751 1210 1908 1278; x_wconf 81' lang='grc' dir='ltr'>αὖθις</span> <span class='ocrx_word' id='word_1_95' title='bbox 1931 1234 1943 1245; x_wconf 93' lang='grc'><strong>·</strong></span> 
     </span>
    </p>
   </div>
   <div class='ocr_carea' id='block_1_14' title="bbox 365 1298 1953 1377">
    <p class='ocr_par' dir='ltr' id='par_1_14' title="bbox 365 1298 1953 1377">
     <span class='ocr_line' id='line_1_14' title="bbox 365 1298 1953 1377; baseline 0.004 -23"><span class='ocrx_word' id='word_1_96' title='bbox 365 1321 385 1353; x_wconf 73' lang='grc' dir='ltr'><strong>ι</strong></span> <span class='ocrx_word' id='word_1_97' title='bbox 446 1298 605 1355; x_wconf 80' lang='grc' dir='ltr'>Εἶδον</span> <span class='ocrx_word' id='word_1_98' title='bbox 636 1303 813 1357; x_wconf 85' lang='grc' dir='ltr'>πάντα</span> <span class='ocrx_word' id='word_1_99' title='bbox 845 1304 941 1358; x_wconf 84' lang='grc' dir='ltr'>τὸν</span> <span class='ocrx_word' id='word_1_100' title='bbox 994 1307 1376 1377; x_wconf 84' lang='grc' dir='ltr'>περισσασμδν</span> <span class='ocrx_word' id='word_1_101' title='bbox 1408 1306 1466 1361; x_wconf 80' lang='grc' dir='ltr'>ὃν</span> <span class='ocrx_word' id='word_1_102' title='bbox 1502 1307 1702 1361; x_wconf 74' lang='grc' dir='ltr'>ἔδωκεν</span> <span class='ocrx_word' id='word_1_103' title='bbox 1747 1310 1776 1360; x_wconf 98' lang='lat'><strong>6</strong></span> <span class='ocrx_word' id='word_1_104' title='bbox 1820 1309 1953 1373; x_wconf 86' lang='grc' dir='ltr'>Θεὸς</span> 
     </span>
    </p>
   </div>
   <div class='ocr_carea' id='block_1_15' title="bbox 354 1395 1946 1471">
    <p class='ocr_par' dir='ltr' id='par_1_15' title="bbox 354 1395 1946 1471">
     <span class='ocr_line' id='line_1_15' title="bbox 354 1395 1946 1471; baseline 0.005 -26"><span class='ocrx_word' id='word_1_105' title='bbox 354 1395 483 1456; x_wconf 81' lang='grc' dir='ltr'>τοῖς</span> <span class='ocrx_word' id='word_1_106' title='bbox 519 1396 655 1457; x_wconf 76' lang='grc' dir='ltr'>υἱοῖς</span> <span class='ocrx_word' id='word_1_107' title='bbox 686 1395 793 1448; x_wconf 83' lang='grc' dir='ltr'><strong>τῶν</strong></span> <span class='ocrx_word' id='word_1_108' title='bbox 821 1396 1145 1468; x_wconf 77' lang='grc' dir='ltr'>ἀνθρώπων,</span> <span class='ocrx_word' id='word_1_109' title='bbox 1168 1400 1228 1452; x_wconf 86' lang='grc' dir='ltr'>τὸ</span> <span class='ocrx_word' id='word_1_110' title='bbox 1250 1398 1618 1469; x_wconf 82' lang='grc' dir='ltr'>περισσᾶσθαι</span> <span class='ocrx_word' id='word_1_111' title='bbox 1646 1401 1704 1452; x_wconf 82' lang='grc' dir='ltr'>ὲν</span> <span class='ocrx_word' id='word_1_112' title='bbox 1726 1400 1894 1471; x_wconf 77' lang='grc' dir='ltr'>αὐτῷ.</span> <span class='ocrx_word' id='word_1_113' title='bbox 1927 1421 1946 1453; x_wconf 73' lang='grc' dir='ltr'><strong>ι</strong></span> 
     </span>
    </p>
   </div>
   <div class='ocr_carea' id='block_1_16' title="bbox 357 1485 1949 1563">
    <p class='ocr_par' dir='ltr' id='par_1_16' title="bbox 357 1485 1949 1563">
     <span class='ocr_line' id='line_1_16' title="bbox 357 1485 1949 1563; baseline 0.006 -27"><span class='ocrx_word' id='word_1_114' title='bbox 357 1485 442 1538; x_wconf 87' lang='grc' dir='ltr'>Τδ</span> <span class='ocrx_word' id='word_1_115' title='bbox 474 1486 537 1539; x_wconf 81' lang='grc' dir='ltr'>δὲ</span> <span class='ocrx_word' id='word_1_116' title='bbox 567 1487 812 1551; x_wconf 76' lang='grc' dir='ltr'>ἔδωκεν,</span> <span class='ocrx_word' id='word_1_117' title='bbox 850 1489 973 1541; x_wconf 69' lang='grc' dir='ltr'>ἀντὶ</span> <span class='ocrx_word' id='word_1_118' title='bbox 1001 1488 1116 1553; x_wconf 80' lang='grc' dir='ltr'>τοῦ,</span> <span class='ocrx_word' id='word_1_119' title='bbox 1153 1489 1600 1559; x_wconf 77' lang='grc' dir='ltr'><strong>συνεχώρησεν,</strong></span> <span class='ocrx_word' id='word_1_120' title='bbox 1633 1491 1949 1563; x_wconf 78' lang='grc' dir='ltr'>ἐκληπτέον.</span> 
     </span>
    </p>
   </div>
   <div class='ocr_carea' id='block_1_17' title="bbox 359 1572 1953 1655">
    <p class='ocr_par' dir='ltr' id='par_1_17' title="bbox 359 1572 1953 1655">
     <span class='ocr_line' id='line_1_17' title="bbox 359 1572 1953 1655; baseline 0.006 -29"><span class='ocrx_word' id='word_1_121' title='bbox 359 1575 559 1627; x_wconf 69' lang='grc' dir='ltr'>Καλὸν</span> <span class='ocrx_word' id='word_1_122' title='bbox 588 1572 701 1641; x_wconf 79' lang='grc' dir='ltr'>οὖν,</span> <span class='ocrx_word' id='word_1_123' title='bbox 734 1577 824 1630; x_wconf 78' lang='grc' dir='ltr'>καὶ</span> <span class='ocrx_word' id='word_1_124' title='bbox 853 1578 1213 1632; x_wconf 86' lang='grc' dir='ltr'>εὐαπόδεκτόν</span> <span class='ocrx_word' id='word_1_125' title='bbox 1257 1582 1408 1634; x_wconf 76' lang='grc' dir='ltr'>ἐστιν</span> <span class='ocrx_word' id='word_1_126' title='bbox 1434 1584 1607 1634; x_wconf 80' lang='grc' dir='ltr'>ποιεῖν</span> <span class='ocrx_word' id='word_1_127' title='bbox 1632 1576 1694 1635; x_wconf 72' lang='grc' dir='ltr'>τὸ</span> <span class='ocrx_word' id='word_1_128' title='bbox 1722 1584 1953 1655; x_wconf 73' lang='grc' dir='ltr'>εἰρημέ-</span> 
     </span>
    </p>
   </div>
   <div class='ocr_carea' id='block_1_18' title="bbox 358 1658 1955 1744">
    <p class='ocr_par' dir='ltr' id='par_1_18' title="bbox 358 1658 1955 1744">
     <span class='ocr_line' id='line_1_18' title="bbox 358 1658 1955 1744; baseline 0.008 -27"><span class='ocrx_word' id='word_1_129' title='bbox 358 1683 485 1719; x_wconf 91' lang='grc' dir='ltr'>νον.</span> <span class='ocrx_word' id='word_1_130' title='bbox 523 1668 807 1720; x_wconf 81' lang='grc' dir='ltr'><strong>Ἔστωσαν</strong></span> <span class='ocrx_word' id='word_1_131' title='bbox 836 1668 966 1740; x_wconf 76' lang='grc' dir='ltr'>γὰρ,</span> <span class='ocrx_word' id='word_1_132' title='bbox 995 1670 1152 1738; x_wconf 78' lang='grc' dir='ltr'>φησὶ,</span> <span class='ocrx_word' id='word_1_133' title='bbox 1179 1672 1237 1724; x_wconf 77' lang='grc' dir='ltr'>ὲν</span> <span class='ocrx_word' id='word_1_134' title='bbox 1268 1671 1432 1739; x_wconf 78' lang='grc' dir='ltr'>παντὶ</span> <span class='ocrx_word' id='word_1_135' title='bbox 1460 1658 1734 1744; x_wconf 80' lang='grc' dir='ltr'>καιρῷτὰ</span> <span class='ocrx_word' id='word_1_136' title='bbox 1764 1674 1955 1743; x_wconf 76' lang='grc' dir='ltr'>ἱμάτιά</span> 
     </span>
    </p>
   </div>
   <div class='ocr_carea' id='block_1_19' title="bbox 362 1753 1954 1835">
    <p class='ocr_par' dir='ltr' id='par_1_19' title="bbox 362 1753 1954 1835">
     <span class='ocr_line' id='line_1_19' title="bbox 362 1753 1954 1835; baseline 0.006 -27"><span class='ocrx_word' id='word_1_137' title='bbox 362 1774 468 1810; x_wconf 84' lang='grc' dir='ltr'><strong>σου</strong></span> <span class='ocrx_word' id='word_1_138' title='bbox 503 1758 694 1824; x_wconf 80' lang='grc' dir='ltr'>λευκὰ,</span> <span class='ocrx_word' id='word_1_139' title='bbox 722 1760 816 1813; x_wconf 75' lang='grc' dir='ltr'>καὶ</span> <span class='ocrx_word' id='word_1_140' title='bbox 845 1760 1023 1815; x_wconf 78' lang='grc' dir='ltr'>ἔλαιον</span> <span class='ocrx_word' id='word_1_141' title='bbox 1047 1762 1141 1814; x_wconf 79' lang='grc' dir='ltr'><strong>ἐπὶ</strong></span> <span class='ocrx_word' id='word_1_142' title='bbox 1168 1753 1267 1833; x_wconf 69' lang='grc' dir='ltr'>τῆς</span> <span class='ocrx_word' id='word_1_143' title='bbox 1299 1764 1541 1835; x_wconf 80' lang='grc' dir='ltr'><strong>κεφαλῆς</strong></span> <span class='ocrx_word' id='word_1_144' title='bbox 1569 1782 1662 1818; x_wconf 87' lang='grc' dir='ltr'><strong>σου</strong></span> <span class='ocrx_word' id='word_1_145' title='bbox 1695 1764 1769 1835; x_wconf 84' lang='grc' dir='ltr'><strong>μὴ</strong></span> <span class='ocrx_word' id='word_1_146' title='bbox 1799 1765 1954 1818; x_wconf 72' lang='grc' dir='ltr'>ὑστε-</span> 
     </span>
    </p>
   </div>
   <div class='ocr_carea' id='block_1_20' title="bbox 2047 569 3623 643">
    <p class='ocr_par' dir='ltr' id='par_1_20' title="bbox 2047 569 3623 643">
     <span class='ocr_line' id='line_1_20' title="bbox 2047 569 3623 643; baseline -0.011 -5"><span class='ocrx_word' id='word_1_147' title='bbox 2047 598 2205 638; x_wconf 88' lang='lat' dir='ltr'><strong>cussa</strong></span> <span class='ocrx_word' id='word_1_148' title='bbox 2236 574 2606 637; x_wconf 84' lang='lat' dir='ltr'><strong>lentationum</strong></span> <span class='ocrx_word' id='word_1_149' title='bbox 2645 578 2814 643; x_wconf 89' lang='lat' dir='ltr'><strong>nube,</strong></span> <span class='ocrx_word' id='word_1_150' title='bbox 2844 575 3120 631; x_wconf 84' lang='lat' dir='ltr'><strong>serenitas</strong></span> <span class='ocrx_word' id='word_1_151' title='bbox 3168 587 3381 627; x_wconf 73' lang='lat' dir='ltr'><strong>ammna</strong></span> <span class='ocrx_word' id='word_1_152' title='bbox 3422 569 3623 623; x_wconf 77' lang='lat' dir='ltr'><strong>divina:</strong></span> 
     </span>
    </p>
   </div>
   <div class='ocr_carea' id='block_1_21' title="bbox 2047 659 3621 744">
    <p class='ocr_par' dir='ltr' id='par_1_21' title="bbox 2047 659 3621 744">
     <span class='ocr_line' id='line_1_21' title="bbox 2047 659 3621 744; baseline -0.011 -15"><span class='ocrx_word' id='word_1_153' title='bbox 2047 674 2237 744; x_wconf 71' lang='lat' dir='ltr'><strong>gratiae</strong></span> <span class='ocrx_word' id='word_1_154' title='bbox 2265 671 2491 742; x_wconf 82' lang='lat' dir='ltr'><strong>atl‘ulget</strong></span> <span class='ocrx_word' id='word_1_155' title='bbox 2508 677 2565 725; x_wconf 90' lang='lat' dir='ltr'><strong>et</strong></span> <span class='ocrx_word' id='word_1_156' title='bbox 2619 667 2957 731; x_wconf 86' lang='lat' dir='ltr'><strong>inclarescit,</strong></span> <span class='ocrx_word' id='word_1_157' title='bbox 2988 663 3315 720; x_wconf 82' lang='lat' dir='ltr'><strong>incredibile</strong></span> <span class='ocrx_word' id='word_1_158' title='bbox 3359 659 3621 732; x_wconf 78' lang='lat' dir='ltr'><strong>gaudium</strong></span> 
     </span>
    </p>
   </div>
   <div class='ocr_carea' id='block_1_22' title="bbox 2048 751 3624 828">
    <p class='ocr_par' dir='ltr' id='par_1_22' title="bbox 2048 751 3624 828">
     <span class='ocr_line' id='line_1_22' title="bbox 2048 751 3624 828; baseline -0.01 -10"><span class='ocrx_word' id='word_1_159' title='bbox 2048 764 2299 818; x_wconf 82' lang='lat' dir='ltr'><strong>inserens</strong></span> <span class='ocrx_word' id='word_1_160' title='bbox 2359 761 2575 816; x_wconf 63' lang='lat' dir='ltr'><strong>animm.</strong></span> <span class='ocrx_word' id='word_1_161' title='bbox 2641 779 2661 811; x_wconf 75' lang='grc' dir='ltr'><strong>ι</strong></span> <span class='ocrx_word' id='word_1_162' title='bbox 2717 759 2959 828; x_wconf 90' lang='lat' dir='ltr'><strong>Tempus</strong></span> <span class='ocrx_word' id='word_1_163' title='bbox 3007 754 3202 827; x_wconf 84' lang='lat' dir='ltr'><strong>judicii</strong></span> <span class='ocrx_word' id='word_1_164' title='bbox 3247 772 3265 804; x_wconf 83' lang='grc'><strong>›</strong></span> <span class='ocrx_word' id='word_1_165' title='bbox 3322 751 3480 807; x_wconf 89' lang='lat' dir='ltr'><strong>novit</strong></span> <span class='ocrx_word' id='word_1_166' title='bbox 3528 763 3624 803; x_wconf 92' lang='lat' dir='ltr'><strong>cor</strong></span> 
     </span>
    </p>
   </div>
   <div class='ocr_carea' id='block_1_23' title="bbox 2049 842 3622 926">
    <p class='ocr_par' dir='ltr' id='par_1_23' title="bbox 2049 842 3622 926">
     <span class='ocr_line' id='line_1_23' title="bbox 2049 842 3622 926; baseline -0.013 -14"><span class='ocrx_word' id='word_1_167' title='bbox 2049 855 2334 926; x_wconf 78' lang='lat' dir='ltr'><strong>sapientis,</strong></span> <span class='ocrx_word' id='word_1_168' title='bbox 2364 854 2531 923; x_wconf 81' lang='lat' dir='ltr'><strong>idque</strong></span> <span class='ocrx_word' id='word_1_169' title='bbox 2562 868 2689 908; x_wconf 90' lang='lat' dir='ltr'><strong>cum</strong></span> <span class='ocrx_word' id='word_1_170' title='bbox 2723 867 2753 905; x_wconf 89' lang='lat' dir='ltr'><strong>a</strong></span> <span class='ocrx_word' id='word_1_171' title='bbox 2776 851 2923 904; x_wconf 88' lang='lat' dir='ltr'><strong>lucta</strong></span> <span class='ocrx_word' id='word_1_172' title='bbox 2947 863 3012 903; x_wconf 86' lang='lat' dir='ltr'><strong>ac</strong></span> <span class='ocrx_word' id='word_1_173' title='bbox 3046 844 3332 915; x_wconf 60' lang='lat' dir='ltr'><strong>multiiuga</strong></span> <span class='ocrx_word' id='word_1_174' title='bbox 3385 842 3622 910; x_wconf 68' lang='lat' dir='ltr'><strong>impreI-</strong></span> 
     </span>
    </p>
   </div>
   <div class='ocr_carea' id='block_1_24' title="bbox 2050 930 3621 1011">
    <p class='ocr_par' dir='ltr' id='par_1_24' title="bbox 2050 930 3621 1011">
     <span class='ocr_line' id='line_1_24' title="bbox 2050 930 3621 1011; baseline -0.008 -15"><span class='ocrx_word' id='word_1_175' title='bbox 2050 942 2206 997; x_wconf 88' lang='lat' dir='ltr'><strong>sione</strong></span> <span class='ocrx_word' id='word_1_176' title='bbox 2235 941 2545 1011; x_wconf 85' lang='lat' dir='ltr'><strong>passionem</strong></span> <span class='ocrx_word' id='word_1_177' title='bbox 2568 938 2950 1007; x_wconf 84' lang='lat' dir='ltr'><strong>emancipatur</strong></span> <span class='ocrx_word' id='word_1_178' title='bbox 2978 935 3159 989; x_wconf 82' lang='lat' dir='ltr'><strong>anima</strong></span> <span class='ocrx_word' id='word_1_179' title='bbox 3180 940 3237 987; x_wconf 87' lang='lat' dir='ltr'><strong>et</strong></span> <span class='ocrx_word' id='word_1_180' title='bbox 3260 931 3530 987; x_wconf 83' lang='lat' dir='ltr'><strong>asseritur</strong></span> <span class='ocrx_word' id='word_1_181' title='bbox 3564 930 3621 983; x_wconf 87' lang='lat' dir='ltr'><strong>in</strong></span> 
     </span>
    </p>
   </div>
   <div class='ocr_carea' id='block_1_25' title="bbox 2050 1020 3623 1101">
    <p class='ocr_par' dir='ltr' id='par_1_25' title="bbox 2050 1020 3623 1101">
     <span class='ocr_line' id='line_1_25' title="bbox 2050 1020 3623 1101; baseline -0.008 -16"><span class='ocrx_word' id='word_1_182' title='bbox 2050 1030 2392 1086; x_wconf 88' lang='lat' dir='ltr'><strong>libertatem:</strong></span> <span class='ocrx_word' id='word_1_183' title='bbox 2427 1028 2629 1101; x_wconf 88' lang='lat' dir='ltr'><strong>gaudio</strong></span> <span class='ocrx_word' id='word_1_184' title='bbox 2648 1028 2798 1083; x_wconf 79' lang='lat' dir='ltr'><strong>enim</strong></span> <span class='ocrx_word' id='word_1_185' title='bbox 2837 1025 3063 1096; x_wconf 80' lang='lat' dir='ltr'><strong>perfusa</strong></span> <span class='ocrx_word' id='word_1_186' title='bbox 3085 1024 3258 1080; x_wconf 89' lang='lat' dir='ltr'><strong>dicit:</strong></span> <span class='ocrx_word' id='word_1_187' title='bbox 3291 1042 3310 1074; x_wconf 77' lang='grc' dir='ltr'><strong>ι</strong></span> <span class='ocrx_word' id='word_1_188' title='bbox 3344 1020 3623 1077; x_wconf 85' lang='lat' dir='ltr'><strong>Judicavit</strong></span> 
     </span>
    </p>
   </div>
   <div class='ocr_carea' id='block_1_26' title="bbox 2052 1109 3626 1183">
    <p class='ocr_par' dir='ltr' id='par_1_26' title="bbox 2052 1109 3626 1183">
     <span class='ocr_line' id='line_1_26' title="bbox 2052 1109 3626 1183; baseline -0.008 -6"><span class='ocrx_word' id='word_1_189' title='bbox 2052 1123 2108 1177; x_wconf 93' lang='lat' dir='ltr'><strong>in</strong></span> <span class='ocrx_word' id='word_1_190' title='bbox 2139 1138 2225 1177; x_wconf 92' lang='lat' dir='ltr'><strong>me</strong></span> <span class='ocrx_word' id='word_1_191' title='bbox 2254 1121 2401 1177; x_wconf 91' lang='lat' dir='ltr'><strong>Deus</strong></span> <span class='ocrx_word' id='word_1_192' title='bbox 2427 1121 2496 1177; x_wconf 91' lang='lat' dir='ltr'><strong>de</strong></span> <span class='ocrx_word' id='word_1_193' title='bbox 2537 1118 2857 1174; x_wconf 88' lang='lat' dir='ltr'><strong>adversario</strong></span> <span class='ocrx_word' id='word_1_194' title='bbox 2902 1131 3045 1171; x_wconf 83' lang='lat' dir='ltr'><strong>meo.</strong></span> <span class='ocrx_word' id='word_1_195' title='bbox 3097 1114 3308 1183; x_wconf 86' lang='lat' dir='ltr'><strong>Cuique</strong></span> <span class='ocrx_word' id='word_1_196' title='bbox 3336 1112 3483 1167; x_wconf 91' lang='lat' dir='ltr'><strong>enim</strong></span> <span class='ocrx_word' id='word_1_197' title='bbox 3543 1109 3626 1165; x_wconf 86' lang='lat' dir='ltr'><strong>rei</strong></span> 
     </span>
    </p>
   </div>
   <div class='ocr_carea' id='block_1_27' title="bbox 2051 1197 3627 1284">
    <p class='ocr_par' dir='ltr' id='par_1_27' title="bbox 2051 1197 3627 1284">
     <span class='ocr_line' id='line_1_27' title="bbox 2051 1197 3627 1284; baseline -0.008 -17"><span class='ocrx_word' id='word_1_198' title='bbox 2051 1213 2357 1284; x_wconf 66' lang='lat' dir='ltr'><strong>prmstituta</strong></span> <span class='ocrx_word' id='word_1_199' title='bbox 2389 1221 2520 1268; x_wconf 80' lang='lat' dir='ltr'><strong>sunt</strong></span> <span class='ocrx_word' id='word_1_200' title='bbox 2548 1220 2602 1266; x_wconf 85' lang='lat' dir='ltr'><strong>et</strong></span> <span class='ocrx_word' id='word_1_201' title='bbox 2646 1217 2866 1279; x_wconf 79' lang='lat' dir='ltr'><strong>tempus</strong></span> <span class='ocrx_word' id='word_1_202' title='bbox 2884 1216 2941 1263; x_wconf 91' lang='lat' dir='ltr'><strong>et</strong></span> <span class='ocrx_word' id='word_1_203' title='bbox 2964 1197 3351 1277; x_wconf 66' lang='lat' dir='ltr'><strong>judicium&quot;b;</strong></span> <span class='ocrx_word' id='word_1_204' title='bbox 3375 1211 3433 1259; x_wconf 86' lang='lat' dir='ltr'><strong>et</strong></span> <span class='ocrx_word' id='word_1_205' title='bbox 3482 1216 3627 1256; x_wconf 86' lang='lat' dir='ltr'><strong>unus</strong></span> 
     </span>
    </p>
   </div>
   <div class='ocr_carea' id='block_1_28' title="bbox 2053 1293 3629 1374">
    <p class='ocr_par' dir='ltr' id='par_1_28' title="bbox 2053 1293 3629 1374">
     <span class='ocr_line' id='line_1_28' title="bbox 2053 1293 3629 1374; baseline -0.008 -14"><span class='ocrx_word' id='word_1_206' title='bbox 2053 1305 2307 1374; x_wconf 86' lang='lat' dir='ltr'><strong>idemque</strong></span> <span class='ocrx_word' id='word_1_207' title='bbox 2337 1318 2600 1360; x_wconf 86' lang='lat' dir='ltr'><strong>occursus</strong></span> <span class='ocrx_word' id='word_1_208' title='bbox 2633 1309 2894 1357; x_wconf 76' lang='lat' dir='ltr'><strong>occurret</strong></span> <span class='ocrx_word' id='word_1_209' title='bbox 2924 1298 3189 1355; x_wconf 90' lang='lat' dir='ltr'><strong>omnibus</strong></span> <span class='ocrx_word' id='word_1_210' title='bbox 3216 1296 3306 1349; x_wconf 91' lang='lat' dir='ltr'><strong>his</strong></span> <span class='ocrx_word' id='word_1_211' title='bbox 3398 1312 3411 1346; x_wconf 88' lang='lat'><strong>:</strong></span> <span class='ocrx_word' id='word_1_212' title='bbox 3450 1312 3468 1344; x_wconf 78' lang='grc' dir='ltr'><strong>ι</strong></span> <span class='ocrx_word' id='word_1_213' title='bbox 3523 1293 3629 1347; x_wconf 90' lang='lat' dir='ltr'><strong>hoc</strong></span> 
     </span>
    </p>
   </div>
   <div class='ocr_carea' id='block_1_29' title="bbox 2053 1382 3629 1460">
    <p class='ocr_par' dir='ltr' id='par_1_29' title="bbox 2053 1382 3629 1460">
     <span class='ocr_line' id='line_1_29' title="bbox 2053 1382 3629 1460; baseline -0.011 -7"><span class='ocrx_word' id='word_1_214' title='bbox 2053 1394 2275 1453; x_wconf 86' lang='lat' dir='ltr'><strong>dicitde</strong></span> <span class='ocrx_word' id='word_1_215' title='bbox 2313 1394 2555 1449; x_wconf 89' lang='lat' dir='ltr'><strong>hominis</strong></span> <span class='ocrx_word' id='word_1_216' title='bbox 2599 1399 2800 1455; x_wconf 81' lang='lat' dir='ltr'><strong>morte,</strong></span> <span class='ocrx_word' id='word_1_217' title='bbox 2849 1399 3079 1460; x_wconf 89' lang='lat' dir='ltr'><strong>propter</strong></span> <span class='ocrx_word' id='word_1_218' title='bbox 3117 1388 3242 1442; x_wconf 62' lang='lat' dir='ltr'><strong>vita</strong></span> <span class='ocrx_word' id='word_1_219' title='bbox 3282 1382 3629 1440; x_wconf 80' lang='lat' dir='ltr'><strong>incertitudi-</strong></span> 
     </span>
    </p>
   </div>
   <div class='ocr_carea' id='block_1_30' title="bbox 2054 1479 3630 1550">
    <p class='ocr_par' dir='ltr' id='par_1_30' title="bbox 2054 1479 3630 1550">
     <span class='ocr_line' id='line_1_30' title="bbox 2054 1479 3630 1550; baseline -0.008 -9"><span class='ocrx_word' id='word_1_220' title='bbox 2054 1501 2203 1541; x_wconf 79' lang='lat' dir='ltr'><strong>nem.</strong></span> <span class='ocrx_word' id='word_1_221' title='bbox 2267 1485 2484 1540; x_wconf 82' lang='lat' dir='ltr'><strong>inducit</strong></span> <span class='ocrx_word' id='word_1_222' title='bbox 2536 1484 2719 1539; x_wconf 87' lang='lat' dir='ltr'><strong>enim:</strong></span> <span class='ocrx_word' id='word_1_223' title='bbox 2778 1503 2796 1534; x_wconf 79' lang='grc' dir='ltr'><strong>ι</strong></span> <span class='ocrx_word' id='word_1_224' title='bbox 2853 1483 2993 1550; x_wconf 81' lang='lat' dir='ltr'><strong>Quia</strong></span> <span class='ocrx_word' id='word_1_225' title='bbox 3045 1482 3223 1537; x_wconf 81' lang='lat' dir='ltr'><strong>nescit</strong></span> <span class='ocrx_word' id='word_1_226' title='bbox 3266 1479 3432 1533; x_wconf 83' lang='lat' dir='ltr'><strong>homo</strong></span> <span class='ocrx_word' id='word_1_227' title='bbox 3492 1486 3630 1532; x_wconf 85' lang='lat' dir='ltr'><strong>tem-</strong></span> 
     </span>
    </p>
   </div>
   <div class='ocr_carea' id='block_1_31' title="bbox 2055 1570 3626 1647">
    <p class='ocr_par' dir='ltr' id='par_1_31' title="bbox 2055 1570 3626 1647">
     <span class='ocr_line' id='line_1_31' title="bbox 2055 1570 3626 1647; baseline -0.007 -16"><span class='ocrx_word' id='word_1_228' title='bbox 2055 1578 2216 1647; x_wconf 79' lang='lat' dir='ltr'><strong>pus&quot;</strong></span> <span class='ocrx_word' id='word_1_229' title='bbox 2246 1598 2263 1628; x_wconf 75' lang='grc' dir='ltr'><strong>ι</strong></span> <span class='ocrx_word' id='word_1_230' title='bbox 2295 1591 2479 1640; x_wconf 86' lang='lat' dir='ltr'><strong>suum,</strong></span> <span class='ocrx_word' id='word_1_231' title='bbox 2508 1577 2653 1632; x_wconf 88' lang='lat' dir='ltr'><strong>sicut</strong></span> <span class='ocrx_word' id='word_1_232' title='bbox 2674 1577 2855 1645; x_wconf 89' lang='lat' dir='ltr'><strong>pisces</strong></span> <span class='ocrx_word' id='word_1_233' title='bbox 2880 1575 3022 1645; x_wconf 88' lang='lat' dir='ltr'><strong>capti</strong></span> <span class='ocrx_word' id='word_1_234' title='bbox 3045 1572 3341 1628; x_wconf 82' lang='lat' dir='ltr'><strong>verriculo.</strong></span> <span class='ocrx_word' id='word_1_235' title='bbox 3379 1570 3626 1624; x_wconf 81' lang='lat' dir='ltr'><strong>Rursus:</strong></span> 
     </span>
    </p>
   </div>
   <div class='ocr_carea' id='block_1_32' title="bbox 2064 1658 3633 1735">
    <p class='ocr_par' dir='ltr' id='par_1_32' title="bbox 2064 1658 3633 1735">
     <span class='ocr_line' id='line_1_32' title="bbox 2064 1658 3633 1735; baseline -0.006 -17"><span class='ocrx_word' id='word_1_236' title='bbox 2064 1686 2080 1718; x_wconf 80' lang='grc' dir='ltr'><strong>ι</strong></span> <span class='ocrx_word' id='word_1_237' title='bbox 2118 1666 2267 1722; x_wconf 86' lang='lat' dir='ltr'><strong>Vidit</strong></span> <span class='ocrx_word' id='word_1_238' title='bbox 2318 1682 2538 1721; x_wconf 88' lang='lat' dir='ltr'><strong>omnem</strong></span> <span class='ocrx_word' id='word_1_239' title='bbox 2605 1665 3028 1735; x_wconf 83' lang='lat' dir='ltr'><strong>occupationem</strong></span> <span class='ocrx_word' id='word_1_240' title='bbox 3068 1677 3234 1735; x_wconf 86' lang='lat' dir='ltr'><strong>quam</strong></span> <span class='ocrx_word' id='word_1_241' title='bbox 3285 1660 3440 1714; x_wconf 85' lang='lat' dir='ltr'><strong>dedit</strong></span> <span class='ocrx_word' id='word_1_242' title='bbox 3486 1658 3633 1711; x_wconf 82' lang='lat' dir='ltr'><strong>Deus</strong></span> 
     </span>
    </p>
   </div>
   <div class='ocr_carea' id='block_1_33' title="bbox 2056 1747 3630 1827">
    <p class='ocr_par' dir='ltr' id='par_1_33' title="bbox 2056 1747 3630 1827">
     <span class='ocr_line' id='line_1_33' title="bbox 2056 1747 3630 1827; baseline -0.003 -14"><span class='ocrx_word' id='word_1_243' title='bbox 2056 1758 2184 1813; x_wconf 87' lang='lat' dir='ltr'><strong>ﬁliis</strong></span> <span class='ocrx_word' id='word_1_244' title='bbox 2228 1759 2535 1823; x_wconf 86' lang='lat' dir='ltr'><strong>hominum,</strong></span> <span class='ocrx_word' id='word_1_245' title='bbox 2564 1765 2629 1811; x_wconf 89' lang='lat' dir='ltr'><strong>ut</strong></span> <span class='ocrx_word' id='word_1_246' title='bbox 2655 1763 3065 1827; x_wconf 85' lang='lat' dir='ltr'><strong>occuparentur</strong></span> <span class='ocrx_word' id='word_1_247' title='bbox 3114 1754 3173 1808; x_wconf 91' lang='lat' dir='ltr'><strong>in</strong></span> <span class='ocrx_word' id='word_1_248' title='bbox 3217 1768 3282 1807; x_wconf 87' lang='lat' dir='ltr'><strong>ea</strong></span> <span class='ocrx_word' id='word_1_249' title='bbox 3300 1751 3367 1803; x_wconf 61' lang='grc' dir='ltr'><strong>θ’.</strong></span> <span class='ocrx_word' id='word_1_250' title='bbox 3396 1769 3415 1801; x_wconf 72' lang='grc' dir='ltr'><strong>ι</strong></span> <span class='ocrx_word' id='word_1_251' title='bbox 3466 1747 3630 1809; x_wconf 70' lang='lat' dir='ltr'><strong>Illud.</strong></span> 
     </span>
    </p>
   </div>
   <div class='ocr_carea' id='block_1_34' title="bbox 364 1838 1957 1929">
    <p class='ocr_par' dir='ltr' id='par_1_34' title="bbox 364 1850 1955 1929">
     <span class='ocr_line' id='line_1_34' title="bbox 364 1850 1955 1929; baseline 0.007 -27"><span class='ocrx_word' id='word_1_252' title='bbox 364 1850 621 1920; x_wconf 83' lang='grc' dir='ltr'>ρησάτω.</span> <span class='ocrx_word' id='word_1_253' title='bbox 643 1871 662 1903; x_wconf 73' lang='grc' dir='ltr'><strong>ι</strong></span> <span class='ocrx_word' id='word_1_254' title='bbox 692 1852 1008 1918; x_wconf 76' lang='grc' dir='ltr'>Τουτέστιν,</span> <span class='ocrx_word' id='word_1_255' title='bbox 1030 1856 1094 1908; x_wconf 80' lang='lat' dir='ltr'><strong>Ai</strong></span> <span class='ocrx_word' id='word_1_256' title='bbox 1123 1854 1224 1925; x_wconf 68' lang='grc' dir='ltr'>μὲν</span> <span class='ocrx_word' id='word_1_257' title='bbox 1255 1856 1482 1927; x_wconf 76' lang='grc' dir='ltr'>πράξεις</span> <span class='ocrx_word' id='word_1_258' title='bbox 1509 1857 1606 1929; x_wconf 80' lang='grc' dir='ltr'>τῆς</span> <span class='ocrx_word' id='word_1_259' title='bbox 1628 1856 1808 1929; x_wconf 79' lang='grc' dir='ltr'>ψυχῆς</span> <span class='ocrx_word' id='word_1_260' title='bbox 1832 1875 1955 1924; x_wconf 79' lang='grc' dir='ltr'>σου,</span> 
     </span>
    </p>
   </div>
   <div class='ocr_carea' id='block_1_35' title="bbox 2062 1838 3633 1929">
    <p class='ocr_par' dir='ltr' id='par_1_35' title="bbox 2062 1838 3633 1918">
     <span class='ocr_line' id='line_1_35' title="bbox 2062 1838 3633 1918; baseline -0.006 -16"><span class='ocrx_word' id='word_1_261' title='bbox 2062 1848 2272 1914; x_wconf 72' lang='grc' dir='ltr'>ἔδωκεν,</span> <span class='ocrx_word' id='word_1_262' title='bbox 2308 1848 2505 1914; x_wconf 88' lang='lat' dir='ltr'><strong>dedit,</strong></span> <span class='ocrx_word' id='word_1_263' title='bbox 2567 1848 2723 1903; x_wconf 84' lang='lat' dir='ltr'><strong>venit</strong></span> <span class='ocrx_word' id='word_1_264' title='bbox 2776 1847 3166 1918; x_wconf 80' lang='lat' dir='ltr'><strong>exponendum</strong></span> <span class='ocrx_word' id='word_1_265' title='bbox 3235 1858 3337 1913; x_wconf 89' lang='lat' dir='ltr'><strong>pro</strong></span> <span class='ocrx_word' id='word_1_266' title='bbox 3396 1838 3633 1909; x_wconf 66' lang='grc' dir='ltr'>συνεχώη</span> 
     </span>
    </p>
   </div>
   <div class='ocr_carea' id='block_1_36' title="bbox 361 1940 1954 2018">
    <p class='ocr_par' dir='ltr' id='par_1_36' title="bbox 361 1940 1954 2018">
     <span class='ocr_line' id='line_1_36' title="bbox 361 1940 1954 2018; baseline 0.005 -25"><span class='ocrx_word' id='word_1_267' title='bbox 361 1942 469 1993; x_wconf 74' lang='grc' dir='ltr'>καὶ</span> <span class='ocrx_word' id='word_1_268' title='bbox 505 1940 600 1995; x_wconf 82' lang='grc' dir='ltr'><strong>τοῦ</strong></span> <span class='ocrx_word' id='word_1_269' title='bbox 633 1942 886 2012; x_wconf 83' lang='grc' dir='ltr'>σώματος</span> <span class='ocrx_word' id='word_1_270' title='bbox 929 1944 1017 2000; x_wconf 80' lang='grc' dir='ltr'>διὰ</span> <span class='ocrx_word' id='word_1_271' title='bbox 1065 1946 1267 2011; x_wconf 75' lang='grc' dir='ltr'>παντὸς</span> <span class='ocrx_word' id='word_1_272' title='bbox 1297 1946 1540 2002; x_wconf 76' lang='grc' dir='ltr'>εστωσαν</span> <span class='ocrx_word' id='word_1_273' title='bbox 1587 1947 1823 2018; x_wconf 76' lang='grc' dir='ltr'>καθαραὶ</span> <span class='ocrx_word' id='word_1_274' title='bbox 1858 1950 1954 2002; x_wconf 71' lang='grc' dir='ltr'>καὶ</span> 
     </span>
    </p>
   </div>
   <div class='ocr_carea' id='block_1_37' title="bbox 361 2030 1957 2108">
    <p class='ocr_par' dir='ltr' id='par_1_37' title="bbox 361 2030 1957 2108">
     <span class='ocr_line' id='line_1_37' title="bbox 361 2030 1957 2108; baseline 0.006 -27"><span class='ocrx_word' id='word_1_275' title='bbox 361 2030 619 2101; x_wconf 76' lang='grc' dir='ltr'>ἄμωμοι.</span> <span class='ocrx_word' id='word_1_276' title='bbox 646 2033 797 2104; x_wconf 83' lang='grc' dir='ltr'>Πάσῃ</span> <span class='ocrx_word' id='word_1_277' title='bbox 834 2034 890 2087; x_wconf 81' lang='grc' dir='ltr'>δὲ</span> <span class='ocrx_word' id='word_1_278' title='bbox 910 2036 975 2106; x_wconf 76' lang='grc' dir='ltr'><strong>τῇ</strong></span> <span class='ocrx_word' id='word_1_279' title='bbox 999 2035 1225 2106; x_wconf 84' lang='grc' dir='ltr'>δυνάμει</span> <span class='ocrx_word' id='word_1_280' title='bbox 1253 2054 1369 2103; x_wconf 89' lang='grc' dir='ltr'>σου,</span> <span class='ocrx_word' id='word_1_281' title='bbox 1392 2037 1452 2090; x_wconf 83' lang='grc' dir='ltr'><strong>τδ</strong></span> <span class='ocrx_word' id='word_1_282' title='bbox 1477 2036 1652 2092; x_wconf 73' lang='grc' dir='ltr'>ἔλαιον</span> <span class='ocrx_word' id='word_1_283' title='bbox 1685 2038 1785 2107; x_wconf 81' lang='grc' dir='ltr'>τῆς</span> <span class='ocrx_word' id='word_1_284' title='bbox 1804 2038 1957 2108; x_wconf 74' lang='grc' dir='ltr'>ἐλεη-</span> 
     </span>
    </p>
   </div>
   <div class='ocr_carea' id='block_1_38' title="bbox 361 2123 1996 2200">
    <p class='ocr_par' dir='ltr' id='par_1_38' title="bbox 361 2123 1996 2200">
     <span class='ocr_line' id='line_1_38' title="bbox 361 2123 1996 2200; baseline 0.004 -26"><span class='ocrx_word' id='word_1_285' title='bbox 361 2123 623 2193; x_wconf 87' lang='grc' dir='ltr'>μοσύνης</span> <span class='ocrx_word' id='word_1_286' title='bbox 648 2123 735 2177; x_wconf 71' lang='grc' dir='ltr'><strong>διὰ</strong></span> <span class='ocrx_word' id='word_1_287' title='bbox 766 2123 875 2179; x_wconf 87' lang='grc' dir='ltr'><strong>τῶν</strong></span> <span class='ocrx_word' id='word_1_288' title='bbox 928 2126 1172 2197; x_wconf 83' lang='grc' dir='ltr'><strong>πενήτων</strong></span> <span class='ocrx_word' id='word_1_289' title='bbox 1206 2126 1395 2198; x_wconf 73' lang='grc' dir='ltr'>ἐπίχεε</span> <span class='ocrx_word' id='word_1_290' title='bbox 1439 2128 1535 2181; x_wconf 73' lang='grc' dir='ltr'><strong>ἐπὶ</strong></span> <span class='ocrx_word' id='word_1_291' title='bbox 1566 2127 1664 2199; x_wconf 80' lang='grc' dir='ltr'>τὴν</span> <span class='ocrx_word' id='word_1_292' title='bbox 1714 2129 1955 2200; x_wconf 83' lang='grc' dir='ltr'>κεφαλήν</span> <span class='ocrx_word' id='word_1_293' title='bbox 1987 2133 1996 2140; x_wconf 84' lang='grc'><em>’</em></span> 
     </span>
    </p>
   </div>
   <div class='ocr_carea' id='block_1_39' title="bbox 360 2216 1965 2292">
    <p class='ocr_par' dir='ltr' id='par_1_39' title="bbox 360 2216 1965 2292">
     <span class='ocr_line' id='line_1_39' title="bbox 360 2216 1965 2292; baseline 0.004 -26"><span class='ocrx_word' id='word_1_294' title='bbox 360 2231 467 2267; x_wconf 90' lang='grc' dir='ltr'><strong>σου</strong></span> <span class='ocrx_word' id='word_1_295' title='bbox 481 2216 741 2285; x_wconf 82' lang='grc' dir='ltr'>Χριστόν.</span> <span class='ocrx_word' id='word_1_296' title='bbox 756 2217 926 2280; x_wconf 76' lang='grc' dir='ltr'>Αὐτὸς</span> <span class='ocrx_word' id='word_1_297' title='bbox 946 2218 1055 2291; x_wconf 81' lang='grc' dir='ltr'><strong>γάρ</strong></span> <span class='ocrx_word' id='word_1_298' title='bbox 1072 2218 1227 2290; x_wconf 79' lang='grc' dir='ltr'>ἡμῶν</span> <span class='ocrx_word' id='word_1_299' title='bbox 1242 2222 1275 2291; x_wconf 77' lang='grc' dir='ltr'><strong>ἡ</strong></span> <span class='ocrx_word' id='word_1_300' title='bbox 1293 2219 1524 2289; x_wconf 79' lang='grc' dir='ltr'>κεφαλὴ,</span> <span class='ocrx_word' id='word_1_301' title='bbox 1544 2220 1737 2288; x_wconf 79' lang='grc' dir='ltr'>λέγων·</span> <span class='ocrx_word' id='word_1_302' title='bbox 1751 2239 1768 2272; x_wconf 80' lang='grc' dir='ltr'><strong>ι</strong></span> <span class='ocrx_word' id='word_1_303' title='bbox 1803 2221 1965 2292; x_wconf 56' lang='grc' dir='ltr'>Ἐμοὶ</span> 
     </span>
    </p>
   </div>
   <div class='ocr_carea' id='block_1_40' title="bbox 360 2306 1958 2382">
    <p class='ocr_par' dir='ltr' id='par_1_40' title="bbox 360 2306 1958 2382">
     <span class='ocr_line' id='line_1_40' title="bbox 360 2306 1958 2382; baseline 0.004 -25"><span class='ocrx_word' id='word_1_304' title='bbox 360 2306 388 2357; x_wconf 74' lang='grc' dir='ltr'><strong>ὲ</strong></span> <span class='ocrx_word' id='word_1_305' title='bbox 398 2306 671 2376; x_wconf 80' lang='grc' dir='ltr'>ποιήσατε</span> <span class='ocrx_word' id='word_1_306' title='bbox 681 2308 781 2360; x_wconf 82' lang='grc' dir='ltr'>ὅσα</span> <span class='ocrx_word' id='word_1_307' title='bbox 795 2311 909 2372; x_wconf 77' lang='grc' dir='ltr'>τοῖς</span> <span class='ocrx_word' id='word_1_308' title='bbox 920 2308 1225 2379; x_wconf 68' lang='grc' dir='ltr'><strong>ἐλαχίστοις</strong></span> <span class='ocrx_word' id='word_1_309' title='bbox 1241 2312 1355 2374; x_wconf 86' lang='grc' dir='ltr'>τοῖς</span> <span class='ocrx_word' id='word_1_310' title='bbox 1376 2311 1624 2379; x_wconf 79' lang='grc' dir='ltr'><strong>ἀδελφοῖς</strong></span> <span class='ocrx_word' id='word_1_311' title='bbox 1647 2329 1747 2381; x_wconf 87' lang='grc' dir='ltr'><strong>μου</strong></span> <span class='ocrx_word' id='word_1_312' title='bbox 1772 2312 1958 2382; x_wconf 74' lang='grc' dir='ltr'>ἐποιή-</span> 
     </span>
    </p>
   </div>
   <div class='ocr_carea' id='block_1_41' title="bbox 366 2398 1962 2473">
    <p class='ocr_par' dir='ltr' id='par_1_41' title="bbox 366 2398 1962 2473">
     <span class='ocr_line' id='line_1_41' title="bbox 366 2398 1962 2473; baseline 0.005 -25"><span class='ocrx_word' id='word_1_313' title='bbox 366 2411 535 2449; x_wconf 82' lang='grc' dir='ltr'>σατε.</span> <span class='ocrx_word' id='word_1_314' title='bbox 559 2416 576 2447; x_wconf 77' lang='grc' dir='ltr'><strong>ι</strong></span> <span class='ocrx_word' id='word_1_315' title='bbox 598 2398 709 2451; x_wconf 82' lang='grc' dir='ltr'><strong>Καὶ</strong></span> <span class='ocrx_word' id='word_1_316' title='bbox 741 2398 827 2452; x_wconf 79' lang='grc' dir='ltr'>διὰ</span> <span class='ocrx_word' id='word_1_317' title='bbox 859 2399 953 2453; x_wconf 76' lang='grc' dir='ltr'><strong>τοῦ</strong></span> <span class='ocrx_word' id='word_1_318' title='bbox 968 2400 1211 2467; x_wconf 76' lang='grc' dir='ltr'>Ἡσαΐου,</span> <span class='ocrx_word' id='word_1_319' title='bbox 1234 2420 1255 2451; x_wconf 83' lang='grc' dir='ltr'><strong>ι</strong></span> <span class='ocrx_word' id='word_1_320' title='bbox 1275 2401 1466 2472; x_wconf 82' lang='grc' dir='ltr'>Καιρῷ</span> <span class='ocrx_word' id='word_1_321' title='bbox 1490 2402 1661 2473; x_wconf 84' lang='grc' dir='ltr'>δεκτῴ</span> <span class='ocrx_word' id='word_1_322' title='bbox 1681 2403 1962 2472; x_wconf 74' lang='grc' dir='ltr'>ἐπήκουσά</span> 
     </span>
    </p>
   </div>
   <div class='ocr_carea' id='block_1_42' title="bbox 368 2488 1958 2562">
    <p class='ocr_par' dir='ltr' id='par_1_42' title="bbox 368 2488 1958 2562">
     <span class='ocr_line' id='line_1_42' title="bbox 368 2488 1958 2562; baseline 0.005 -25"><span class='ocrx_word' id='word_1_323' title='bbox 368 2501 470 2538; x_wconf 90' lang='grc' dir='ltr'><strong>σου</strong></span> <span class='ocrx_word' id='word_1_324' title='bbox 494 2525 514 2553; x_wconf 87' lang='grc'><strong>,</strong></span> <span class='ocrx_word' id='word_1_325' title='bbox 559 2488 652 2539; x_wconf 60' lang='grc' dir='ltr'><strong>καὶ⁵</strong></span> <span class='ocrx_word' id='word_1_326' title='bbox 697 2488 956 2561; x_wconf 74' lang='grc' dir='ltr'>ὲνήμέρᾳ</span> <span class='ocrx_word' id='word_1_327' title='bbox 996 2490 1269 2561; x_wconf 76' lang='grc' dir='ltr'><strong>σωτηρίας</strong></span> <span class='ocrx_word' id='word_1_328' title='bbox 1306 2490 1579 2562; x_wconf 76' lang='grc' dir='ltr'>ἐϐοήθησά</span> <span class='ocrx_word' id='word_1_329' title='bbox 1627 2507 1730 2545; x_wconf 90' lang='grc' dir='ltr'>σοι.</span> <span class='ocrx_word' id='word_1_330' title='bbox 1772 2510 1793 2544; x_wconf 76' lang='lat' dir='ltr'><strong>r</strong></span> <span class='ocrx_word' id='word_1_331' title='bbox 1828 2492 1958 2545; x_wconf 87' lang='grc' dir='ltr'>Ὅτε</span> 
     </span>
    </p>
   </div>
   <div class='ocr_carea' id='block_1_43' title="bbox 366 2572 1961 2655">
    <p class='ocr_par' dir='ltr' id='par_1_43' title="bbox 366 2572 1961 2655">
     <span class='ocr_line' id='line_1_43' title="bbox 366 2572 1961 2655; baseline 0.005 -26"><span class='ocrx_word' id='word_1_332' title='bbox 366 2572 469 2630; x_wconf 79' lang='grc' dir='ltr'>οὖν</span> <span class='ocrx_word' id='word_1_333' title='bbox 495 2572 671 2647; x_wconf 77' lang='grc' dir='ltr'>ἦλθεν</span> <span class='ocrx_word' id='word_1_334' title='bbox 708 2581 736 2632; x_wconf 88' lang='lat'><strong>6</strong></span> <span class='ocrx_word' id='word_1_335' title='bbox 761 2579 947 2643; x_wconf 80' lang='grc' dir='ltr'>δεκτὸς</span> <span class='ocrx_word' id='word_1_336' title='bbox 988 2581 1197 2652; x_wconf 80' lang='grc' dir='ltr'>καιρὸς,</span> <span class='ocrx_word' id='word_1_337' title='bbox 1229 2583 1326 2636; x_wconf 78' lang='grc' dir='ltr'>καὶ</span> <span class='ocrx_word' id='word_1_338' title='bbox 1353 2584 1386 2654; x_wconf 76' lang='grc' dir='ltr'>ἡ</span> <span class='ocrx_word' id='word_1_339' title='bbox 1432 2583 1615 2654; x_wconf 80' lang='grc' dir='ltr'>ἡμέρα</span> <span class='ocrx_word' id='word_1_340' title='bbox 1645 2583 1746 2654; x_wconf 82' lang='grc' dir='ltr'>τῆς</span> <span class='ocrx_word' id='word_1_341' title='bbox 1788 2600 1961 2655; x_wconf 84' lang='grc' dir='ltr'>σωτη-</span> 
     </span>
    </p>
   </div>
   <div class='ocr_carea' id='block_1_44' title="bbox 372 2667 1960 2746">
    <p class='ocr_par' dir='ltr' id='par_1_44' title="bbox 372 2667 1960 2746">
     <span class='ocr_line' id='line_1_44' title="bbox 372 2667 1960 2746; baseline 0.006 -26"><span class='ocrx_word' id='word_1_342' title='bbox 372 2668 506 2738; x_wconf 81' lang='grc' dir='ltr'>ρίας</span> <span class='ocrx_word' id='word_1_343' title='bbox 551 2667 708 2739; x_wconf 80' lang='grc' dir='ltr'>ήμῶν</span> <span class='ocrx_word' id='word_1_344' title='bbox 751 2672 786 2740; x_wconf 80' lang='grc' dir='ltr'><strong>ή</strong></span> <span class='ocrx_word' id='word_1_345' title='bbox 837 2669 1019 2741; x_wconf 81' lang='grc' dir='ltr'>χάρις,</span> <span class='ocrx_word' id='word_1_346' title='bbox 1065 2671 1254 2726; x_wconf 82' lang='grc' dir='ltr'>τοῦτον</span> <span class='ocrx_word' id='word_1_347' title='bbox 1296 2675 1326 2726; x_wconf 89' lang='lat'><strong>6</strong></span> <span class='ocrx_word' id='word_1_348' title='bbox 1379 2674 1701 2739; x_wconf 83' lang='grc' dir='ltr'>Ἀπόστολος</span> <span class='ocrx_word' id='word_1_349' title='bbox 1732 2692 1960 2746; x_wconf 78' lang='grc' dir='ltr'>φανερο-</span> 
     </span>
    </p>
   </div>
   <div class='ocr_carea' id='block_1_45' title="bbox 373 2759 1961 2841">
    <p class='ocr_par' dir='ltr' id='par_1_45' title="bbox 373 2759 1961 2841">
     <span class='ocr_line' id='line_1_45' title="bbox 373 2759 1961 2841; baseline 0.004 -28"><span class='ocrx_word' id='word_1_350' title='bbox 373 2762 561 2813; x_wconf 84' lang='grc' dir='ltr'>ποιῶν</span> <span class='ocrx_word' id='word_1_351' title='bbox 590 2759 682 2814; x_wconf 74' lang='grc' dir='ltr'>τὸν</span> <span class='ocrx_word' id='word_1_352' title='bbox 714 2763 923 2832; x_wconf 76' lang='grc' dir='ltr'>καιρὸν,</span> <span class='ocrx_word' id='word_1_353' title='bbox 949 2762 1103 2837; x_wconf 58' lang='grc' dir='ltr'>λέγει</span> <span class='ocrx_word' id='word_1_354' title='bbox 1122 2779 1136 2793; x_wconf 84' lang='grc'>⁶</span> <span class='ocrx_word' id='word_1_355' title='bbox 1168 2781 1188 2816; x_wconf 82' lang='grc' dir='ltr'><strong>ι</strong></span> <span class='ocrx_word' id='word_1_356' title='bbox 1236 2764 1367 2819; x_wconf 83' lang='grc' dir='ltr'>Ἰδοὺ</span> <span class='ocrx_word' id='word_1_357' title='bbox 1397 2764 1490 2819; x_wconf 79' lang='grc' dir='ltr'><strong>νῦν</strong></span> <span class='ocrx_word' id='word_1_358' title='bbox 1513 2768 1702 2841; x_wconf 80' lang='grc' dir='ltr'>καιρὸς</span> <span class='ocrx_word' id='word_1_359' title='bbox 1727 2768 1961 2838; x_wconf 85' lang='grc' dir='ltr'>εὐπρόσ-</span> 
     </span>
    </p>
   </div>
   <div class='ocr_carea' id='block_1_46' title="bbox 372 2851 1961 2932">
    <p class='ocr_par' dir='ltr' id='par_1_46' title="bbox 372 2851 1961 2932">
     <span class='ocr_line' id='line_1_46' title="bbox 372 2851 1961 2932; baseline 0.006 -29"><span class='ocrx_word' id='word_1_360' title='bbox 372 2851 598 2917; x_wconf 84' lang='grc' dir='ltr'>δεκτος,</span> <span class='ocrx_word' id='word_1_361' title='bbox 629 2852 739 2907; x_wconf 74' lang='grc' dir='ltr'>ἰδοὺ</span> <span class='ocrx_word' id='word_1_362' title='bbox 766 2853 862 2908; x_wconf 73' lang='grc' dir='ltr'><strong>νῦν</strong></span> <span class='ocrx_word' id='word_1_363' title='bbox 893 2854 1075 2927; x_wconf 77' lang='grc' dir='ltr'>ἡμέρα</span> <span class='ocrx_word' id='word_1_364' title='bbox 1107 2856 1417 2928; x_wconf 59' lang='grc' dir='ltr'>σωτηρίας,</span> <span class='ocrx_word' id='word_1_365' title='bbox 1455 2858 1724 2930; x_wconf 82' lang='grc' dir='ltr'>μηδεμίαν</span> <span class='ocrx_word' id='word_1_366' title='bbox 1768 2860 1828 2914; x_wconf 81' lang='grc' dir='ltr'>ὲν</span> <span class='ocrx_word' id='word_1_367' title='bbox 1860 2877 1961 2932; x_wconf 90' lang='grc' dir='ltr'>μη-</span> 
     </span>
    </p>
   </div>
   <div class='ocr_carea' id='block_1_47' title="bbox 371 2942 1959 3022">
    <p class='ocr_par' dir='ltr' id='par_1_47' title="bbox 371 2942 1959 3022">
     <span class='ocr_line' id='line_1_47' title="bbox 371 2942 1959 3022; baseline 0.006 -25"><span class='ocrx_word' id='word_1_368' title='bbox 371 2942 497 2997; x_wconf 75' lang='grc' dir='ltr'>δενὶ</span> <span class='ocrx_word' id='word_1_369' title='bbox 524 2942 757 3007; x_wconf 87' lang='grc' dir='ltr'>διδόντες</span> <span class='ocrx_word' id='word_1_370' title='bbox 786 2947 1092 3019; x_wconf 83' lang='grc' dir='ltr'>προκοπὴν,</span> <span class='ocrx_word' id='word_1_371' title='bbox 1125 2948 1214 3003; x_wconf 76' lang='grc' dir='ltr'>ἵνα</span> <span class='ocrx_word' id='word_1_372' title='bbox 1240 2949 1319 3019; x_wconf 76' lang='grc' dir='ltr'>μὴ</span> <span class='ocrx_word' id='word_1_373' title='bbox 1345 2949 1583 3022; x_wconf 80' lang='grc' dir='ltr'><strong>μωμηθῇ</strong></span> <span class='ocrx_word' id='word_1_374' title='bbox 1621 2953 1654 3022; x_wconf 85' lang='grc' dir='ltr'><strong>ἡ</strong></span> <span class='ocrx_word' id='word_1_375' title='bbox 1682 2952 1923 3007; x_wconf 79' lang='grc' dir='ltr'>διακονία</span> <span class='ocrx_word' id='word_1_376' title='bbox 1942 2969 1959 2985; x_wconf 77' lang='grc'><em>’</em></span> 
     </span>
    </p>
   </div>
   <div class='ocr_carea' id='block_1_48' title="bbox 373 3030 1955 3113">
    <p class='ocr_par' dir='ltr' id='par_1_48' title="bbox 373 3030 1955 3113">
     <span class='ocr_line' id='line_1_48' title="bbox 373 3030 1955 3113; baseline 0.006 -28"><span class='ocrx_word' id='word_1_377' title='bbox 373 3030 525 3085; x_wconf 82' lang='grc' dir='ltr'><strong>ἀλλὰ</strong></span> <span class='ocrx_word' id='word_1_378' title='bbox 554 3032 731 3088; x_wconf 83' lang='grc' dir='ltr'>πάντα</span> <span class='ocrx_word' id='word_1_379' title='bbox 759 3034 1111 3107; x_wconf 78' lang='grc' dir='ltr'><strong>εὐσχημόνως</strong></span> <span class='ocrx_word' id='word_1_380' title='bbox 1149 3038 1244 3091; x_wconf 81' lang='grc' dir='ltr'>καὶ</span> <span class='ocrx_word' id='word_1_381' title='bbox 1287 3040 1428 3096; x_wconf 79' lang='grc' dir='ltr'>κατὰ</span> <span class='ocrx_word' id='word_1_382' title='bbox 1460 3040 1615 3106; x_wconf 78' lang='grc' dir='ltr'>τάξιν</span> <span class='ocrx_word' id='word_1_383' title='bbox 1643 3043 1893 3113; x_wconf 64' lang='grc' dir='ltr'><strong>γινέσθωτ</strong></span> <span class='ocrx_word' id='word_1_384' title='bbox 1937 3062 1955 3095; x_wconf 72' lang='grc' dir='ltr'><strong>ι</strong></span> 
     </span>
    </p>
   </div>
   <div class='ocr_carea' id='block_1_49' title="bbox 376 3123 1961 3203">
    <p class='ocr_par' dir='ltr' id='par_1_49' title="bbox 376 3123 1961 3203">
     <span class='ocr_line' id='line_1_49' title="bbox 376 3123 1961 3203; baseline 0.008 -26"><span class='ocrx_word' id='word_1_385' title='bbox 376 3123 555 3177; x_wconf 80' lang='grc' dir='ltr'>Ὅθεν</span> <span class='ocrx_word' id='word_1_386' title='bbox 589 3125 685 3178; x_wconf 81' lang='grc' dir='ltr'>καὶ</span> <span class='ocrx_word' id='word_1_387' title='bbox 731 3126 759 3178; x_wconf 93' lang='lat'><strong>6</strong></span> <span class='ocrx_word' id='word_1_388' title='bbox 802 3126 1002 3198; x_wconf 85' lang='grc' dir='ltr'>Κύριος</span> <span class='ocrx_word' id='word_1_389' title='bbox 1031 3128 1220 3184; x_wconf 80' lang='grc' dir='ltr'>τοῦτον</span> <span class='ocrx_word' id='word_1_390' title='bbox 1247 3129 1529 3198; x_wconf 78' lang='grc' dir='ltr'>δεικνύων,</span> <span class='ocrx_word' id='word_1_391' title='bbox 1564 3127 1961 3203; x_wconf 80' lang='grc' dir='ltr'>ἐγκαλούμενος</span> 
     </span>
    </p>
   </div>
   <div class='ocr_carea' id='block_1_50' title="bbox 2063 1937 3635 2011">
    <p class='ocr_par' dir='ltr' id='par_1_50' title="bbox 2063 1937 3635 2011">
     <span class='ocr_line' id='line_1_50' title="bbox 2063 1937 3635 2011; baseline -0.004 -17"><span class='ocrx_word' id='word_1_392' title='bbox 2063 1957 2217 2011; x_wconf 55' lang='lat' dir='ltr'><strong>pnes,</strong></span> <span class='ocrx_word' id='word_1_393' title='bbox 2248 1940 2522 2010; x_wconf 87' lang='lat' dir='ltr'><strong>permisit.</strong></span> <span class='ocrx_word' id='word_1_394' title='bbox 2570 1939 2852 1995; x_wconf 79' lang='lat' dir='ltr'><strong>Profuerit</strong></span> <span class='ocrx_word' id='word_1_395' title='bbox 2891 1939 3058 2010; x_wconf 80' lang='lat' dir='ltr'><strong>igitur</strong></span> <span class='ocrx_word' id='word_1_396' title='bbox 3088 1937 3206 2008; x_wconf 87' lang='lat' dir='ltr'><strong>(sed</strong></span> <span class='ocrx_word' id='word_1_397' title='bbox 3250 1944 3307 1990; x_wconf 88' lang='lat' dir='ltr'><strong>et</strong></span> <span class='ocrx_word' id='word_1_398' title='bbox 3356 1949 3446 1990; x_wconf 90' lang='lat' dir='ltr'><strong>res</strong></span> <span class='ocrx_word' id='word_1_399' title='bbox 3486 1948 3635 1990; x_wconf 71' lang='lat' dir='ltr'><strong>com~</strong></span> 
     </span>
    </p>
   </div>
   <div class='ocr_carea' id='block_1_51' title="bbox 2061 2027 3634 2101">
    <p class='ocr_par' dir='ltr' id='par_1_51' title="bbox 2061 2027 3634 2101">
     <span class='ocr_line' id='line_1_51' title="bbox 2061 2027 3634 2101; baseline -0.005 -14"><span class='ocrx_word' id='word_1_400' title='bbox 2061 2032 2414 2088; x_wconf 89' lang='lat' dir='ltr'><strong>mendatione</strong></span> <span class='ocrx_word' id='word_1_401' title='bbox 2450 2047 2576 2087; x_wconf 91' lang='lat' dir='ltr'><strong>cum</strong></span> <span class='ocrx_word' id='word_1_402' title='bbox 2603 2032 2800 2101; x_wconf 86' lang='lat' dir='ltr'><strong>primis</strong></span> <span class='ocrx_word' id='word_1_403' title='bbox 2823 2030 3011 2101; x_wconf 82' lang='lat' dir='ltr'><strong>digna)</strong></span> <span class='ocrx_word' id='word_1_404' title='bbox 3044 2036 3104 2084; x_wconf 91' lang='lat' dir='ltr'><strong>ut</strong></span> <span class='ocrx_word' id='word_1_405' title='bbox 3126 2028 3271 2098; x_wconf 90' lang='lat' dir='ltr'><strong>quod</strong></span> <span class='ocrx_word' id='word_1_406' title='bbox 3289 2027 3500 2083; x_wconf 85' lang='lat' dir='ltr'><strong>dictum</strong></span> <span class='ocrx_word' id='word_1_407' title='bbox 3525 2036 3634 2090; x_wconf 85' lang='lat' dir='ltr'><strong>est,</strong></span> 
     </span>
    </p>
   </div>
   <div class='ocr_carea' id='block_1_52' title="bbox 2061 2117 3635 2193">
    <p class='ocr_par' dir='ltr' id='par_1_52' title="bbox 2061 2117 3635 2193">
     <span class='ocr_line' id='line_1_52' title="bbox 2061 2117 3635 2193; baseline -0.005 -16"><span class='ocrx_word' id='word_1_408' title='bbox 2061 2123 2400 2193; x_wconf 85' lang='lat' dir='ltr'><strong>implendum</strong></span> <span class='ocrx_word' id='word_1_409' title='bbox 2423 2136 2718 2187; x_wconf 89' lang='lat' dir='ltr'><strong>curemus;</strong></span> <span class='ocrx_word' id='word_1_410' title='bbox 2753 2136 2953 2191; x_wconf 86' lang='lat' dir='ltr'><strong>nempe</strong></span> <span class='ocrx_word' id='word_1_411' title='bbox 2979 2120 3114 2175; x_wconf 75' lang='lat' dir='ltr'><strong>illud</strong></span> <span class='ocrx_word' id='word_1_412' title='bbox 3148 2137 3160 2172; x_wconf 90' lang='lat'><strong>:</strong></span> <span class='ocrx_word' id='word_1_413' title='bbox 3192 2138 3213 2170; x_wconf 75' lang='grc' dir='ltr'><strong>ι</strong></span> <span class='ocrx_word' id='word_1_414' title='bbox 3250 2118 3375 2173; x_wconf 86' lang='lat' dir='ltr'><strong>Sint</strong></span> <span class='ocrx_word' id='word_1_415' title='bbox 3408 2118 3461 2171; x_wconf 93' lang='lat' dir='ltr'><strong>in</strong></span> <span class='ocrx_word' id='word_1_416' title='bbox 3485 2117 3635 2173; x_wconf 88' lang='lat' dir='ltr'><strong>omni</strong></span> 
     </span>
    </p>
   </div>
   <div class='ocr_carea' id='block_1_53' title="bbox 2065 2208 3637 2286">
    <p class='ocr_par' dir='ltr' id='par_1_53' title="bbox 2065 2208 3637 2286">
     <span class='ocr_line' id='line_1_53' title="bbox 2065 2208 3637 2286; baseline -0.004 -17"><span class='ocrx_word' id='word_1_417' title='bbox 2065 2224 2312 2286; x_wconf 89' lang='lat' dir='ltr'><strong>tempore</strong></span> <span class='ocrx_word' id='word_1_418' title='bbox 2378 2214 2708 2270; x_wconf 86' lang='lat' dir='ltr'><strong>vestimenta</strong></span> <span class='ocrx_word' id='word_1_419' title='bbox 2770 2221 2864 2268; x_wconf 89' lang='lat' dir='ltr'><strong>tua</strong></span> <span class='ocrx_word' id='word_1_420' title='bbox 2916 2211 3189 2275; x_wconf 78' lang='lat' dir='ltr'><strong>candida,</strong></span> <span class='ocrx_word' id='word_1_421' title='bbox 3242 2219 3298 2265; x_wconf 89' lang='lat' dir='ltr'><strong>et</strong></span> <span class='ocrx_word' id='word_1_422' title='bbox 3339 2210 3522 2266; x_wconf 90' lang='lat' dir='ltr'><strong>oleum</strong></span> <span class='ocrx_word' id='word_1_423' title='bbox 3552 2208 3637 2262; x_wconf 82' lang='lat' dir='ltr'><strong>‘in</strong></span> 
     </span>
    </p>
   </div>
   <div class='ocr_carea' id='block_1_54' title="bbox 2065 2302 3637 2378">
    <p class='ocr_par' dir='ltr' id='par_1_54' title="bbox 2065 2302 3637 2378">
     <span class='ocr_line' id='line_1_54' title="bbox 2065 2302 3637 2378; baseline -0.005 -15"><span class='ocrx_word' id='word_1_424' title='bbox 2065 2310 2242 2378; x_wconf 82' lang='lat' dir='ltr'><strong>capite</strong></span> <span class='ocrx_word' id='word_1_425' title='bbox 2278 2314 2373 2362; x_wconf 88' lang='lat' dir='ltr'><strong>tuo</strong></span> <span class='ocrx_word' id='word_1_426' title='bbox 2404 2321 2474 2361; x_wconf 91' lang='lat' dir='ltr'><strong>ne</strong></span> <span class='ocrx_word' id='word_1_427' title='bbox 2502 2306 2833 2361; x_wconf 77' lang='lat' dir='ltr'><strong>deﬂoiat&#39;&quot;.</strong></span> <span class='ocrx_word' id='word_1_428' title='bbox 2883 2323 2901 2357; x_wconf 73' lang='grc' dir='ltr'><strong>ι</strong></span> <span class='ocrx_word' id='word_1_429' title='bbox 2942 2305 3060 2360; x_wconf 83' lang='lat' dir='ltr'><strong>Hoc</strong></span> <span class='ocrx_word' id='word_1_430' title='bbox 3085 2313 3193 2368; x_wconf 84' lang='lat' dir='ltr'><strong>est,</strong></span> <span class='ocrx_word' id='word_1_431' title='bbox 3229 2303 3480 2358; x_wconf 81' lang='lat' dir='ltr'><strong>actiones</strong></span> <span class='ocrx_word' id='word_1_432' title='bbox 3510 2302 3637 2372; x_wconf 78' lang='lat' dir='ltr'><strong>qui-</strong></span> 
     </span>
    </p>
   </div>
   <div class='ocr_carea' id='block_1_55' title="bbox 2064 2396 3639 2468">
    <p class='ocr_par' dir='ltr' id='par_1_55' title="bbox 2064 2396 3639 2468">
     <span class='ocr_line' id='line_1_55' title="bbox 2064 2396 3639 2468; baseline -0.006 -13"><span class='ocrx_word' id='word_1_433' title='bbox 2064 2401 2188 2455; x_wconf 86' lang='lat' dir='ltr'><strong>dem</strong></span> <span class='ocrx_word' id='word_1_434' title='bbox 2217 2400 2414 2454; x_wconf 74' lang='lat' dir='ltr'><strong>anima:</strong></span> <span class='ocrx_word' id='word_1_435' title='bbox 2444 2405 2501 2453; x_wconf 91' lang='lat' dir='ltr'><strong>et</strong></span> <span class='ocrx_word' id='word_1_436' title='bbox 2529 2398 2784 2468; x_wconf 91' lang='lat' dir='ltr'><strong>corporis</strong></span> <span class='ocrx_word' id='word_1_437' title='bbox 2832 2398 2912 2452; x_wconf 88' lang='lat' dir='ltr'><strong>tui</strong></span> <span class='ocrx_word' id='word_1_438' title='bbox 2942 2413 3097 2467; x_wconf 63' lang='lat' dir='ltr'><strong>puras</strong></span> <span class='ocrx_word' id='word_1_439' title='bbox 3142 2396 3388 2451; x_wconf 86' lang='lat' dir='ltr'><strong>sordium</strong></span> <span class='ocrx_word' id='word_1_440' title='bbox 3420 2410 3639 2463; x_wconf 86' lang='lat' dir='ltr'><strong>semper</strong></span> 
     </span>
    </p>
   </div>
   <div class='ocr_carea' id='block_1_56' title="bbox 2065 2484 3641 2558">
    <p class='ocr_par' dir='ltr' id='par_1_56' title="bbox 2065 2484 3641 2558">
     <span class='ocr_line' id='line_1_56' title="bbox 2065 2484 3641 2558; baseline -0.003 -16"><span class='ocrx_word' id='word_1_441' title='bbox 2065 2489 2178 2543; x_wconf 87' lang='lat' dir='ltr'><strong>sint</strong></span> <span class='ocrx_word' id='word_1_442' title='bbox 2222 2496 2278 2541; x_wconf 88' lang='lat' dir='ltr'><strong>et</strong></span> <span class='ocrx_word' id='word_1_443' title='bbox 2335 2488 2652 2558; x_wconf 53' lang='lat' dir='ltr'><strong>inculpatae.</strong></span> <span class='ocrx_word' id='word_1_444' title='bbox 2711 2487 2874 2543; x_wconf 87' lang='lat' dir='ltr'><strong>Omni</strong></span> <span class='ocrx_word' id='word_1_445' title='bbox 2925 2486 3158 2558; x_wconf 88' lang='lat' dir='ltr'><strong>proinde</strong></span> <span class='ocrx_word' id='word_1_446' title='bbox 3208 2484 3399 2540; x_wconf 82' lang='lat' dir='ltr'><strong>studio</strong></span> <span class='ocrx_word' id='word_1_447' title='bbox 3452 2484 3641 2539; x_wconf 82' lang='lat' dir='ltr'><strong>oleum</strong></span> 
     </span>
    </p>
   </div>
   <div class='ocr_carea' id='block_1_57' title="bbox 2063 2575 3640 2649">
    <p class='ocr_par' dir='ltr' id='par_1_57' title="bbox 2063 2575 3640 2649">
     <span class='ocr_line' id='line_1_57' title="bbox 2063 2575 3640 2649; baseline -0.003 -15"><span class='ocrx_word' id='word_1_448' title='bbox 2063 2580 2434 2649; x_wconf 78' lang='lat' dir='ltr'><strong>eleemosyna:</strong></span> <span class='ocrx_word' id='word_1_449' title='bbox 2493 2587 2602 2633; x_wconf 82' lang='lat' dir='ltr'><strong>tua:</strong></span> <span class='ocrx_word' id='word_1_450' title='bbox 2651 2593 2750 2648; x_wconf 85' lang='lat' dir='ltr'><strong>per</strong></span> <span class='ocrx_word' id='word_1_451' title='bbox 2804 2594 3109 2649; x_wconf 84' lang='lat' dir='ltr'><strong>pauperum</strong></span> <span class='ocrx_word' id='word_1_452' title='bbox 3164 2592 3362 2632; x_wconf 79' lang='lat' dir='ltr'><strong>manus</strong></span> <span class='ocrx_word' id='word_1_453' title='bbox 3415 2575 3640 2632; x_wconf 61' lang='lat' dir='ltr'><strong>eiunde</strong></span> 
     </span>
    </p>
   </div>
   <div class='ocr_carea' id='block_1_58' title="bbox 2067 2669 3640 2741">
    <p class='ocr_par' dir='ltr' id='par_1_58' title="bbox 2067 2669 3640 2741">
     <span class='ocr_line' id='line_1_58' title="bbox 2067 2669 3640 2741; baseline -0.002 -15"><span class='ocrx_word' id='word_1_454' title='bbox 2067 2684 2233 2741; x_wconf 88' lang='lat' dir='ltr'><strong>super</strong></span> <span class='ocrx_word' id='word_1_455' title='bbox 2278 2677 2443 2741; x_wconf 83' lang='lat' dir='ltr'><strong>caput</strong></span> <span class='ocrx_word' id='word_1_456' title='bbox 2487 2678 2668 2736; x_wconf 83' lang='lat' dir='ltr'><strong>tuum,</strong></span> <span class='ocrx_word' id='word_1_457' title='bbox 2701 2670 2985 2727; x_wconf 82' lang='lat' dir='ltr'><strong>Christum</strong></span> <span class='ocrx_word' id='word_1_458' title='bbox 3016 2670 3299 2726; x_wconf 86' lang='lat' dir='ltr'><strong>videlicet.</strong></span> <span class='ocrx_word' id='word_1_459' title='bbox 3340 2669 3462 2740; x_wconf 81' lang='lat' dir='ltr'><strong>ipse</strong></span> <span class='ocrx_word' id='word_1_460' title='bbox 3489 2670 3640 2725; x_wconf 87' lang='lat' dir='ltr'><strong>enim</strong></span> 
     </span>
    </p>
   </div>
   <div class='ocr_carea' id='block_1_59' title="bbox 2068 2761 3642 2833">
    <p class='ocr_par' dir='ltr' id='par_1_59' title="bbox 2068 2761 3642 2833">
     <span class='ocr_line' id='line_1_59' title="bbox 2068 2761 3642 2833; baseline -0.002 -15"><span class='ocrx_word' id='word_1_461' title='bbox 2068 2771 2232 2833; x_wconf 88' lang='lat' dir='ltr'><strong>caput</strong></span> <span class='ocrx_word' id='word_1_462' title='bbox 2268 2770 2522 2817; x_wconf 88' lang='lat' dir='ltr'><strong>nostrum</strong></span> <span class='ocrx_word' id='word_1_463' title='bbox 2558 2769 2646 2817; x_wconf 93' lang='lat' dir='ltr'><strong>est</strong></span> <span class='ocrx_word' id='word_1_464' title='bbox 2687 2761 2784 2832; x_wconf 88' lang='lat' dir='ltr'><strong>qui</strong></span> <span class='ocrx_word' id='word_1_465' title='bbox 2815 2761 2984 2817; x_wconf 86' lang='lat' dir='ltr'><strong>dicit:</strong></span> <span class='ocrx_word' id='word_1_466' title='bbox 3026 2782 3046 2815; x_wconf 79' lang='grc' dir='ltr'><strong>ι</strong></span> <span class='ocrx_word' id='word_1_467' title='bbox 3078 2762 3212 2816; x_wconf 79' lang='lat' dir='ltr'><strong>Mihi</strong></span> <span class='ocrx_word' id='word_1_468' title='bbox 3240 2761 3642 2832; x_wconf 69' lang='lat' dir='ltr'><strong>fecistisquae-</strong></span> 
     </span>
    </p>
   </div>
   <div class='ocr_carea' id='block_1_60' title="bbox 2068 2852 3643 2923">
    <p class='ocr_par' dir='ltr' id='par_1_60' title="bbox 2068 2852 3643 2923">
     <span class='ocr_line' id='line_1_60' title="bbox 2068 2852 3643 2923; baseline -0.003 -14"><span class='ocrx_word' id='word_1_469' title='bbox 2068 2869 2286 2923; x_wconf 88' lang='lat' dir='ltr'><strong>cunque</strong></span> <span class='ocrx_word' id='word_1_470' title='bbox 2306 2852 2573 2909; x_wconf 80' lang='lat' dir='ltr'><strong>fratribus</strong></span> <span class='ocrx_word' id='word_1_471' title='bbox 2609 2854 2748 2909; x_wconf 88' lang='lat' dir='ltr'><strong>meis</strong></span> <span class='ocrx_word' id='word_1_472' title='bbox 2779 2853 3024 2908; x_wconf 89' lang='lat' dir='ltr'><strong>minimis</strong></span> <span class='ocrx_word' id='word_1_473' title='bbox 3057 2852 3348 2909; x_wconf 79' lang='lat' dir='ltr'><strong>fecistis”.</strong></span> <span class='ocrx_word' id='word_1_474' title='bbox 3391 2871 3409 2904; x_wconf 71' lang='grc' dir='ltr'><strong>ι</strong></span> <span class='ocrx_word' id='word_1_475' title='bbox 3447 2853 3516 2907; x_wconf 89' lang='grc' dir='ltr'>Ει</span> <span class='ocrx_word' id='word_1_476' title='bbox 3540 2866 3643 2922; x_wconf 87' lang='lat' dir='ltr'><strong>per</strong></span> 
     </span>
    </p>
   </div>
   <div class='ocr_carea' id='block_1_61' title="bbox 2067 2942 3645 3014">
    <p class='ocr_par' dir='ltr' id='par_1_61' title="bbox 2067 2942 3645 3014">
     <span class='ocr_line' id='line_1_61' title="bbox 2067 2942 3645 3014; baseline -0.001 -16"><span class='ocrx_word' id='word_1_477' title='bbox 2067 2943 2288 2998; x_wconf 79' lang='lat' dir='ltr'><strong>Isaiam:</strong></span> <span class='ocrx_word' id='word_1_478' title='bbox 2323 2963 2341 2994; x_wconf 75' lang='grc' dir='ltr'><strong>ι</strong></span> <span class='ocrx_word' id='word_1_479' title='bbox 2359 2943 2632 3013; x_wconf 89' lang='lat' dir='ltr'><strong>Tempore</strong></span> <span class='ocrx_word' id='word_1_480' title='bbox 2656 2950 2883 3014; x_wconf 87' lang='lat' dir='ltr'><strong>accepto</strong></span> <span class='ocrx_word' id='word_1_481' title='bbox 2908 2942 3164 2998; x_wconf 71' lang='lat' dir='ltr'><strong>exaudiri</strong></span> <span class='ocrx_word' id='word_1_482' title='bbox 3188 2953 3264 3009; x_wconf 89' lang='lat' dir='ltr'><strong>te,</strong></span> <span class='ocrx_word' id='word_1_483' title='bbox 3286 2944 3417 2998; x_wconf 90' lang='lat' dir='ltr'><strong>etin</strong></span> <span class='ocrx_word' id='word_1_484' title='bbox 3442 2942 3532 2998; x_wconf 89' lang='lat' dir='ltr'><strong>die</strong></span> <span class='ocrx_word' id='word_1_485' title='bbox 3557 2956 3645 2997; x_wconf 86' lang='lat' dir='ltr'><strong>sa-</strong></span> 
     </span>
    </p>
   </div>
   <div class='ocr_carea' id='block_1_62' title="bbox 2066 3033 3641 3107">
    <p class='ocr_par' dir='ltr' id='par_1_62' title="bbox 2066 3033 3641 3107">
     <span class='ocr_line' id='line_1_62' title="bbox 2066 3033 3641 3107; baseline 0.001 -20"><span class='ocrx_word' id='word_1_486' title='bbox 2066 3033 2201 3089; x_wconf 92' lang='lat' dir='ltr'><strong>lutis</strong></span> <span class='ocrx_word' id='word_1_487' title='bbox 2220 3034 2410 3089; x_wconf 89' lang='lat' dir='ltr'><strong>audivi</strong></span> <span class='ocrx_word' id='word_1_488' title='bbox 2429 3042 2483 3089; x_wconf 87' lang='lat' dir='ltr'><strong>te</strong></span> <span class='ocrx_word' id='word_1_489' title='bbox 2506 3036 2575 3089; x_wconf 80' lang='grc' dir='ltr'><strong>⁸ι.</strong></span> <span class='ocrx_word' id='word_1_490' title='bbox 2608 3053 2627 3087; x_wconf 75' lang='grc' dir='ltr'><strong>ι</strong></span> <span class='ocrx_word' id='word_1_491' title='bbox 2660 3035 2804 3090; x_wconf 85' lang='lat' dir='ltr'><strong>Sane</strong></span> <span class='ocrx_word' id='word_1_492' title='bbox 2830 3043 3050 3107; x_wconf 83' lang='lat' dir='ltr'><strong>tempus</strong></span> <span class='ocrx_word' id='word_1_493' title='bbox 3073 3035 3213 3091; x_wconf 89' lang='lat' dir='ltr'><strong>illud</strong></span> <span class='ocrx_word' id='word_1_494' title='bbox 3240 3034 3321 3092; x_wconf 90' lang='lat' dir='ltr'><strong>sic</strong></span> <span class='ocrx_word' id='word_1_495' title='bbox 3345 3042 3641 3105; x_wconf 85' lang='lat' dir='ltr'><strong>acceptum</strong></span> 
     </span>
    </p>
   </div>
   <div class='ocr_carea' id='block_1_63' title="bbox 2068 3125 3641 3198">
    <p class='ocr_par' dir='ltr' id='par_1_63' title="bbox 2068 3125 3641 3198">
     <span class='ocr_line' id='line_1_63' title="bbox 2068 3125 3641 3198; baseline 0.001 -19"><span class='ocrx_word' id='word_1_496' title='bbox 2068 3125 2164 3179; x_wconf 92' lang='lat' dir='ltr'><strong>ubi</strong></span> <span class='ocrx_word' id='word_1_497' title='bbox 2187 3125 2412 3181; x_wconf 80' lang='lat' dir='ltr'><strong>advenit</strong></span> <span class='ocrx_word' id='word_1_498' title='bbox 2440 3132 2499 3181; x_wconf 91' lang='lat' dir='ltr'><strong>et</strong></span> <span class='ocrx_word' id='word_1_499' title='bbox 2539 3126 2664 3181; x_wconf 87' lang='lat' dir='ltr'><strong>dies</strong></span> <span class='ocrx_word' id='word_1_500' title='bbox 2693 3126 2890 3182; x_wconf 88' lang='lat' dir='ltr'><strong>salutis</strong></span> <span class='ocrx_word' id='word_1_501' title='bbox 2941 3136 3163 3193; x_wconf 85' lang='lat' dir='ltr'><strong>nostrae,</strong></span> <span class='ocrx_word' id='word_1_502' title='bbox 3199 3141 3397 3198; x_wconf 88' lang='lat' dir='ltr'><strong>nempe</strong></span> <span class='ocrx_word' id='word_1_503' title='bbox 3429 3125 3641 3198; x_wconf 83' lang='lat' dir='ltr'><strong>gratia:</strong></span> 
     </span>
    </p>
   </div>
   <div class='ocr_carea' id='block_1_64' title="bbox 373 3210 1957 3298">
    <p class='ocr_par' dir='ltr' id='par_1_64' title="bbox 373 3213 1957 3298">
     <span class='ocr_line' id='line_1_64' title="bbox 373 3213 1957 3298; baseline 0.007 -32"><span class='ocrx_word' id='word_1_504' title='bbox 373 3215 491 3267; x_wconf 79' lang='grc' dir='ltr'><strong>ὑπὸ</strong></span> <span class='ocrx_word' id='word_1_505' title='bbox 539 3213 649 3267; x_wconf 85' lang='grc' dir='ltr'><strong>τῶν</strong></span> <span class='ocrx_word' id='word_1_506' title='bbox 686 3215 1091 3288; x_wconf 81' lang='grc' dir='ltr'>Γραμματέων,</span> <span class='ocrx_word' id='word_1_507' title='bbox 1138 3222 1236 3275; x_wconf 81' lang='grc' dir='ltr'>καὶ</span> <span class='ocrx_word' id='word_1_508' title='bbox 1279 3222 1610 3295; x_wconf 76' lang='grc' dir='ltr'>Φαρισαίων,</span> <span class='ocrx_word' id='word_1_509' title='bbox 1644 3224 1732 3278; x_wconf 82' lang='grc' dir='ltr'><strong>διὰ</strong></span> <span class='ocrx_word' id='word_1_510' title='bbox 1778 3224 1832 3277; x_wconf 80' lang='grc' dir='ltr'>τε</span> <span class='ocrx_word' id='word_1_511' title='bbox 1884 3224 1957 3298; x_wconf 81' lang='grc' dir='ltr'>μὴ</span> 
     </span>
    </p>
   </div>
   <div class='ocr_carea' id='block_1_65' title="bbox 2062 3210 3645 3298">
    <p class='ocr_par' dir='ltr' id='par_1_65' title="bbox 2065 3216 3645 3290">
     <span class='ocr_line' id='line_1_65' title="bbox 2065 3216 3645 3290; baseline 0.001 -18"><span class='ocrx_word' id='word_1_512' title='bbox 2065 3225 2197 3272; x_wconf 90' lang='lat' dir='ltr'><strong>tunc</strong></span> <span class='ocrx_word' id='word_1_513' title='bbox 2218 3216 2579 3288; x_wconf 85' lang='lat' dir='ltr'><strong>etApostolus</strong></span> <span class='ocrx_word' id='word_1_514' title='bbox 2600 3218 2737 3275; x_wconf 90' lang='lat' dir='ltr'><strong>illud</strong></span> <span class='ocrx_word' id='word_1_515' title='bbox 2749 3220 2903 3276; x_wconf 90' lang='lat' dir='ltr'><strong>velut</strong></span> <span class='ocrx_word' id='word_1_516' title='bbox 2925 3220 3109 3276; x_wconf 85' lang='lat' dir='ltr'><strong>indice</strong></span> <span class='ocrx_word' id='word_1_517' title='bbox 3130 3219 3481 3276; x_wconf 72' lang='lat' dir='ltr'><strong>manifestius</strong></span> <span class='ocrx_word' id='word_1_518' title='bbox 3512 3232 3645 3290; x_wconf 81' lang='lat' dir='ltr'><strong>pro-</strong></span> 
     </span>
    </p>
   </div>
   <div class='ocr_carea' id='block_1_66' title="bbox 375 3298 1957 3385">
    <p class='ocr_par' dir='ltr' id='par_1_66' title="bbox 375 3298 1957 3385">
     <span class='ocr_line' id='line_1_66' title="bbox 375 3298 1957 3385; baseline 0.008 -26"><span class='ocrx_word' id='word_1_519' title='bbox 375 3298 741 3375; x_wconf 79' lang='grc' dir='ltr'>νηστεύουσιν</span> <span class='ocrx_word' id='word_1_520' title='bbox 768 3308 819 3360; x_wconf 83' lang='lat' dir='ltr'><strong>oi</strong></span> <span class='ocrx_word' id='word_1_521' title='bbox 855 3309 1095 3381; x_wconf 72' lang='grc' dir='ltr'>μαθηταὶ</span> <span class='ocrx_word' id='word_1_522' title='bbox 1127 3312 1315 3379; x_wconf 83' lang='grc' dir='ltr'>αὐτοῦ,</span> <span class='ocrx_word' id='word_1_523' title='bbox 1349 3314 1710 3385; x_wconf 78' lang='grc' dir='ltr'>ἐπεστόμισεν</span> <span class='ocrx_word' id='word_1_524' title='bbox 1739 3316 1957 3383; x_wconf 76' lang='grc' dir='ltr'>αὐτοὺς,</span> 
     </span>
    </p>
   </div>
   <div class='ocr_carea' id='block_1_67' title="bbox 2062 3298 3646 3385">
    <p class='ocr_par' dir='ltr' id='par_1_67' title="bbox 2064 3308 3646 3383">
     <span class='ocr_line' id='line_1_67' title="bbox 2064 3308 3646 3383; baseline 0.003 -20"><span class='ocrx_word' id='word_1_525' title='bbox 2064 3308 2222 3374; x_wconf 91' lang='lat' dir='ltr'><strong>dens,</strong></span> <span class='ocrx_word' id='word_1_526' title='bbox 2249 3309 2327 3364; x_wconf 81' lang='lat' dir='ltr'><strong>ait</strong></span> <span class='ocrx_word' id='word_1_527' title='bbox 2347 3309 2547 3366; x_wconf 73' lang='lat' dir='ltr'><strong>:iEcce</strong></span> <span class='ocrx_word' id='word_1_528' title='bbox 2569 3326 2719 3367; x_wconf 87' lang='lat' dir='ltr'><strong>nunc</strong></span> <span class='ocrx_word' id='word_1_529' title='bbox 2742 3318 2963 3382; x_wconf 89' lang='lat' dir='ltr'><strong>tempus</strong></span> <span class='ocrx_word' id='word_1_530' title='bbox 2979 3312 3340 3383; x_wconf 85' lang='lat' dir='ltr'><strong>acceptabile,</strong></span> <span class='ocrx_word' id='word_1_531' title='bbox 3359 3312 3483 3367; x_wconf 81' lang='lat' dir='ltr'><strong>dies</strong></span> <span class='ocrx_word' id='word_1_532' title='bbox 3499 3313 3646 3367; x_wconf 83' lang='lat' dir='ltr'><strong>salu-</strong></span> 
     </span>
    </p>
   </div>
   <div class='ocr_carea' id='block_1_68' title="bbox 375 3396 1957 3475">
    <p class='ocr_par' dir='ltr' id='par_1_68' title="bbox 375 3396 1957 3475">
     <span class='ocr_line' id='line_1_68' title="bbox 375 3396 1957 3475; baseline 0.006 -27"><span class='ocrx_word' id='word_1_533' title='bbox 375 3396 593 3466; x_wconf 74' lang='grc' dir='ltr'>λέγων’</span> <span class='ocrx_word' id='word_1_534' title='bbox 632 3415 650 3450; x_wconf 86' lang='grc' dir='ltr'><strong>ι</strong></span> <span class='ocrx_word' id='word_1_535' title='bbox 703 3397 795 3468; x_wconf 76' lang='grc' dir='ltr'><strong>Μὴ</strong></span> <span class='ocrx_word' id='word_1_536' title='bbox 836 3398 1088 3455; x_wconf 80' lang='grc' dir='ltr'>δύνανται</span> <span class='ocrx_word' id='word_1_537' title='bbox 1132 3404 1184 3457; x_wconf 77' lang='grc' dir='ltr'>οἱ</span> <span class='ocrx_word' id='word_1_538' title='bbox 1234 3405 1339 3457; x_wconf 71' lang='grc' dir='ltr'>υἱοὶ</span> <span class='ocrx_word' id='word_1_539' title='bbox 1384 3403 1479 3456; x_wconf 85' lang='grc' dir='ltr'>τοῦ</span> <span class='ocrx_word' id='word_1_540' title='bbox 1526 3405 1845 3474; x_wconf 64' lang='grc' dir='ltr'>νυμφῶνος,</span> <span class='ocrx_word' id='word_1_541' title='bbox 1874 3406 1957 3475; x_wconf 76' lang='grc' dir='ltr'><strong>ἐφ’</strong></span> 
     </span>
    </p>
   </div>
   <div class='ocr_carea' id='block_1_69' title="bbox 2062 3396 3645 3475">
    <p class='ocr_par' dir='ltr' id='par_1_69' title="bbox 2067 3401 3645 3469">
     <span class='ocr_line' id='line_1_69' title="bbox 2067 3401 3645 3469; baseline 0.002 -14"><span class='ocrx_word' id='word_1_542' title='bbox 2067 3401 2172 3466; x_wconf 89' lang='lat' dir='ltr'><strong>tis,</strong></span> <span class='ocrx_word' id='word_1_543' title='bbox 2204 3402 2420 3457; x_wconf 86' lang='lat' dir='ltr'><strong>nemini</strong></span> <span class='ocrx_word' id='word_1_544' title='bbox 2438 3401 2639 3460; x_wconf 82' lang='lat' dir='ltr'><strong>dantes</strong></span> <span class='ocrx_word' id='word_1_545' title='bbox 2662 3404 2834 3459; x_wconf 80' lang='lat' dir='ltr'><strong>ullam</strong></span> <span class='ocrx_word' id='word_1_546' title='bbox 2860 3403 3249 3469; x_wconf 83' lang='lat' dir='ltr'><strong>otl&#39;ensionem,</strong></span> <span class='ocrx_word' id='word_1_547' title='bbox 3267 3412 3331 3459; x_wconf 88' lang='lat' dir='ltr'><strong>ut</strong></span> <span class='ocrx_word' id='word_1_548' title='bbox 3359 3418 3472 3460; x_wconf 90' lang='lat' dir='ltr'><strong>non</strong></span> <span class='ocrx_word' id='word_1_549' title='bbox 3494 3404 3645 3459; x_wconf 83' lang='lat' dir='ltr'><strong>vitu-</strong></span> 
     </span>
    </p>
   </div>
   <div class='ocr_carea' id='block_1_70' title="bbox 376 3483 1957 3566">
    <p class='ocr_par' dir='ltr' id='par_1_70' title="bbox 376 3487 1957 3566">
     <span class='ocr_line' id='line_1_70' title="bbox 376 3487 1957 3566; baseline 0.007 -28"><span class='ocrx_word' id='word_1_550' title='bbox 376 3489 517 3540; x_wconf 72' lang='grc' dir='ltr'>ὅσον,</span> <span class='ocrx_word' id='word_1_551' title='bbox 539 3487 730 3556; x_wconf 77' lang='grc' dir='ltr'>χρόνον</span> <span class='ocrx_word' id='word_1_552' title='bbox 750 3490 880 3557; x_wconf 79' lang='grc' dir='ltr'>μετ’</span> <span class='ocrx_word' id='word_1_553' title='bbox 909 3491 1090 3544; x_wconf 79' lang='grc' dir='ltr'>αὐτῶν</span> <span class='ocrx_word' id='word_1_554' title='bbox 1118 3494 1146 3545; x_wconf 90' lang='lat'><strong>6</strong></span> <span class='ocrx_word' id='word_1_555' title='bbox 1172 3494 1404 3563; x_wconf 74' lang='grc' dir='ltr'>νυμφεος</span> <span class='ocrx_word' id='word_1_556' title='bbox 1432 3496 1608 3557; x_wconf 73' lang='grc' dir='ltr'>ἐστὶν,</span> <span class='ocrx_word' id='word_1_557' title='bbox 1641 3496 1925 3566; x_wconf 78' lang='grc' dir='ltr'>νηστεύειν</span> <span class='ocrx_word' id='word_1_558' title='bbox 1944 3513 1957 3529; x_wconf 89' lang='grc'><strong>·</strong></span> 
     </span>
    </p>
   </div>
   <div class='ocr_carea' id='block_1_71' title="bbox 2062 3483 3645 3566">
    <p class='ocr_par' dir='ltr' id='par_1_71' title="bbox 2068 3483 3645 3560">
     <span class='ocr_line' id='line_1_71' title="bbox 2068 3483 3645 3560; baseline 0.003 -17"><span class='ocrx_word' id='word_1_559' title='bbox 2068 3483 2688 3560; x_wconf 68' lang='lat' dir='ltr'><strong>peretur&#39;ministerium</strong></span> <span class='ocrx_word' id='word_1_560' title='bbox 2712 3500 2986 3557; x_wconf 88' lang='lat' dir='ltr'><strong>nostrum,</strong></span> <span class='ocrx_word' id='word_1_561' title='bbox 3008 3492 3104 3547; x_wconf 81' lang='lat' dir='ltr'><strong>sed</strong></span> <span class='ocrx_word' id='word_1_562' title='bbox 3123 3491 3356 3547; x_wconf 87' lang='lat' dir='ltr'><strong>honeste</strong></span> <span class='ocrx_word' id='word_1_563' title='bbox 3372 3501 3429 3547; x_wconf 89' lang='lat' dir='ltr'><strong>et</strong></span> <span class='ocrx_word' id='word_1_564' title='bbox 3443 3506 3645 3548; x_wconf 90' lang='lat' dir='ltr'><strong>secun-</strong></span> 
     </span>
    </p>
   </div>
   <div class='ocr_carea' id='block_1_72' title="bbox 375 3578 1957 3656">
    <p class='ocr_par' dir='ltr' id='par_1_72' title="bbox 375 3578 1957 3656">
     <span class='ocr_line' id='line_1_72' title="bbox 375 3578 1957 3656; baseline 0.006 -25"><span class='ocrx_word' id='word_1_565' title='bbox 375 3578 700 3635; x_wconf 61' lang='grc' dir='ltr'>ἐλεύσονται</span> <span class='ocrx_word' id='word_1_566' title='bbox 744 3581 801 3633; x_wconf 79' lang='grc' dir='ltr'>δὲ</span> <span class='ocrx_word' id='word_1_567' title='bbox 855 3582 1079 3652; x_wconf 79' lang='grc' dir='ltr'>ἡμέραι,</span> <span class='ocrx_word' id='word_1_568' title='bbox 1138 3584 1266 3636; x_wconf 82' lang='grc' dir='ltr'>ὅταν</span> <span class='ocrx_word' id='word_1_569' title='bbox 1311 3586 1530 3656; x_wconf 80' lang='grc' dir='ltr'>ἀπαρθῇ</span> <span class='ocrx_word' id='word_1_570' title='bbox 1582 3588 1677 3639; x_wconf 84' lang='grc' dir='ltr'><strong>ἀπ’</strong></span> <span class='ocrx_word' id='word_1_571' title='bbox 1709 3587 1889 3642; x_wconf 73' lang='grc' dir='ltr'>αὐτῶν</span> <span class='ocrx_word' id='word_1_572' title='bbox 1936 3589 1957 3640; x_wconf 84' lang='lat'><strong>6</strong></span> 
     </span>
    </p>
   </div>
   <div class='ocr_carea' id='block_1_73' title="bbox 2062 3578 3651 3656">
    <p class='ocr_par' dir='ltr' id='par_1_73' title="bbox 2072 3580 3651 3640">
     <span class='ocr_line' id='line_1_73' title="bbox 2072 3580 3651 3640; baseline 0.003 -5"><span class='ocrx_word' id='word_1_573' title='bbox 2072 3580 2211 3635; x_wconf 87' lang='lat' dir='ltr'><strong>dum</strong></span> <span class='ocrx_word' id='word_1_574' title='bbox 2246 3580 2502 3637; x_wconf 86' lang='lat' dir='ltr'><strong>ordinem</strong></span> <span class='ocrx_word' id='word_1_575' title='bbox 2554 3582 2744 3637; x_wconf 91' lang='lat' dir='ltr'><strong>omnia</strong></span> <span class='ocrx_word' id='word_1_576' title='bbox 2786 3583 3018 3637; x_wconf 80' lang='lat' dir='ltr'><strong>ﬁant“:</strong></span> <span class='ocrx_word' id='word_1_577' title='bbox 3050 3601 3069 3633; x_wconf 71' lang='grc' dir='ltr'><strong>ι</strong></span> <span class='ocrx_word' id='word_1_578' title='bbox 3106 3582 3263 3640; x_wconf 82' lang='lat' dir='ltr'><strong>Unde</strong></span> <span class='ocrx_word' id='word_1_579' title='bbox 3288 3592 3345 3639; x_wconf 89' lang='lat' dir='ltr'><strong>et</strong></span> <span class='ocrx_word' id='word_1_580' title='bbox 3376 3583 3651 3640; x_wconf 82' lang='lat' dir='ltr'><strong>Dominus</strong></span> 
     </span>
    </p>
   </div>
   <div class='ocr_carea' id='block_1_74' title="bbox 376 3671 1957 3745">
    <p class='ocr_par' dir='ltr' id='par_1_74' title="bbox 376 3671 1957 3745">
     <span class='ocr_line' id='line_1_74' title="bbox 376 3671 1957 3745; baseline 0.007 -22"><span class='ocrx_word' id='word_1_581' title='bbox 376 3671 650 3740; x_wconf 67' lang='grc' dir='ltr'>νυμφίος,</span> <span class='ocrx_word' id='word_1_582' title='bbox 701 3673 798 3725; x_wconf 69' lang='grc' dir='ltr'>καὶ</span> <span class='ocrx_word' id='word_1_583' title='bbox 841 3673 964 3726; x_wconf 83' lang='grc' dir='ltr'>τότε</span> <span class='ocrx_word' id='word_1_584' title='bbox 1020 3676 1406 3745; x_wconf 78' lang='grc' dir='ltr'>νηστεύσουσιν</span> <span class='ocrx_word' id='word_1_585' title='bbox 1455 3680 1509 3732; x_wconf 77' lang='grc' dir='ltr'>ἐν</span> <span class='ocrx_word' id='word_1_586' title='bbox 1559 3679 1798 3743; x_wconf 76' lang='grc' dir='ltr'>ἐκείναις</span> <span class='ocrx_word' id='word_1_587' title='bbox 1847 3683 1957 3743; x_wconf 85' lang='grc' dir='ltr'>ταῖς</span> 
     </span>
    </p>
   </div>
   <div class='ocr_carea' id='block_1_75' title="bbox 2062 3671 3651 3745">
    <p class='ocr_par' dir='ltr' id='par_1_75' title="bbox 2073 3674 3651 3743">
     <span class='ocr_line' id='line_1_75' title="bbox 2073 3674 3651 3743; baseline 0.001 -15"><span class='ocrx_word' id='word_1_588' title='bbox 2073 3674 2180 3728; x_wconf 88' lang='lat' dir='ltr'><strong>hoc</strong></span> <span class='ocrx_word' id='word_1_589' title='bbox 2227 3674 2409 3743; x_wconf 91' lang='lat' dir='ltr'><strong>ipsum</strong></span> <span class='ocrx_word' id='word_1_590' title='bbox 2460 3682 2683 3743; x_wconf 89' lang='lat' dir='ltr'><strong>tempus</strong></span> <span class='ocrx_word' id='word_1_591' title='bbox 2735 3674 3027 3740; x_wconf 84' lang='lat' dir='ltr'><strong>indicans,</strong></span> <span class='ocrx_word' id='word_1_592' title='bbox 3095 3689 3223 3730; x_wconf 86' lang='lat' dir='ltr'><strong>cum</strong></span> <span class='ocrx_word' id='word_1_593' title='bbox 3288 3683 3651 3732; x_wconf 83' lang='lat' dir='ltr'><strong>accusaretur</strong></span> 
     </span>
    </p>
   </div>
   <div class='ocr_carea' id='block_1_76' title="bbox 377 3762 1957 3841">
    <p class='ocr_par' dir='ltr' id='par_1_76' title="bbox 377 3762 1957 3841">
     <span class='ocr_line' id='line_1_76' title="bbox 377 3762 1957 3841; baseline 0.008 -30"><span class='ocrx_word' id='word_1_594' title='bbox 377 3762 657 3832; x_wconf 46' lang='grc' dir='ltr'>ἡμέραις..</span> <span class='ocrx_word' id='word_1_595' title='bbox 699 3782 717 3816; x_wconf 74' lang='grc' dir='ltr'><strong>ι</strong></span> <span class='ocrx_word' id='word_1_596' title='bbox 759 3763 917 3833; x_wconf 72' lang='grc' dir='ltr'><strong>Αὑτῷ</strong></span> <span class='ocrx_word' id='word_1_597' title='bbox 962 3766 1255 3836; x_wconf 64' lang='grc' dir='ltr'><strong>ἠδῦξιτῷ</strong></span> <span class='ocrx_word' id='word_1_598' title='bbox 1284 3767 1538 3840; x_wconf 77' lang='grc' dir='ltr'>ἀθανάτῳ</span> <span class='ocrx_word' id='word_1_599' title='bbox 1565 3771 1783 3841; x_wconf 73' lang='grc' dir='ltr'>νυμφίῳ</span> <span class='ocrx_word' id='word_1_600' title='bbox 1825 3773 1957 3841; x_wconf 87' lang='grc' dir='ltr'>Χρι-</span> 
     </span>
    </p>
   </div>
   <div class='ocr_carea' id='block_1_77' title="bbox 2062 3762 3649 3841">
    <p class='ocr_par' dir='ltr' id='par_1_77' title="bbox 2072 3763 3649 3836">
     <span class='ocr_line' id='line_1_77' title="bbox 2072 3763 3649 3836; baseline 0.001 -17"><span class='ocrx_word' id='word_1_601' title='bbox 2072 3781 2102 3819; x_wconf 93' lang='lat' dir='ltr'><strong>a</strong></span> <span class='ocrx_word' id='word_1_602' title='bbox 2135 3763 2346 3820; x_wconf 89' lang='lat' dir='ltr'><strong>Scribis</strong></span> <span class='ocrx_word' id='word_1_603' title='bbox 2378 3773 2436 3819; x_wconf 92' lang='lat' dir='ltr'><strong>et</strong></span> <span class='ocrx_word' id='word_1_604' title='bbox 2460 3764 2753 3820; x_wconf 70' lang='lat' dir='ltr'><strong>Pharismis</strong></span> <span class='ocrx_word' id='word_1_605' title='bbox 2792 3774 3088 3836; x_wconf 87' lang='lat' dir='ltr'><strong>propterea</strong></span> <span class='ocrx_word' id='word_1_606' title='bbox 3119 3766 3268 3836; x_wconf 86' lang='lat' dir='ltr'><strong>quod</strong></span> <span class='ocrx_word' id='word_1_607' title='bbox 3299 3767 3446 3821; x_wconf 83' lang='lat' dir='ltr'><strong>illius</strong></span> <span class='ocrx_word' id='word_1_608' title='bbox 3481 3767 3649 3822; x_wconf 72' lang='lat' dir='ltr'><strong>disci-</strong></span> 
     </span>
    </p>
   </div>
   <div class='ocr_carea' id='block_1_78' title="bbox 380 3848 1957 3927">
    <p class='ocr_par' dir='ltr' id='par_1_78' title="bbox 380 3848 1957 3923">
     <span class='ocr_line' id='line_1_78' title="bbox 380 3848 1957 3923; baseline 0.007 -21"><span class='ocrx_word' id='word_1_609' title='bbox 380 3848 503 3919; x_wconf 76' lang='grc' dir='ltr'>στῷ</span> <span class='ocrx_word' id='word_1_610' title='bbox 534 3850 613 3919; x_wconf 76' lang='grc' dir='ltr'>τῷ</span> <span class='ocrx_word' id='word_1_611' title='bbox 662 3850 781 3921; x_wconf 84' lang='grc' dir='ltr'><strong>Θεῷ</strong></span> <span class='ocrx_word' id='word_1_612' title='bbox 830 3854 989 3923; x_wconf 77' lang='grc' dir='ltr'>ἡμῶν</span> <span class='ocrx_word' id='word_1_613' title='bbox 1027 3857 1105 3918; x_wconf 85' lang='grc' dir='ltr'><strong>εἰς</strong></span> <span class='ocrx_word' id='word_1_614' title='bbox 1150 3857 1278 3922; x_wconf 78' lang='grc' dir='ltr'>τοὺς</span> <span class='ocrx_word' id='word_1_615' title='bbox 1326 3858 1529 3922; x_wconf 78' lang='grc' dir='ltr'>αἰῶνας</span> <span class='ocrx_word' id='word_1_616' title='bbox 1576 3860 1686 3912; x_wconf 86' lang='grc' dir='ltr'><strong>τῶν</strong></span> <span class='ocrx_word' id='word_1_617' title='bbox 1730 3858 1957 3914; x_wconf 84' lang='grc' dir='ltr'>αἰώνων.</span> 
     </span>
    </p>
   </div>
   <div class='ocr_carea' id='block_1_79' title="bbox 2062 3848 3651 3927">
    <p class='ocr_par' dir='ltr' id='par_1_79' title="bbox 2072 3854 3651 3927">
     <span class='ocr_line' id='line_1_79' title="bbox 2072 3854 3651 3927; baseline 0.003 -18"><span class='ocrx_word' id='word_1_618' title='bbox 2072 3855 2189 3927; x_wconf 87' lang='lat' dir='ltr'><strong>puli</strong></span> <span class='ocrx_word' id='word_1_619' title='bbox 2245 3854 2570 3927; x_wconf 86' lang='lat' dir='ltr'><strong>neutiquam</strong></span> <span class='ocrx_word' id='word_1_620' title='bbox 2621 3858 2936 3927; x_wconf 83' lang='lat' dir='ltr'><strong>jejunarcnt</strong></span> <span class='ocrx_word' id='word_1_621' title='bbox 2979 3874 2994 3911; x_wconf 88' lang='lat'><strong>:</strong></span> <span class='ocrx_word' id='word_1_622' title='bbox 3038 3874 3137 3913; x_wconf 89' lang='lat' dir='ltr'><strong>ora</strong></span> <span class='ocrx_word' id='word_1_623' title='bbox 3179 3857 3399 3912; x_wconf 91' lang='lat' dir='ltr'><strong>illorum</strong></span> <span class='ocrx_word' id='word_1_624' title='bbox 3437 3866 3651 3914; x_wconf 88' lang='lat' dir='ltr'><strong>temere</strong></span> 
     </span>
    </p>
   </div>
   <div class='ocr_carea' id='block_1_80' title="bbox 399 3937 3649 4028">
    <p class='ocr_par' dir='ltr' id='par_1_80' title="bbox 399 3937 3649 4028">
     <span class='ocr_line' id='line_1_80' title="bbox 399 3937 3649 4028; baseline 0.004 -36"><span class='ocrx_word' id='word_1_625' title='bbox 399 3937 603 4010; x_wconf 80' lang='grc' dir='ltr'>Ἀμήν.</span> <span class='ocrx_word' id='word_1_626' title='bbox 1889 4000 1911 4028; x_wconf 32' lang='grc' dir='ltr'>ι,</span> <span class='ocrx_word' id='word_1_627' title='bbox 2068 3957 2124 4003; x_wconf 91' lang='lat' dir='ltr'><strong>et</strong></span> <span class='ocrx_word' id='word_1_628' title='bbox 2149 3946 2499 4016; x_wconf 88' lang='lat' dir='ltr'><strong>impudenter</strong></span> <span class='ocrx_word' id='word_1_629' title='bbox 2517 3948 2848 4003; x_wconf 82' lang='lat' dir='ltr'><strong>oblatrantia</strong></span> <span class='ocrx_word' id='word_1_630' title='bbox 2865 3948 3457 4018; x_wconf 87' lang='lat' dir='ltr'><strong>compescuit,dicens:</strong></span> <span class='ocrx_word' id='word_1_631' title='bbox 3486 3966 3504 4001; x_wconf 75' lang='grc' dir='ltr'><strong>ι</strong></span> <span class='ocrx_word' id='word_1_632' title='bbox 3529 3950 3649 4005; x_wconf 83' lang='lat' dir='ltr'><strong>Non</strong></span> 
     </span>
    </p>
   </div>
   <div class='ocr_carea' id='block_1_81' title="bbox 382 4032 3655 4113">
    <p class='ocr_par' dir='ltr' id='par_1_81' title="bbox 382 4032 3655 4113">
     <span class='ocr_line' id='line_1_81' title="bbox 382 4032 3655 4113; baseline 0.003 -28"><span class='ocrx_word' id='word_1_633' title='bbox 382 4040 626 4099; x_wconf 80' lang='lat' dir='ltr'><strong>possunt</strong></span> <span class='ocrx_word' id='word_1_634' title='bbox 648 4032 741 4086; x_wconf 81' lang='lat' dir='ltr'><strong>lilii</strong></span> <span class='ocrx_word' id='word_1_635' title='bbox 777 4035 984 4103; x_wconf 89' lang='lat' dir='ltr'><strong>sponsi,</strong></span> <span class='ocrx_word' id='word_1_636' title='bbox 1018 4048 1225 4107; x_wconf 88' lang='lat' dir='ltr'><strong>quanto</strong></span> <span class='ocrx_word' id='word_1_637' title='bbox 1248 4048 1495 4111; x_wconf 89' lang='lat' dir='ltr'><strong>tempore</strong></span> <span class='ocrx_word' id='word_1_638' title='bbox 1520 4058 1757 4113; x_wconf 89' lang='lat' dir='ltr'><strong>sponsus</strong></span> <span class='ocrx_word' id='word_1_639' title='bbox 1787 4052 1871 4098; x_wconf 91' lang='lat' dir='ltr'><strong>cst</strong></span> <span class='ocrx_word' id='word_1_640' title='bbox 1900 4056 2024 4097; x_wconf 89' lang='lat' dir='ltr'><strong>cum</strong></span> <span class='ocrx_word' id='word_1_641' title='bbox 2049 4040 2152 4104; x_wconf 87' lang='lat' dir='ltr'><strong>eis,</strong></span> <span class='ocrx_word' id='word_1_642' title='bbox 2168 4040 2447 4110; x_wconf 72' lang='lat' dir='ltr'><strong>ieiunare:</strong></span> <span class='ocrx_word' id='word_1_643' title='bbox 2470 4038 2699 4095; x_wconf 84' lang='lat' dir='ltr'><strong>venient</strong></span> <span class='ocrx_word' id='word_1_644' title='bbox 2723 4047 2907 4094; x_wconf 88' lang='lat' dir='ltr'><strong>autem</strong></span> <span class='ocrx_word' id='word_1_645' title='bbox 2930 4040 3068 4106; x_wconf 89' lang='lat' dir='ltr'><strong>dies,</strong></span> <span class='ocrx_word' id='word_1_646' title='bbox 3091 4056 3217 4096; x_wconf 91' lang='lat' dir='ltr'><strong>cum</strong></span> <span class='ocrx_word' id='word_1_647' title='bbox 3242 4040 3460 4097; x_wconf 89' lang='lat' dir='ltr'><strong>ablatus</strong></span> <span class='ocrx_word' id='word_1_648' title='bbox 3478 4041 3655 4096; x_wconf 81' lang='lat' dir='ltr'><strong>fuerit</strong></span> 
     </span>
    </p>
   </div>
   <div class='ocr_carea' id='block_1_82' title="bbox 379 4123 3636 4206">
    <p class='ocr_par' dir='ltr' id='par_1_82' title="bbox 379 4123 3636 4206">
     <span class='ocr_line' id='line_1_82' title="bbox 379 4123 3636 4206; baseline 0.004 -31"><span class='ocrx_word' id='word_1_649' title='bbox 379 4123 460 4175; x_wconf 88' lang='lat' dir='ltr'><strong>ab</strong></span> <span class='ocrx_word' id='word_1_650' title='bbox 510 4123 597 4177; x_wconf 80' lang='lat' dir='ltr'><strong>eis</strong></span> <span class='ocrx_word' id='word_1_651' title='bbox 635 4139 870 4193; x_wconf 78' lang='lat' dir='ltr'><strong>sponsus</strong></span> <span class='ocrx_word' id='word_1_652' title='bbox 893 4167 908 4191; x_wconf 91' lang='lat'><strong>,</strong></span> <span class='ocrx_word' id='word_1_653' title='bbox 960 4136 1091 4184; x_wconf 90' lang='lat' dir='ltr'><strong>tunc</strong></span> <span class='ocrx_word' id='word_1_654' title='bbox 1139 4131 1467 4203; x_wconf 88' lang='lat' dir='ltr'><strong>jejunabunt</strong></span> <span class='ocrx_word' id='word_1_655' title='bbox 1503 4135 1561 4192; x_wconf 91' lang='lat' dir='ltr'><strong>in</strong></span> <span class='ocrx_word' id='word_1_656' title='bbox 1591 4136 1701 4192; x_wconf 86' lang='lat' dir='ltr'><strong>illis</strong></span> <span class='ocrx_word' id='word_1_657' title='bbox 1730 4136 2010 4193; x_wconf 76' lang='lat' dir='ltr'><strong>diebus&quot;.</strong></span> <span class='ocrx_word' id='word_1_658' title='bbox 2053 4153 2070 4185; x_wconf 72' lang='grc' dir='ltr'><strong>ι</strong></span> <span class='ocrx_word' id='word_1_659' title='bbox 2123 4131 2228 4203; x_wconf 89' lang='lat' dir='ltr'><strong>Ipsi</strong></span> <span class='ocrx_word' id='word_1_660' title='bbox 2262 4147 2464 4203; x_wconf 89' lang='lat' dir='ltr'><strong>sponso</strong></span> <span class='ocrx_word' id='word_1_661' title='bbox 2498 4132 2797 4188; x_wconf 89' lang='lat' dir='ltr'><strong>immortali</strong></span> <span class='ocrx_word' id='word_1_662' title='bbox 2844 4132 3066 4189; x_wconf 87' lang='lat' dir='ltr'><strong>Christo</strong></span> <span class='ocrx_word' id='word_1_663' title='bbox 3094 4134 3210 4190; x_wconf 87' lang='lat' dir='ltr'><strong>Deo</strong></span> <span class='ocrx_word' id='word_1_664' title='bbox 3239 4142 3430 4192; x_wconf 85' lang='lat' dir='ltr'><strong>nostro</strong></span> <span class='ocrx_word' id='word_1_665' title='bbox 3462 4135 3636 4206; x_wconf 78' lang='lat' dir='ltr'><strong>gloria</strong></span> 
     </span>
    </p>
   </div>
   <div class='ocr_carea' id='block_1_83' title="bbox 382 4214 1307 4279">
    <p class='ocr_par' dir='ltr' id='par_1_83' title="bbox 382 4214 1307 4279">
     <span class='ocr_line' id='line_1_83' title="bbox 382 4214 1307 4279; baseline 0.013 -12"><span class='ocrx_word' id='word_1_666' title='bbox 382 4214 444 4267; x_wconf 86' lang='lat' dir='ltr'><strong>in</strong></span> <span class='ocrx_word' id='word_1_667' title='bbox 486 4215 685 4272; x_wconf 69' lang='lat' dir='ltr'><strong>saecula</strong></span> <span class='ocrx_word' id='word_1_668' title='bbox 710 4218 1064 4274; x_wconf 69' lang='lat' dir='ltr'><strong>swculorum.</strong></span> <span class='ocrx_word' id='word_1_669' title='bbox 1107 4221 1307 4279; x_wconf 86' lang='lat' dir='ltr'><strong>Amen.</strong></span> 
     </span>
    </p>
   </div>
   <div class='ocr_carea' id='block_1_84' title="bbox 1008 4333 1368 4402">
    <p class='ocr_par' dir='ltr' id='par_1_84' title="bbox 1008 4333 1368 4402">
     <span class='ocr_line' id='line_1_84' title="bbox 1008 4333 1368 4402; baseline 0.014 -18"><span class='ocrx_word' id='word_1_670' title='bbox 1008 4333 1225 4387; x_wconf 66' lang='lat' dir='ltr'><strong>aeros</strong></span> <span class='ocrx_word' id='word_1_671' title='bbox 1256 4337 1368 4402; x_wconf 63' lang='lat' dir='ltr'><strong>ur.</strong></span> 
     </span>
    </p>
   </div>
   <div class='ocr_carea' id='block_1_85' title="bbox 821 4409 1538 4516">
    <p class='ocr_par' dir='ltr' id='par_1_85' title="bbox 821 4409 1538 4516">
     <span class='ocr_line' id='line_1_85' title="bbox 821 4409 1538 4516; baseline 0.014 -23"><span class='ocrx_word' id='word_1_672' title='bbox 821 4442 957 4508; x_wconf 79' lang='grc' dir='ltr'>Περὶ</span> <span class='ocrx_word' id='word_1_673' title='bbox 991 4444 1095 4497; x_wconf 86' lang='grc' dir='ltr'>τοῦ</span> <span class='ocrx_word' id='word_1_674' title='bbox 1127 4409 1538 4516; x_wconf 74' lang='grc' dir='ltr'>συμπάσχειν.</span> 
     </span>
    </p>
   </div>
   <div class='ocr_carea' id='block_1_86' title="bbox 2516 4330 3230 4403">
    <p class='ocr_par' dir='ltr' id='par_1_86' title="bbox 2516 4330 3230 4403">
     <span class='ocr_line' id='line_1_86' title="bbox 2516 4330 3230 4403; baseline -0.007 -12"><span class='ocrx_word' id='word_1_675' title='bbox 2516 4330 2558 4399; x_wconf 88' lang='grc' dir='ltr'><strong>ι</strong></span> <span class='ocrx_word' id='word_1_676' title='bbox 2572 4331 2732 4403; x_wconf 64' lang='grc'><strong>174</strong></span> <span class='ocrx_word' id='word_1_677' title='bbox 2753 4330 3036 4387; x_wconf 82' lang='lat' dir='ltr'><strong>HOMILIA</strong></span> <span class='ocrx_word' id='word_1_678' title='bbox 3067 4331 3230 4388; x_wconf 79' lang='lat' dir='ltr'><strong>XCII.</strong></span> 
     </span>
    </p>
   </div>
   <div class='ocr_carea' id='block_1_87' title="bbox 2067 4442 3661 4521">
    <p class='ocr_par' dir='ltr' id='par_1_87' title="bbox 2067 4442 3661 4521">
     <span class='ocr_line' id='line_1_87' title="bbox 2067 4442 3661 4521; baseline 0.004 -23"><span class='ocrx_word' id='word_1_679' title='bbox 2067 4442 2268 4499; x_wconf 73' lang='lat' dir='ltr'><strong>Aliena:</strong></span> <span class='ocrx_word' id='word_1_680' title='bbox 2284 4442 2585 4499; x_wconf 79' lang='lat' dir='ltr'><strong>calamitati</strong></span> <span class='ocrx_word' id='word_1_681' title='bbox 2600 4445 3026 4502; x_wconf 76' lang='lat' dir='ltr'><strong>indolescendum</strong></span> <span class='ocrx_word' id='word_1_682' title='bbox 3044 4450 3423 4519; x_wconf 80' lang='lat' dir='ltr'><strong>compassionis</strong></span> <span class='ocrx_word' id='word_1_683' title='bbox 3442 4450 3661 4521; x_wconf 71' lang='lat' dir='ltr'><strong>affectu.</strong></span> 
     </span>
    </p>
   </div>
   <div class='ocr_carea' id='block_1_88' title="bbox 462 4528 1957 4615">
    <p class='ocr_par' dir='ltr' id='par_1_88' title="bbox 462 4528 1957 4615">
     <span class='ocr_line' id='line_1_88' title="bbox 462 4528 1957 4615; baseline 0.011 -34"><span class='ocrx_word' id='word_1_684' title='bbox 462 4528 540 4581; x_wconf 90' lang='grc' dir='ltr'><strong>Τὸ</strong></span> <span class='ocrx_word' id='word_1_685' title='bbox 571 4531 916 4600; x_wconf 73' lang='grc' dir='ltr'>συμπάσχειν</span> <span class='ocrx_word' id='word_1_686' title='bbox 946 4533 1225 4604; x_wconf 70' lang='grc' dir='ltr'>ἀλλήλοις,</span> <span class='ocrx_word' id='word_1_687' title='bbox 1256 4539 1352 4591; x_wconf 63' lang='grc' dir='ltr'><strong>καλ⁵</strong></span> <span class='ocrx_word' id='word_1_688' title='bbox 1382 4540 1688 4610; x_wconf 83' lang='grc' dir='ltr'>συναλγεῖν,</span> <span class='ocrx_word' id='word_1_689' title='bbox 1740 4545 1957 4615; x_wconf 78' lang='grc' dir='ltr'>συντρέ-</span> 
     </span>
    </p>
   </div>
   <div class='ocr_carea' id='block_1_89' title="bbox 2062 4528 3650 4615">
    <p class='ocr_par' dir='ltr' id='par_1_89' title="bbox 2143 4534 3650 4610">
     <span class='ocr_line' id='line_1_89' title="bbox 2143 4534 3650 4610; baseline 0.002 -21"><span class='ocrx_word' id='word_1_690' title='bbox 2143 4534 2225 4589; x_wconf 93' lang='lat' dir='ltr'><strong>0b</strong></span> <span class='ocrx_word' id='word_1_691' title='bbox 2251 4534 2485 4589; x_wconf 87' lang='lat' dir='ltr'><strong>alienam</strong></span> <span class='ocrx_word' id='word_1_692' title='bbox 2512 4535 2877 4591; x_wconf 84' lang='lat' dir='ltr'><strong>calamitatem</strong></span> <span class='ocrx_word' id='word_1_693' title='bbox 2926 4538 3051 4610; x_wconf 87' lang='lat' dir='ltr'><strong>angi</strong></span> <span class='ocrx_word' id='word_1_694' title='bbox 3093 4539 3299 4607; x_wconf 73' lang='lat' dir='ltr'><strong>animo,</strong></span> <span class='ocrx_word' id='word_1_695' title='bbox 3346 4540 3650 4595; x_wconf 82' lang='lat' dir='ltr'><strong>incommo-</strong></span> 
     </span>
    </p>
   </div>
   <div class='ocr_carea' id='block_1_90' title="bbox 376 4618 1957 4707">
    <p class='ocr_par' dir='ltr' id='par_1_90' title="bbox 376 4619 1957 4707">
     <span class='ocr_line' id='line_1_90' title="bbox 376 4619 1957 4707; baseline 0.013 -36"><span class='ocrx_word' id='word_1_696' title='bbox 376 4636 513 4690; x_wconf 86' lang='grc' dir='ltr'>χειν</span> <span class='ocrx_word' id='word_1_697' title='bbox 559 4636 641 4684; x_wconf 71' lang='grc' dir='ltr'><strong>τε,</strong></span> <span class='ocrx_word' id='word_1_698' title='bbox 668 4622 768 4674; x_wconf 73' lang='grc' dir='ltr'>καὶ</span> <span class='ocrx_word' id='word_1_699' title='bbox 815 4628 1144 4698; x_wconf 77' lang='grc' dir='ltr'>συγκοπιᾷν,</span> <span class='ocrx_word' id='word_1_700' title='bbox 1200 4629 1496 4701; x_wconf 79' lang='grc' dir='ltr'>εὐάρεστόν</span> <span class='ocrx_word' id='word_1_701' title='bbox 1522 4619 1691 4689; x_wconf 52' lang='grc' dir='ltr'>ἐστιν’</span> <span class='ocrx_word' id='word_1_702' title='bbox 1716 4634 1796 4706; x_wconf 82' lang='grc' dir='ltr'><strong>τῷ</strong></span> <span class='ocrx_word' id='word_1_703' title='bbox 1823 4636 1957 4707; x_wconf 87' lang='grc' dir='ltr'><strong>Θεῷ.</strong></span> 
     </span>
    </p>
   </div>
   <div class='ocr_carea' id='block_1_91' title="bbox 2062 4618 3647 4707">
    <p class='ocr_par' dir='ltr' id='par_1_91' title="bbox 2073 4618 3647 4698">
     <span class='ocr_line' id='line_1_91' title="bbox 2073 4618 3647 4698; baseline 0.006 -19"><span class='ocrx_word' id='word_1_704' title='bbox 2073 4625 2266 4695; x_wconf 88' lang='lat' dir='ltr'><strong>disque</strong></span> <span class='ocrx_word' id='word_1_705' title='bbox 2288 4618 2667 4695; x_wconf 83' lang='lat' dir='ltr'><strong>proximorum</strong></span> <span class='ocrx_word' id='word_1_706' title='bbox 2702 4629 2971 4685; x_wconf 87' lang='lat' dir='ltr'><strong>mutuitcr</strong></span> <span class='ocrx_word' id='word_1_707' title='bbox 2998 4630 3415 4698; x_wconf 87' lang='lat' dir='ltr'><strong>condolescere,</strong></span> <span class='ocrx_word' id='word_1_708' title='bbox 3447 4632 3647 4688; x_wconf 82' lang='lat' dir='ltr'><strong>sut&#39;l&#39;ra-</strong></span> 
     </span>
    </p>
   </div>
   <div class='ocr_carea' id='block_1_92' title="bbox 374 4694 1957 4796">
    <p class='ocr_par' dir='ltr' id='par_1_92' title="bbox 374 4694 1957 4793">
     <span class='ocr_line' id='line_1_92' title="bbox 374 4694 1957 4793; baseline 0.01 -29"><span class='ocrx_word' id='word_1_709' title='bbox 374 4708 508 4764; x_wconf 73' lang='grc' dir='ltr'><strong>Καὶ</strong></span> <span class='ocrx_word' id='word_1_710' title='bbox 536 4709 646 4780; x_wconf 84' lang='grc' dir='ltr'>γὰρ</span> <span class='ocrx_word' id='word_1_711' title='bbox 696 4694 1079 4786; x_wconf 79' lang='grc' dir='ltr'>χρεωστοῦμεν</span> <span class='ocrx_word' id='word_1_712' title='bbox 1128 4694 1598 4792; x_wconf 45' lang='grc' dir='ltr'>τοῦτο’πράττειν</span> <span class='ocrx_word' id='word_1_713' title='bbox 1646 4724 1722 4788; x_wconf 81' lang='grc' dir='ltr'>ὡς</span> <span class='ocrx_word' id='word_1_714' title='bbox 1766 4694 1957 4793; x_wconf 71' lang='grc' dir='ltr'>δοῦλοι,</span> 
     </span>
    </p>
   </div>
   <div class='ocr_carea' id='block_1_93' title="bbox 2062 4694 3651 4796">
    <p class='ocr_par' dir='ltr' id='par_1_93' title="bbox 2074 4694 3651 4796">
     <span class='ocr_line' id='line_1_93' title="bbox 2074 4694 3651 4796; baseline 0.006 -27"><span class='ocrx_word' id='word_1_715' title='bbox 2074 4694 2189 4787; x_wconf 81' lang='lat' dir='ltr'><strong>gari</strong></span> <span class='ocrx_word' id='word_1_716' title='bbox 2217 4694 2349 4771; x_wconf 79' lang='lat' dir='ltr'><strong>item</strong></span> <span class='ocrx_word' id='word_1_717' title='bbox 2403 4728 2459 4771; x_wconf 86' lang='lat' dir='ltr'><strong>et</strong></span> <span class='ocrx_word' id='word_1_718' title='bbox 2493 4717 2853 4784; x_wconf 82' lang='lat' dir='ltr'><strong>collaborare,</strong></span> <span class='ocrx_word' id='word_1_719' title='bbox 2888 4737 3051 4791; x_wconf 90' lang='lat' dir='ltr'><strong>quam</strong></span> <span class='ocrx_word' id='word_1_720' title='bbox 3095 4722 3167 4777; x_wconf 88' lang='lat' dir='ltr'><strong>sit</strong></span> <span class='ocrx_word' id='word_1_721' title='bbox 3204 4723 3316 4778; x_wconf 86' lang='lat' dir='ltr'><strong>Deo</strong></span> <span class='ocrx_word' id='word_1_722' title='bbox 3348 4694 3651 4796; x_wconf 79' lang='lat' dir='ltr'><strong>gratiosum</strong></span> 
     </span>
    </p>
   </div>
   <div class='ocr_carea' id='block_1_94' title="bbox 376 4800 1957 4887">
    <p class='ocr_par' dir='ltr' id='par_1_94' title="bbox 376 4800 1957 4884">
     <span class='ocr_line' id='line_1_94' title="bbox 376 4800 1957 4884; baseline 0.011 -30"><span class='ocrx_word' id='word_1_723' title='bbox 376 4800 494 4854; x_wconf 74' lang='grc' dir='ltr'>καὶ</span> <span class='ocrx_word' id='word_1_724' title='bbox 547 4800 833 4872; x_wconf 73' lang='grc' dir='ltr'>πάρεδροι,</span> <span class='ocrx_word' id='word_1_725' title='bbox 870 4805 964 4857; x_wconf 78' lang='grc' dir='ltr'><strong>καὶ</strong></span> <span class='ocrx_word' id='word_1_726' title='bbox 1006 4807 1276 4878; x_wconf 81' lang='grc' dir='ltr'>ὑπηρέται</span> <span class='ocrx_word' id='word_1_727' title='bbox 1310 4813 1406 4866; x_wconf 80' lang='grc' dir='ltr'>τοῦ</span> <span class='ocrx_word' id='word_1_728' title='bbox 1455 4812 1589 4867; x_wconf 87' lang='grc' dir='ltr'><strong>Θεοῦ</strong></span> <span class='ocrx_word' id='word_1_729' title='bbox 1621 4815 1815 4884; x_wconf 86' lang='grc' dir='ltr'>Λόγου.</span> <span class='ocrx_word' id='word_1_730' title='bbox 1848 4818 1957 4871; x_wconf 81' lang='grc' dir='ltr'>’ῐνα</span> 
     </span>
    </p>
   </div>
   <div class='ocr_carea' id='block_1_95' title="bbox 2062 4800 3653 4887">
    <p class='ocr_par' dir='ltr' id='par_1_95' title="bbox 2073 4807 3653 4887">
     <span class='ocr_line' id='line_1_95' title="bbox 2073 4807 3653 4887; baseline 0.006 -27"><span class='ocrx_word' id='word_1_731' title='bbox 2073 4814 2130 4860; x_wconf 88' lang='lat' dir='ltr'><strong>et</strong></span> <span class='ocrx_word' id='word_1_732' title='bbox 2165 4815 2473 4876; x_wconf 88' lang='lat' dir='ltr'><strong>acceptum,</strong></span> <span class='ocrx_word' id='word_1_733' title='bbox 2500 4807 2626 4877; x_wconf 87' lang='lat' dir='ltr'><strong>quis</strong></span> <span class='ocrx_word' id='word_1_734' title='bbox 2662 4809 2936 4880; x_wconf 79' lang='lat' dir='ltr'><strong>explicet?</strong></span> <span class='ocrx_word' id='word_1_735' title='bbox 2980 4811 3096 4869; x_wconf 81' lang='lat' dir='ltr'><strong>Hoc</strong></span> <span class='ocrx_word' id='word_1_736' title='bbox 3120 4814 3325 4869; x_wconf 87' lang='lat' dir='ltr'><strong>etenim</strong></span> <span class='ocrx_word' id='word_1_737' title='bbox 3387 4816 3567 4887; x_wconf 87' lang='lat' dir='ltr'><strong>reipsa</strong></span> <span class='ocrx_word' id='word_1_738' title='bbox 3590 4826 3653 4871; x_wconf 92' lang='lat' dir='ltr'><strong>ut</strong></span> 
     </span>
    </p>
   </div>
   <div class='ocr_carea' id='block_1_96' title="bbox 377 4887 1957 4979">
    <p class='ocr_par' dir='ltr' id='par_1_96' title="bbox 377 4887 1957 4979">
     <span class='ocr_line' id='line_1_96' title="bbox 377 4887 1957 4979; baseline 0.011 -35"><span class='ocrx_word' id='word_1_739' title='bbox 377 4892 771 4962; x_wconf 83' lang='grc' dir='ltr'>εύαρέσωμεν,</span> <span class='ocrx_word' id='word_1_740' title='bbox 794 4887 839 4962; x_wconf 86' lang='grc' dir='ltr'>ᾧ</span> <span class='ocrx_word' id='word_1_741' title='bbox 864 4896 1201 4969; x_wconf 80' lang='grc' dir='ltr'>ἐστρατεύθη</span> <span class='ocrx_word' id='word_1_742' title='bbox 1212 4918 1329 4971; x_wconf 82' lang='grc' dir='ltr'>μεν.</span> <span class='ocrx_word' id='word_1_743' title='bbox 1370 4905 1489 4970; x_wconf 81' lang='grc' dir='ltr'><strong>Ἀφ’</strong></span> <span class='ocrx_word' id='word_1_744' title='bbox 1521 4899 1582 4958; x_wconf 76' lang='grc' dir='ltr'><strong>οὗ</strong></span> <span class='ocrx_word' id='word_1_745' title='bbox 1611 4908 1703 4961; x_wconf 71' lang='grc' dir='ltr'>καὶ</span> <span class='ocrx_word' id='word_1_746' title='bbox 1729 4909 1799 4962; x_wconf 75' lang='grc' dir='ltr'><strong>τὰ</strong></span> <span class='ocrx_word' id='word_1_747' title='bbox 1825 4909 1957 4979; x_wconf 73' lang='grc' dir='ltr'><strong>ὀψώ-</strong></span> 
     </span>
    </p>
   </div>
   <div class='ocr_carea' id='block_1_97' title="bbox 2062 4887 3650 4979">
    <p class='ocr_par' dir='ltr' id='par_1_97' title="bbox 2076 4900 3650 4977">
     <span class='ocr_line' id='line_1_97' title="bbox 2076 4900 3650 4977; baseline 0.007 -28"><span class='ocrx_word' id='word_1_748' title='bbox 2076 4904 2419 4965; x_wconf 70' lang='lat' dir='ltr'><strong>pmstemus,</strong></span> <span class='ocrx_word' id='word_1_749' title='bbox 2439 4900 2522 4953; x_wconf 83' lang='lat' dir='ltr'><strong>vel</strong></span> <span class='ocrx_word' id='word_1_750' title='bbox 2549 4900 2736 4955; x_wconf 88' lang='lat' dir='ltr'><strong>debito</strong></span> <span class='ocrx_word' id='word_1_751' title='bbox 2786 4902 3206 4977; x_wconf 85' lang='lat' dir='ltr'><strong>obstringimur,</strong></span> <span class='ocrx_word' id='word_1_752' title='bbox 3250 4916 3311 4961; x_wconf 90' lang='lat' dir='ltr'><strong>ut</strong></span> <span class='ocrx_word' id='word_1_753' title='bbox 3366 4907 3461 4976; x_wconf 88' lang='lat' dir='ltr'><strong>qui</strong></span> <span class='ocrx_word' id='word_1_754' title='bbox 3505 4907 3650 4962; x_wconf 71' lang='lat' dir='ltr'><strong>servi</strong></span> 
     </span>
    </p>
   </div>
   <div class='ocr_carea' id='block_1_98' title="bbox 378 4983 1957 5067">
    <p class='ocr_par' dir='ltr' id='par_1_98' title="bbox 378 4983 1957 5067">
     <span class='ocr_line' id='line_1_98' title="bbox 378 4983 1957 5067; baseline 0.008 -29"><span class='ocrx_word' id='word_1_755' title='bbox 378 4999 485 5038; x_wconf 84' lang='grc' dir='ltr'><strong>νια</strong></span> <span class='ocrx_word' id='word_1_756' title='bbox 519 4983 880 5054; x_wconf 78' lang='grc' dir='ltr'>κομιούμεθα.</span> <span class='ocrx_word' id='word_1_757' title='bbox 900 4986 1093 5059; x_wconf 79' lang='grc' dir='ltr'>Ψυχὴν</span> <span class='ocrx_word' id='word_1_758' title='bbox 1131 4990 1684 5067; x_wconf 69' lang='grc' dir='ltr'>ἐλεήμοναξκὲκτηται</span> <span class='ocrx_word' id='word_1_759' title='bbox 1703 4999 1731 5049; x_wconf 93' lang='lat'><strong>6</strong></span> <span class='ocrx_word' id='word_1_760' title='bbox 1750 5014 1812 5049; x_wconf 90' lang='grc' dir='ltr'><strong>συ</strong></span> <span class='ocrx_word' id='word_1_761' title='bbox 1821 5015 1957 5066; x_wconf 86' lang='grc' dir='ltr'>μπα-</span> 
     </span>
    </p>
   </div>
   <div class='ocr_carea' id='block_1_99' title="bbox 2062 4983 3649 5067">
    <p class='ocr_par' dir='ltr' id='par_1_99' title="bbox 2076 4993 3649 5058">
     <span class='ocr_line' id='line_1_99' title="bbox 2076 4993 3649 5058; baseline 0.006 -17"><span class='ocrx_word' id='word_1_762' title='bbox 2076 4993 2297 5053; x_wconf 87' lang='lat' dir='ltr'><strong>su‘mus,</strong></span> <span class='ocrx_word' id='word_1_763' title='bbox 2341 5005 2647 5046; x_wconf 86' lang='lat' dir='ltr'><strong>assessores</strong></span> <span class='ocrx_word' id='word_1_764' title='bbox 2676 4999 2732 5047; x_wconf 88' lang='lat' dir='ltr'><strong>et</strong></span> <span class='ocrx_word' id='word_1_765' title='bbox 2760 4994 3103 5051; x_wconf 88' lang='lat' dir='ltr'><strong>subministri</strong></span> <span class='ocrx_word' id='word_1_766' title='bbox 3138 4996 3235 5051; x_wconf 89' lang='lat' dir='ltr'><strong>Dei</strong></span> <span class='ocrx_word' id='word_1_767' title='bbox 3264 4997 3448 5058; x_wconf 78' lang='lat' dir='ltr'><strong>Verbi,</strong></span> <span class='ocrx_word' id='word_1_768' title='bbox 3483 5009 3542 5052; x_wconf 87' lang='lat' dir='ltr'><strong>ut</strong></span> <span class='ocrx_word' id='word_1_769' title='bbox 3570 4999 3649 5051; x_wconf 85' lang='lat' dir='ltr'><strong>illi</strong></span> 
     </span>
    </p>
   </div>
   <div class='ocr_carea' id='block_1_100' title="bbox 380 5070 1966 5150">
    <p class='ocr_par' dir='ltr' id='par_1_100' title="bbox 380 5070 1966 5150">
     <span class='ocr_line' id='line_1_100' title="bbox 380 5070 1966 5150; baseline 0.007 -25"><span class='ocrx_word' id='word_1_770' title='bbox 380 5072 517 5140; x_wconf 85' lang='grc' dir='ltr'>θής.</span> <span class='ocrx_word' id='word_1_771' title='bbox 565 5070 622 5123; x_wconf 87' lang='lat'><strong>&#39;0</strong></span> <span class='ocrx_word' id='word_1_772' title='bbox 648 5073 755 5143; x_wconf 81' lang='grc' dir='ltr'><strong>γάρ</strong></span> <span class='ocrx_word' id='word_1_773' title='bbox 778 5073 878 5145; x_wconf 85' lang='grc' dir='ltr'>τὴν</span> <span class='ocrx_word' id='word_1_774' title='bbox 908 5075 1089 5147; x_wconf 76' lang='grc' dir='ltr'>ψυχὴν</span> <span class='ocrx_word' id='word_1_775' title='bbox 1131 5078 1385 5150; x_wconf 86' lang='grc' dir='ltr'>τοιαύτην</span> <span class='ocrx_word' id='word_1_776' title='bbox 1418 5080 1579 5150; x_wconf 75' lang='grc' dir='ltr'>ἔχων,</span> <span class='ocrx_word' id='word_1_777' title='bbox 1617 5081 1793 5136; x_wconf 82' lang='grc' dir='ltr'>πάντα</span> <span class='ocrx_word' id='word_1_778' title='bbox 1833 5085 1966 5137; x_wconf 88' lang='grc' dir='ltr'>ἀνα-</span> 
     </span>
    </p>
   </div>
   <div class='ocr_carea' id='block_1_101' title="bbox 384 5158 1967 5244">
    <p class='ocr_par' dir='ltr' id='par_1_101' title="bbox 384 5158 1967 5244">
     <span class='ocr_line' id='line_1_101' title="bbox 384 5158 1967 5244; baseline 0.01 -32"><span class='ocrx_word' id='word_1_779' title='bbox 384 5158 589 5212; x_wconf 81' lang='grc' dir='ltr'>6).ύοει</span> <span class='ocrx_word' id='word_1_780' title='bbox 621 5161 690 5214; x_wconf 74' lang='grc' dir='ltr'><strong>τὰ</strong></span> <span class='ocrx_word' id='word_1_781' title='bbox 723 5165 880 5221; x_wconf 80' lang='grc' dir='ltr'>καλά.</span> <span class='ocrx_word' id='word_1_782' title='bbox 908 5167 1028 5220; x_wconf 81' lang='grc' dir='ltr'>Κᾶν</span> <span class='ocrx_word' id='word_1_783' title='bbox 1045 5168 1155 5239; x_wconf 82' lang='grc' dir='ltr'><strong>γάρ</strong></span> <span class='ocrx_word' id='word_1_784' title='bbox 1179 5171 1437 5241; x_wconf 84' lang='grc' dir='ltr'>χρήματα</span> <span class='ocrx_word' id='word_1_785' title='bbox 1468 5172 1601 5242; x_wconf 77' lang='grc' dir='ltr'>ἔχει,</span> <span class='ocrx_word' id='word_1_786' title='bbox 1633 5174 1967 5244; x_wconf 77' lang='grc' dir='ltr'>προήσεται·</span> 
     </span>
    </p>
   </div>
   <div class='ocr_carea' id='block_1_102' title="bbox 388 5250 1972 5339">
    <p class='ocr_par' dir='ltr' id='par_1_102' title="bbox 388 5250 1972 5339">
     <span class='ocr_line' id='line_1_102' title="bbox 388 5250 1972 5339; baseline 0.007 -34"><span class='ocrx_word' id='word_1_787' title='bbox 388 5250 519 5339; x_wconf 79' lang='grc' dir='ltr'>κᾶν</span> <span class='ocrx_word' id='word_1_788' title='bbox 565 5251 624 5305; x_wconf 83' lang='grc' dir='ltr'>ὲν</span> <span class='ocrx_word' id='word_1_789' title='bbox 660 5259 965 5326; x_wconf 68' lang='grc' dir='ltr'>συμφοραῖς</span> <span class='ocrx_word' id='word_1_790' title='bbox 1019 5259 1105 5330; x_wconf 83' lang='grc' dir='ltr'><strong>ῐδῃ</strong></span> <span class='ocrx_word' id='word_1_791' title='bbox 1136 5261 1279 5323; x_wconf 75' lang='grc' dir='ltr'>τινὰ,</span> <span class='ocrx_word' id='word_1_792' title='bbox 1346 5262 1661 5339; x_wconf 77' lang='grc' dir='ltr'>κλαύσεται,</span> <span class='ocrx_word' id='word_1_793' title='bbox 1699 5263 1804 5317; x_wconf 76' lang='grc' dir='ltr'>κᾶν</span> <span class='ocrx_word' id='word_1_794' title='bbox 1831 5266 1972 5334; x_wconf 78' lang='grc' dir='ltr'>ἐπη-</span> 
     </span>
    </p>
   </div>
   <div class='ocr_carea' id='block_1_103' title="bbox 390 5338 1976 5426">
    <p class='ocr_par' dir='ltr' id='par_1_103' title="bbox 390 5338 1976 5426">
     <span class='ocr_line' id='line_1_103' title="bbox 390 5338 1976 5426; baseline 0.01 -35"><span class='ocrx_word' id='word_1_795' title='bbox 390 5338 717 5413; x_wconf 78' lang='grc' dir='ltr'>ρεαζομένῳ</span> <span class='ocrx_word' id='word_1_796' title='bbox 737 5346 1032 5421; x_wconf 80' lang='grc' dir='ltr'>περιτύχῃ,</span> <span class='ocrx_word' id='word_1_797' title='bbox 1065 5353 1219 5420; x_wconf 80' lang='grc' dir='ltr'>χεῖρα</span> <span class='ocrx_word' id='word_1_798' title='bbox 1239 5352 1435 5421; x_wconf 76' lang='grc' dir='ltr'>ὀρέξει,</span> <span class='ocrx_word' id='word_1_799' title='bbox 1465 5355 1558 5408; x_wconf 77' lang='grc' dir='ltr'>καὶ</span> <span class='ocrx_word' id='word_1_800' title='bbox 1588 5356 1762 5407; x_wconf 75' lang='grc' dir='ltr'>οὐδενὶ</span> <span class='ocrx_word' id='word_1_801' title='bbox 1796 5372 1976 5426; x_wconf 89' lang='grc' dir='ltr'>παρα-</span> 
     </span>
    </p>
   </div>
   <div class='ocr_carea' id='block_1_104' title="bbox 391 5431 1974 5516">
    <p class='ocr_par' dir='ltr' id='par_1_104' title="bbox 391 5431 1974 5516">
     <span class='ocr_line' id='line_1_104' title="bbox 391 5431 1974 5516; baseline 0.012 -35"><span class='ocrx_word' id='word_1_802' title='bbox 391 5432 459 5483; x_wconf 77' lang='grc' dir='ltr'>λε</span> <span class='ocrx_word' id='word_1_803' title='bbox 471 5431 580 5501; x_wconf 72' lang='grc' dir='ltr'>ἕψει</span> <span class='ocrx_word' id='word_1_804' title='bbox 609 5434 717 5487; x_wconf 84' lang='grc' dir='ltr'><strong>τῶν</strong></span> <span class='ocrx_word' id='word_1_805' title='bbox 753 5438 835 5500; x_wconf 75' lang='grc' dir='ltr'>εἰς</span> <span class='ocrx_word' id='word_1_806' title='bbox 872 5440 1034 5493; x_wconf 73' lang='grc' dir='ltr'>αὑτὸν</span> <span class='ocrx_word' id='word_1_807' title='bbox 1062 5443 1393 5510; x_wconf 83' lang='grc' dir='ltr'>φθανόντων.</span> <span class='ocrx_word' id='word_1_808' title='bbox 1414 5445 1833 5516; x_wconf 81' lang='grc' dir='ltr'>Ἀγωνισώμεθα</span> <span class='ocrx_word' id='word_1_809' title='bbox 1858 5442 1974 5514; x_wconf 81' lang='grc' dir='ltr'>οὖν,</span> 
     </span>
    </p>
   </div>
   <div class='ocr_carea' id='block_1_105' title="bbox 392 5522 1976 5606">
    <p class='ocr_par' dir='ltr' id='par_1_105' title="bbox 392 5522 1976 5606">
     <span class='ocr_line' id='line_1_105' title="bbox 392 5522 1976 5606; baseline 0.016 -31"><span class='ocrx_word' id='word_1_810' title='bbox 392 5522 494 5575; x_wconf 80' lang='grc' dir='ltr'>ἵνα</span> <span class='ocrx_word' id='word_1_811' title='bbox 522 5524 553 5592; x_wconf 85' lang='grc' dir='ltr'>ή</span> <span class='ocrx_word' id='word_1_812' title='bbox 582 5524 762 5590; x_wconf 82' lang='grc' dir='ltr'>πίστις</span> <span class='ocrx_word' id='word_1_813' title='bbox 796 5531 969 5598; x_wconf 80' lang='grc' dir='ltr'>ἡμῶν,</span> <span class='ocrx_word' id='word_1_814' title='bbox 1005 5534 1099 5585; x_wconf 77' lang='grc' dir='ltr'>καὶ</span> <span class='ocrx_word' id='word_1_815' title='bbox 1127 5538 1157 5604; x_wconf 82' lang='grc' dir='ltr'>ἡ</span> <span class='ocrx_word' id='word_1_816' title='bbox 1183 5535 1394 5605; x_wconf 79' lang='grc' dir='ltr'>ἀγάπη,</span> <span class='ocrx_word' id='word_1_817' title='bbox 1417 5537 1510 5587; x_wconf 71' lang='grc' dir='ltr'>καὶ</span> <span class='ocrx_word' id='word_1_818' title='bbox 1540 5537 1570 5605; x_wconf 85' lang='grc' dir='ltr'>ἡ</span> <span class='ocrx_word' id='word_1_819' title='bbox 1604 5536 1868 5606; x_wconf 66' lang='grc' dir='ltr'>ὑπομονὴ,</span> <span class='ocrx_word' id='word_1_820' title='bbox 1902 5538 1976 5601; x_wconf 82' lang='grc' dir='ltr'><strong>ὡς</strong></span> 
     </span>
    </p>
   </div>
   <div class='ocr_carea' id='block_1_106' title="bbox 477 5715 1957 5790">
    <p class='ocr_par' dir='ltr' id='par_1_106' title="bbox 477 5715 1932 5790">
     <span class='ocr_line' id='line_1_106' title="bbox 477 5715 1932 5790; baseline 0.008 -22"><span class='ocrx_word' id='word_1_821' title='bbox 477 5717 521 5790; x_wconf 46' lang='grc' dir='ltr'><strong>τε</strong></span> <span class='ocrx_word' id='word_1_822' title='bbox 551 5715 728 5790; x_wconf 63' lang='lat' dir='ltr'><strong>Recte.</strong></span> <span class='ocrx_word' id='word_1_823' title='bbox 761 5737 837 5780; x_wconf 82' lang='lat' dir='ltr'><strong>Ill.</strong></span> <span class='ocrx_word' id='word_1_824' title='bbox 881 5721 898 5774; x_wconf 84' lang='grc' dir='ltr'><strong>Ι</strong></span> <span class='ocrx_word' id='word_1_825' title='bbox 941 5736 1095 5790; x_wconf 66' lang='grc' dir='ltr'>εαιι.</span> <span class='ocrx_word' id='word_1_826' title='bbox 1181 5723 1219 5756; x_wconf 69' lang='grc' dir='ltr'><strong>τ’</strong></span> <span class='ocrx_word' id='word_1_827' title='bbox 1258 5722 1388 5776; x_wconf 78' lang='lat' dir='ltr'><strong>Luc.</strong></span> <span class='ocrx_word' id='word_1_828' title='bbox 1450 5739 1607 5778; x_wconf 75' lang='lat' dir='ltr'><strong>xviri.</strong></span> <span class='ocrx_word' id='word_1_829' title='bbox 1672 5726 1722 5783; x_wconf 86' lang='lat'><strong>5.</strong></span> <span class='ocrx_word' id='word_1_830' title='bbox 1773 5728 1824 5790; x_wconf 79' lang='grc' dir='ltr'>Ἰ,</span> <span class='ocrx_word' id='word_1_831' title='bbox 1878 5727 1932 5779; x_wconf 89' lang='grc'><strong>8.</strong></span> 
     </span>
    </p>
   </div>
   <div class='ocr_carea' id='block_1_107' title="bbox 2062 5715 3101 5790">
    <p class='ocr_par' dir='ltr' id='par_1_107' title="bbox 2089 5719 3101 5787">
     <span class='ocr_line' id='line_1_107' title="bbox 2089 5719 3101 5787; baseline -0.004 -8"><span class='ocrx_word' id='word_1_832' title='bbox 2089 5725 2269 5780; x_wconf 78' lang='lat' dir='ltr'><strong>Ecrle.</strong></span> <span class='ocrx_word' id='word_1_833' title='bbox 2314 5740 2388 5785; x_wconf 75' lang='lat' dir='ltr'><strong>Ix,</strong></span> <span class='ocrx_word' id='word_1_834' title='bbox 2428 5722 2510 5774; x_wconf 68' lang='lat' dir='ltr'><strong>l9...</strong></span> <span class='ocrx_word' id='word_1_835' title='bbox 2591 5722 2637 5751; x_wconf 65' lang='grc' dir='ltr'><strong>ν’</strong></span> <span class='ocrx_word' id='word_1_836' title='bbox 2692 5720 2872 5774; x_wconf 61' lang='grc' dir='ltr'><strong>[ςυυιυ.</strong></span> <span class='ocrx_word' id='word_1_837' title='bbox 2935 5734 2973 5787; x_wconf 83' lang='grc'>1,</span> <span class='ocrx_word' id='word_1_838' title='bbox 3016 5719 3101 5775; x_wconf 81' lang='grc'><strong>15.</strong></span> 
     </span>
    </p>
   </div>
   <div class='ocr_carea' id='block_1_108' title="bbox 1013 5791 2683 5862">
    <p class='ocr_par' dir='ltr' id='par_1_108' title="bbox 1013 5791 2683 5862">
     <span class='ocr_line' id='line_1_108' title="bbox 1013 5791 2683 5862; baseline 0.001 -17"><span class='ocrx_word' id='word_1_839' title='bbox 1013 5793 1056 5822; x_wconf 71' lang='grc'>⁶¹</span> <span class='ocrx_word' id='word_1_840' title='bbox 1093 5791 1194 5848; x_wconf 79' lang='lat' dir='ltr'><strong>lsa.</strong></span> <span class='ocrx_word' id='word_1_841' title='bbox 1233 5810 1372 5857; x_wconf 74' lang='lat' dir='ltr'><strong>uix,</strong></span> <span class='ocrx_word' id='word_1_842' title='bbox 1409 5796 1460 5848; x_wconf 71' lang='lat'><strong>8.</strong></span> <span class='ocrx_word' id='word_1_843' title='bbox 1537 5796 1582 5828; x_wconf 77' lang='lat'>“</span> <span class='ocrx_word' id='word_1_844' title='bbox 1611 5796 1650 5849; x_wconf 90' lang='lat' dir='ltr'><strong>ll</strong></span> <span class='ocrx_word' id='word_1_845' title='bbox 1679 5797 1804 5853; x_wconf 81' lang='lat' dir='ltr'><strong>Cor.</strong></span> <span class='ocrx_word' id='word_1_846' title='bbox 1849 5814 1920 5862; x_wconf 75' lang='lat' dir='ltr'><strong>rt,</strong></span> <span class='ocrx_word' id='word_1_847' title='bbox 1958 5798 2011 5862; x_wconf 70' lang='lat'><strong>‘3,</strong></span> <span class='ocrx_word' id='word_1_848' title='bbox 2050 5796 2102 5849; x_wconf 81' lang='grc'><strong>5.</strong></span> <span class='ocrx_word' id='word_1_849' title='bbox 2181 5796 2226 5826; x_wconf 80' lang='grc'><strong>⁸³</strong></span> <span class='ocrx_word' id='word_1_850' title='bbox 2258 5794 2447 5848; x_wconf 79' lang='lat' dir='ltr'><strong>Matth.</strong></span> <span class='ocrx_word' id='word_1_851' title='bbox 2481 5792 2683 5859; x_wconf 56' lang='grc' dir='ltr'><strong>πνεῖ),</strong></span> 
     </span>
    </p>
   </div>
   <div class='ocr_carea' id='block_1_109' title="bbox 390 5784 934 5856">
    <p class='ocr_par' dir='ltr' id='par_1_109' title="bbox 390 5784 934 5856">
     <span class='ocr_line' id='line_1_109' title="bbox 390 5784 934 5856; baseline 0.02 -21"><span class='ocrx_word' id='word_1_852' title='bbox 390 5784 444 5815; x_wconf 74' lang='grc' dir='ltr'><strong>⁸ο</strong></span> <span class='ocrx_word' id='word_1_853' title='bbox 484 5788 666 5842; x_wconf 75' lang='grc' dir='ltr'><strong>.’.ξ;ιιιίι.</strong></span> <span class='ocrx_word' id='word_1_854' title='bbox 698 5804 818 5856; x_wconf 66' lang='lat' dir='ltr'><strong>xxv,</strong></span> <span class='ocrx_word' id='word_1_855' title='bbox 847 5792 934 5845; x_wconf 66' lang='grc'><strong>41).</strong></span> 
     </span>
    </p>
   </div>
   <div class='ocr_carea' id='block_1_110' title="bbox 2076 5079 3647 5155">
    <p class='ocr_par' dir='ltr' id='par_1_110' title="bbox 2076 5079 3647 5155">
     <span class='ocr_line' id='line_1_110' title="bbox 2076 5079 3647 5155; baseline 0.004 -24"><span class='ocrx_word' id='word_1_856' title='bbox 2076 5093 2177 5133; x_wconf 87' lang='lat' dir='ltr'><strong>nos</strong></span> <span class='ocrx_word' id='word_1_857' title='bbox 2202 5079 2499 5148; x_wconf 87' lang='lat' dir='ltr'><strong>probemus</strong></span> <span class='ocrx_word' id='word_1_858' title='bbox 2538 5081 2592 5136; x_wconf 89' lang='lat' dir='ltr'><strong>in</strong></span> <span class='ocrx_word' id='word_1_859' title='bbox 2622 5084 2781 5153; x_wconf 80' lang='lat' dir='ltr'><strong>cujus</strong></span> <span class='ocrx_word' id='word_1_860' title='bbox 2801 5084 3160 5139; x_wconf 82' lang='lat' dir='ltr'><strong>accenturiati</strong></span> <span class='ocrx_word' id='word_1_861' title='bbox 3182 5100 3373 5139; x_wconf 90' lang='lat' dir='ltr'><strong>sumus</strong></span> <span class='ocrx_word' id='word_1_862' title='bbox 3397 5095 3453 5155; x_wconf 84' lang='lat' dir='ltr'><strong>et</strong></span> <span class='ocrx_word' id='word_1_863' title='bbox 3474 5086 3647 5139; x_wconf 83' lang='lat' dir='ltr'><strong>ascri-</strong></span> 
     </span>
    </p>
   </div>
   <div class='ocr_carea' id='block_1_111' title="bbox 2079 5158 3651 5243">
    <p class='ocr_par' dir='ltr' id='par_1_111' title="bbox 2079 5158 3651 5243">
     <span class='ocr_line' id='line_1_111' title="bbox 2079 5158 3651 5243; baseline 0.003 -19"><span class='ocrx_word' id='word_1_864' title='bbox 2079 5169 2158 5239; x_wconf 90' lang='lat' dir='ltr'><strong>pti</strong></span> <span class='ocrx_word' id='word_1_865' title='bbox 2180 5170 2455 5234; x_wconf 88' lang='lat' dir='ltr'><strong>militiam,</strong></span> <span class='ocrx_word' id='word_1_866' title='bbox 2487 5188 2652 5242; x_wconf 85' lang='lat' dir='ltr'><strong>aquo</strong></span> <span class='ocrx_word' id='word_1_867' title='bbox 2687 5174 2958 5228; x_wconf 87' lang='lat' dir='ltr'><strong>relaturos</strong></span> <span class='ocrx_word' id='word_1_868' title='bbox 3000 5188 3100 5227; x_wconf 93' lang='lat' dir='ltr'><strong>nos</strong></span> <span class='ocrx_word' id='word_1_869' title='bbox 3138 5173 3409 5243; x_wconf 86' lang='lat' dir='ltr'><strong>stipendia</strong></span> <span class='ocrx_word' id='word_1_870' title='bbox 3441 5158 3651 5228; x_wconf 72' lang='lat' dir='ltr'><strong>navata:</strong></span> 
     </span>
    </p>
   </div>
   <div class='ocr_carea' id='block_1_112' title="bbox 2079 5260 3649 5333">
    <p class='ocr_par' dir='ltr' id='par_1_112' title="bbox 2079 5260 3649 5333">
     <span class='ocr_line' id='line_1_112' title="bbox 2079 5260 3649 5333; baseline 0.003 -20"><span class='ocrx_word' id='word_1_871' title='bbox 2079 5260 2367 5329; x_wconf 83' lang='lat' dir='ltr'><strong>insigniter</strong></span> <span class='ocrx_word' id='word_1_872' title='bbox 2394 5278 2574 5331; x_wconf 62' lang='lat' dir='ltr'><strong>operae</strong></span> <span class='ocrx_word' id='word_1_873' title='bbox 2605 5272 2756 5317; x_wconf 86' lang='lat' dir='ltr'><strong>certo</strong></span> <span class='ocrx_word' id='word_1_874' title='bbox 2781 5263 3006 5317; x_wconf 80' lang='lat' dir='ltr'><strong>sciurus.</strong></span> <span class='ocrx_word' id='word_1_875' title='bbox 3052 5263 3303 5317; x_wconf 86' lang='lat' dir='ltr'><strong>Animam</strong></span> <span class='ocrx_word' id='word_1_876' title='bbox 3355 5264 3542 5333; x_wconf 86' lang='lat' dir='ltr'><strong>utique</strong></span> <span class='ocrx_word' id='word_1_877' title='bbox 3581 5265 3649 5318; x_wconf 83' lang='lat' dir='ltr'><strong>ad</strong></span> 
     </span>
    </p>
   </div>
   <div class='ocr_carea' id='block_1_113' title="bbox 2078 5348 3646 5423">
    <p class='ocr_par' dir='ltr' id='par_1_113' title="bbox 2078 5348 3646 5423">
     <span class='ocr_line' id='line_1_113' title="bbox 2078 5348 3646 5423; baseline 0.003 -18"><span class='ocrx_word' id='word_1_878' title='bbox 2078 5348 2254 5406; x_wconf 72' lang='lat' dir='ltr'><strong>oliicia</strong></span> <span class='ocrx_word' id='word_1_879' title='bbox 2286 5354 2607 5408; x_wconf 76' lang='lat' dir='ltr'><strong>exercendae</strong></span> <span class='ocrx_word' id='word_1_880' title='bbox 2644 5354 2866 5423; x_wconf 83' lang='lat' dir='ltr'><strong>pictatis</strong></span> <span class='ocrx_word' id='word_1_881' title='bbox 2893 5368 3023 5423; x_wconf 83' lang='lat' dir='ltr'><strong>erga</strong></span> <span class='ocrx_word' id='word_1_882' title='bbox 3051 5354 3331 5422; x_wconf 77' lang='lat' dir='ltr'><strong>proximos</strong></span> <span class='ocrx_word' id='word_1_883' title='bbox 3366 5354 3502 5408; x_wconf 88' lang='lat' dir='ltr'><strong>mire</strong></span> <span class='ocrx_word' id='word_1_884' title='bbox 3549 5356 3646 5409; x_wconf 88' lang='lat' dir='ltr'><strong>ha-</strong></span> 
     </span>
    </p>
   </div>
   <div class='ocr_carea' id='block_1_114' title="bbox 2077 5429 3649 5513">
    <p class='ocr_par' dir='ltr' id='par_1_114' title="bbox 2077 5429 3649 5513">
     <span class='ocr_line' id='line_1_114' title="bbox 2077 5429 3649 5513; baseline 0.001 -16"><span class='ocrx_word' id='word_1_885' title='bbox 2077 5442 2172 5497; x_wconf 89' lang='lat' dir='ltr'><strong>bet</strong></span> <span class='ocrx_word' id='word_1_886' title='bbox 2206 5445 2529 5513; x_wconf 85' lang='lat' dir='ltr'><strong>proclivem,</strong></span> <span class='ocrx_word' id='word_1_887' title='bbox 2554 5429 2809 5513; x_wconf 77' lang='lat' dir='ltr'><strong>quisquis</strong></span> <span class='ocrx_word' id='word_1_888' title='bbox 2837 5444 2927 5499; x_wconf 80' lang='lat' dir='ltr'><strong>sic</strong></span> <span class='ocrx_word' id='word_1_889' title='bbox 2949 5434 3293 5499; x_wconf 88' lang='lat' dir='ltr'><strong>condolescit</strong></span> <span class='ocrx_word' id='word_1_890' title='bbox 3320 5445 3512 5501; x_wconf 71' lang='lat' dir='ltr'><strong>aliena:</strong></span> <span class='ocrx_word' id='word_1_891' title='bbox 3561 5447 3649 5500; x_wconf 87' lang='lat' dir='ltr'><strong>in-</strong></span> 
     </span>
    </p>
   </div>
   <div class='ocr_carea' id='block_1_115' title="bbox 2079 5536 3649 5607">
    <p class='ocr_par' dir='ltr' id='par_1_115' title="bbox 2079 5536 3649 5607">
     <span class='ocr_line' id='line_1_115' title="bbox 2079 5536 3649 5607; baseline 0.001 -16"><span class='ocrx_word' id='word_1_892' title='bbox 2079 5538 2350 5593; x_wconf 83' lang='lat' dir='ltr'><strong>felicitati.</strong></span> <span class='ocrx_word' id='word_1_893' title='bbox 2385 5538 2488 5604; x_wconf 82' lang='lat' dir='ltr'><strong>Qui</strong></span> <span class='ocrx_word' id='word_1_894' title='bbox 2539 5538 2699 5591; x_wconf 82' lang='lat' dir='ltr'><strong>talem</strong></span> <span class='ocrx_word' id='word_1_895' title='bbox 2759 5538 3000 5607; x_wconf 85' lang='lat' dir='ltr'><strong>possidet</strong></span> <span class='ocrx_word' id='word_1_896' title='bbox 3044 5536 3303 5603; x_wconf 85' lang='lat' dir='ltr'><strong>animam;</strong></span> <span class='ocrx_word' id='word_1_897' title='bbox 3363 5537 3499 5592; x_wconf 88' lang='lat' dir='ltr'><strong>nihil</strong></span> <span class='ocrx_word' id='word_1_898' title='bbox 3543 5555 3649 5592; x_wconf 78' lang='lat' dir='ltr'><strong>non</strong></span> 
     </span>
    </p>
   </div>
   <div class='ocr_carea' id='block_1_116' title="bbox 3178 5720 3650 5785">
    <p class='ocr_par' dir='ltr' id='par_1_116' title="bbox 3178 5720 3650 5785">
     <span class='ocr_line' id='line_1_116' title="bbox 3178 5720 3650 5785; baseline 0.008 -12"><span class='ocrx_word' id='word_1_899' title='bbox 3178 5720 3241 5751; x_wconf 75' lang='grc' dir='ltr'><strong>τ’*</strong></span> <span class='ocrx_word' id='word_1_900' title='bbox 3275 5720 3451 5776; x_wconf 71' lang='lat' dir='ltr'><strong>E-zcle.</strong></span> <span class='ocrx_word' id='word_1_901' title='bbox 3482 5730 3553 5785; x_wconf 68' lang='lat' dir='ltr'><strong>tr,</strong></span> <span class='ocrx_word' id='word_1_902' title='bbox 3595 5720 3650 5777; x_wconf 71' lang='grc' dir='ltr'><strong>κ.</strong></span> 
     </span>
    </p>
   </div>
  </div>
