3918 6106
373 338 494 408 ῙῙῙἹ

860 335 1206 405 HOMILIA
1243 345 1462 408 XCIII.
1487 367 1555 380 κ·
1581 341 1857 404 ACCEPT
1869 343 1940 402 [0

2047 335 2507 405 ERSONARUM
2546 339 2702 402 NON
2733 343 3111 404 ΗΑΒΕΝΒΑ.

3471 337 3606 402 1713

367 459 648 532 ἀμφότερα
667 461 724 517 δὲ
753 457 1008 532 μεμπτὲα
1051 461 1156 514 καὶ
1207 459 1637 530 ἀπηγορευμένα
1669 459 1821 530 παρὰ
1864 460 1930 529 τῇ

2047 457 2351 522 ιηώἰιίοηί,
2374 471 2480 526 qua
2497 457 2728 528 gratiam
2747 467 2937 527 captas
2953 455 3236 510 hominum
3261 462 3313 508 et
3339 453 3604 509 favorem.

371 551 487 623 θεία
516 553 704 624 Γραφῇ
733 551 1078 622 εὑρίσκομεν.
1097 552 1212 605 Ἀεὶ
1239 551 1348 622 γὰρ
1373 552 1424 604 σί
1467 550 1936 621 προωπολῆπται

367 641 557 710 λόγους
581 641 1020 704 κολακευτικοὺς,
1049 643 1148 694 καὶ
1177 639 1560 712 μακαρισμοὺς
1587 637 1805 709 ψευδεῖς
1823 634 1936 700 τοῖς

367 734 426 786 ὲν
453 733 814 805 ὑπεροχῇκαὶ
839 731 1128 804 δυναστείᾳ
1155 732 1522 805 ὑπάρχουσιν,
1539 730 1672 796 ξύλα
1691 731 1787 784 καὶ
1811 729 1938 800 χόρο

363 833 478 886 τον,
492 822 625 894 ὓλην
645 822 947 892 εῦφθαρτον
961 823 1502 896 πῳσαναφλέγοντες
1515 821 1596 894 τῷ
1608 821 1710 892 τῆς
1723 822 1936 891 φύσεως

365 915 546 969 αὐτῶν
562 915 712 987 πυρί.
726 916 859 987 Περὶ
871 908 946 969 ὧν
966 931 1130 988 φησιν
1141 918 1168 970 6
1179 917 1484 987 προφήτης,
1495 935 1514 968 ι
1533 916 1595 970 Ol
1609 912 1940 985 μακαρίζον-

362 1020 458 1069 τες
502 1007 671 1075 ὑμᾶς,
696 1006 972 1062 πλανῶσιν
1004 1007 1148 1077 ὑμᾶς
1172 1047 1186 1072 ,
1219 1027 1240 1060 ι
1272 1007 1644 1076 θαυμάζοντες
1671 1005 1940 1076 πρόσωπα

361 1095 640 1161 ὠφελείας
693 1097 876 1166 χάριν.
928 1097 1190 1160 Πλούσιος
1221 1095 1331 1168 γὰρ
1358 1093 1713 1165 προστίθησιν
1753 1093 1939 1161 φίλους

363 1187 621 1251 πολλοὺς,
657 1188 685 1240 ὁ
717 1189 774 1241 δὲ
803 1189 1020 1256 πτωχὸς
1049 1187 1143 1242 καὶ
1167 1187 1275 1240 ἀπὺ
1302 1184 1397 1240 τοῦ
1423 1185 1762 1261 ὑπάρχοντος
1786 1182 1939 1253 φίλου

362 1277 778 1349 διαχωρίζεται.
816 1278 928 1331 Καὶ
965 1279 996 1347 ἡ
1033 1277 1196 1347 σοφία
1225 1276 1320 1330 τοῦ
1355 1275 1594 1347 πένητος
1647 1272 1940 1338 ἑξουδενω-

367 1367 532 1436 μένη.
549 1367 625 1420 Οὐ
654 1365 814 1434 θέμις
837 1364 1126 1437 τοιγαροῦν
1154 1365 1324 1430 οὕτως
1346 1363 1493 1435 ἡμᾶς
1515 1361 1798 1433 πράττειν,
1825 1359 1941 1414 ἀλλ’

363 1458 660 1530 ὀφείλομεν
691 1460 890 1522 πάντες
924 1456 1250 1528 όμοπιστίαν
1276 1453 1414 1509 Θεοῦ
1441 1453 1724 1518 λαϐόντες,
1749 1449 1938 1520 ἐντρέ-

365 1549 574 1603 πεσθαι
613 1549 896 1620 ἀλλήλους,
916 1550 1008 1602 καὶ
1036 1548 1110 1618 μὴ
1140 1546 1282 1602 κατά
1314 1546 1496 1616 σάρκα
1519 1545 1652 1615 όρᾷν
1671 1543 1764 1597 τὸν
1803 1541 1942 1613 πλη-

365 1643 508 1709 σίον,
535 1641 726 1696 ἀλλίν
769 1629 990 1711 Χριστῷ
1023 1638 1290 1709 ἀλλήλους
1333 1636 1420 1690 διὰ
1451 1635 1649 1698 παντὸς
1695 1633 1935 1704 ἀγαπᾷν.

365 1735 500 1787 Καὶ·
514 1733 680 1806 μηδὲν
708 1732 848 1787 ἔστω
875 1734 934 1786 ἐν
968 1733 1098 1804 ὑμῖν
1127 1731 1154 1786 6
1179 1730 1472 1798 δυνήσεται
1509 1726 1653 1798 ὑμᾶς
1682 1724 1904 1796 μερίσαι
1923 1740 1935 1756 υ

365 1826 510 1880 ἀλλὰ
540 1825 873 1890 τούναντίον,
916 1823 1057 1878 κατᾶ
1107 1823 1200 1876 τὸν
1247 1819 1546 1892 ’Υμνῳδδν,
1577 1838 1596 1872 ι
1662 1815 1939 1882 Ἐξέλεσθε

363 1915 720 1994 πένηταοκαὶ,
739 1916 978 1986 πτωχὸν,
1013 1915 1078 1968 ὲκ
1107 1912 1286 1986 χειρὸς
1339 1909 1668 1983 άμαρτωλοῦ
1699 1908 1940 1979 ῥύσασθε

361 2004 559 2058 αὐτόν’
574 2007 602 2058 6
615 2003 726 2075 γάρ
742 2003 874 2068 Θεὸς
895 2001 1272 2072 διεσκόρπισεν
1293 1998 1428 2052 ὀστᾶ
1441 1995 1938 2068 άνθρωπαρέσκων,

360 2094 826 2168 κατῃσχύνθησαν
857 2093 941 2147 ὅτι
995 2093 1026 2144 ὁ
1051 2092 1182 2155 Θεδς
1237 2087 1598 2152 ὲξουδένωσεν
1648 2085 1870 2168 αὐτούς.
1914 2102 1934 2137 ι

363 2187 446 2239 Οὐ
467 2185 580 2257 γὰρ
598 2185 760 2241 καλὸν
777 2185 1044 2239 αἰδεῖσθαι
1069 2184 1384 2256 πρόσωπον,
1409 2181 1548 2236 κατὰ
1577 2179 1676 2252 τὴν
1691 2177 1940 2250 Γραφὴν,

361 2281 426 2335 ἑν
445 2263 648 2350 κρίσει.
681 2300 698 2332 ι
734 2281 845 2334 Καὶ
873 2279 950 2350 μὴ
993 2277 1166 2350 λάϐῃς
1201 2277 1494 2347 πρόσωπον
1524 2273 1668 2350 κατὰ
1702 2273 1801 2342 τῆς
1837 2271 1938 2341 ψυ·

361 2373 468 2442 χῆς
494 2349 615 2435 σου,
651 2369 786 2440 μηδὲ
807 2349 1084 2441 ἐντραπῇς
1109 2349 1197 2432 είς
1224 2365 1434 2420 πτῶσίν
1489 2349 1608 2418 σου.
1645 2383 1665 2416 ι
1712 2361 1854 2433 Φησὶ
1881 2359 1942 2414 δὲ

361 2463 467 2515 καὶ
499 2463 530 2516 6
551 2461 754 2524 δίκαιος
787 2459 907 2514 ἰώϐ
935 2477 982 2513 ἰ
1012 2459 1129 2514 Νῦν
1151 2460 1207 2513 δὲ
1230 2457 1520 2529 είσϐλέψας
1551 2458 1631 2519 είς
1653 2455 1942 2528 πρόσωπον

363 2554 530 2626 ὑμῶν
577 2553 636 2608 οῦ
675 2553 969 2624 ψεύσομαι.
1000 2572 1019 2604 ο
1053 2551 1164 2626 καὶ
1197 2553 1226 2605 6
1265 2548 1545 2612 Ἰάκωϐος,
1603 2565 1622 2599 ι
1670 2543 1938 2612 Ἀδελφοί,

367 2643 446 2717 μὴ
467 2647 528 2706 ἐν
553 2635 1042 2716 προσωποληψίαις
1067 2643 1219 2713 ἔχετε
1259 2641 1358 2714 τήν
1383 2641 1568 2694 πίστιν
1605 2638 1700 2694 τοῦ
1732 2637 1941 2717 Κυρίου

363 2716 531 2806 ήμῶν
571 2732 748 2806 Ἰησοῦ
773 2735 1033 2806 Χριστοῦ.
1078 2735 1204 2789 Ἐάν
1233 2734 1364 2804 γὰρ,
1391 2731 1582 2803 φησὶν,
1608 2716 1836 2802 εἰσέλθῃ
1862 2729 1944 2793 είς

365 2823 470 2895 τὴν
487 2823 817 2894 Συναγωγὴν
833 2823 989 2893 ὑμῶν
1005 2823 1142 2894 ἀνὴρ
1166 2821 1646 2894 χρυσοδακτύλιος,
1669 2820 1726 2873 ἐν
1750 2819 1942 2888 ἐσθῆτι

365 2910 626 2986 λαμπρᾷ,
659 2914 880 2986 εἰσέλθῃ
902 2915 961 2968 δὲ
992 2917 1086 2968 καὶ
1127 2913 1342 2986 πτωχὸς
1367 2916 1424 2967 ὲν
1457 2913 1677 2984 ῥυπαρᾷ
1728 2911 1941 2981 ἐσθῆτι,

366 3007 470 3060 καὶ
529 3005 859 3078 ἐπιϐλέψητε
897 3007 990 3060 ἐπὶ
1039 3006 1130 3060 τὸν
1177 3006 1448 3078 φοροῦντα
1473 3004 1572 3076 τὴν
1601 3003 1805 3074 ἐσθῆτα
1846 3002 1944 3075 τὴν

367 3097 658 3169 λαμπρὰν,
693 3098 790 3150 καὶ
820 3097 1014 3170 εἴπητε
1063 3098 1234 3168 αὐτῷ,
1267 3100 1340 3152 Σὺ
1387 3097 1557 3152 κάθου
1597 3089 1696 3150 ὧδε
1729 3093 1940 3158 καλῶς·

369 3185 470 3263 καὶ
498 3184 577 3256 τῷ
601 3185 822 3258 πτωχῷ,
845 3187 920 3240 Σὺ
947 3187 1106 3258 στῆθι
1130 3188 1268 3252 ὲκεϊ,
1299 3187 1361 3242 οὑ
1384 3185 1589 3256 διεκρίο
1607 3201 1704 3255 ητε
1727 3187 1786 3238 ὲν
1813 3185 1942 3238 ἐαυ-

368 3272 516 3338 τοῖς,
564 3275 658 3329 καὶ
687 3273 936 3344 ἐγένεσθε
971 3276 1157 3348 κριταὶ
1189 3273 1556 3348 διαλογισμῶν
1595 3275 1877 3346 πονηρῶν;
1922 3293 1940 3325 ι

365 3364 487 3418 Καὶ
519 3361 743 3448 ἐπάγει·
767 3386 785 3418 ι
807 3367 870 3421 Εί
901 3369 1083 3438 μέντοι
1105 3367 1266 3438 νόμον
1289 3363 1563 3440 βασιλικὸν
1581 3367 1784 3419 τελεῖτε
1805 3364 1948 3420 κατὰ

357 3456 478 3528 τὴν
503 3455 751 3528 Γραφὴν,
775 3459 1085 3531 ἀγαπήσεις
1111 3460 1203 3513 τὸν
1233 3451 1480 3531 πλησίον,
1505 3457 1683 3522 καλῶς
1709 3462 1912 3512 ποιεῖτε
1932 3473 1944 3486 ·

358 3549 414 3602 ει
465 3547 522 3601 δὲ
546 3549 1094 3621 ,προσωποληπτεϊτῆ
1119 3550 1397 3620 ἁμαρτίαν
1421 3548 1704 3620 ὲργόιζεθε,
1733 3547 1950 3618 ἐλεγχό-

365 3654 537 3708 μενοι
559 3638 664 3690 ὑπδ
689 3637 784 3691 τοῦ
822 3639 990 3708 νόμου
1012 3638 1087 3702 ὡς
1115 3639 1456 3710 παραϐάται.
1501 3657 1520 3692 ι
1580 3638 1810 3710 Ὁμοίως
1853 3638 1951 3692 καὶ

359 3728 398 3782 ὅ
423 3725 863 3799 ΙΙάροιμιαστὴς,
909 3748 929 3782 ι
973 3729 1267 3800 Θαυμάσαι
1306 3731 1595 3800 πρόσωπον
1623 3729 1855 3793 ἀσεϐοῦς
1879 3730 1941 3780 οὺ

365 3817 566 3882 καλὸν,
591 3817 712 3870 οὐδὲ
739 3819 884 3871 ὅσιον
919 3817 1193 3873 ἐκκλίνειν
1229 3821 1293 3872 τὸ
1339 3819 1548 3874 δίκαιον
1581 3820 1637 3872 ὲν
1677 3819 1884 3889 κρίσει.
1925 3837 1946 3869 ι

370 3908 498 3963 Καὶ
534 3908 692 3972 ἄλλος
719 3925 734 3940 ·
785 3928 802 3960 ι
839 3907 1201 3980 Αἰσχῦνεσθαι
1232 3911 1524 3982 πρόσωπον
1555 3911 1613 3962 ὲν
1644 3907 1842 3982 κρίσει,
1889 3909 1951 3963 οὐ

367 3999 563 4055 καλόν.
599 3992 849 4054 ’θἐἰπὼν
873 4001 965 4054 τὸν
996 3999 1190 4072 ἀσεϐῆ,
1238 4001 1454 4064 Δίκαιός
1481 4000 1650 4067 ἐστιν,
1681 4003 1952 4055 ἐπικατά-

371 4106 544 4160 ροιτος
575 4091 720 4152 λαοῖς
747 4089 921 4156 ἔσται,
952 4091 1045 4144 καὶ
1081 4093 1308 4162 μισητὸς
1335 4093 1414 4155 εἰς
1448 4091 1597 4163 ἔθνη.
1633 4093 1697 4146 Οί
1723 4091 1779 4146 δὲ
1803 4092 1954 4162 ὲλὲγ-

367 4195 588 4251 χοντες,
626 4179 869 4249 βελτίους
892 4181 1210 4249 φανοῦνται.
1253 4181 1373 4234 Ἐπ’
1401 4183 1596 4246 αὐτοὺς
1633 4181 1690 4235 δὲ
1711 4181 1830 4252 ἥξει
1865 4181 1950 4234 εὑ.

367 4271 538 4340 λογία
563 4273 790 4344 ἀγαθή.»
815 4277 970 4329 Καὶὸ
999 4275 1236 4341 Παῦλος·
1265 4295 1284 4328 ι
1322 4277 1395 4328 Οὐ
1445 4278 1554 4346 γάρ
1583 4277 1732 4330 ἐστιν
1760 4293 1953 4344 προσ-

369 4361 669 4432 ωποληψία
705 4366 854 4437 παρά
879 4367 954 4437 τῷ
980 4363 1120 4438 Θεῷ.
1148 4385 1166 4418 ›
1195 4368 1306 4420 Καὶ
1333 4365 1522 4420 πάλιν·
1552 4388 1568 4418 ι
1605 4367 1737 4420 Ἀπὸ
1763 4367 1818 4420 δὲ
1847 4367 1954 4420 τῶν

2037 551 2232 606 Edicto
2271 549 2472 604 divina:
2512 548 2811 619 Scriptura:
2855 547 3227 616 comperimus
3257 545 3420 600 nobis
3451 551 3603 598 utro~

2037 654 2144 714 que
2178 657 2300 698 esse
2331 641 2704 706 interdictum,
2743 649 2803 694 ut
2837 637 3262 710 reprehensibili
3293 653 3358 692 ac
3385 637 3604 690 vitioso.

2037 733 2142 800 Qui
2171 732 2320 788 enim
2344 731 2492 786 .vitio
2543 731 2634 786 isti
2691 724 3028 800 accipiendae
3070 743 3322 799 personae
3379 727 3606 781 obnoxii

2038 831 2188 889 sunt,
2219 823 2376 878 nullo
2411 839 2522 877 non
2557 831 2806 892 tempore
2835 833 3117 876 sermones
3152 827 3610 890 promtmtasscn-

2041 913 2292 978 tatorios,
2323 928 2385 968 ac
2414 913 2602 968 nescio
2632 914 2790 983 cujus
2819 911 3210 966 commentitus
3247 909 3610 965 beatitudinis

2027 1011 2350 1074 praetexunt
2398 1003 2654 1058 umbram
2705 1002 2774 1058 iis
2807 1003 2902 1072 qui
2946 1003 3306 1072 praerogativa
3349 1002 3610 1072 quapiam

2039 1093 2284 1170 eminent
2297 1091 2580 1162 dignitatis
2606 1098 2662 1145 et
2685 1091 2943 1160 potentia:
2975 1108 2987 1143 :
3017 1090 3274 1145 videlicet
3316 1089 3612 1160 proferunt

2039 1185 2184 1256 ligna
2238 1191 2296 1240 et
2332 1183 2518 1238 fenum
2552 1201 2566 1237 :
2598 1183 2790 1252 utique
2829 1183 3112 1238 materiam
3167 1191 3362 1252 suapte
3413 1191 3612 1238 natura

2041 1262 2300 1330 acclivem
2323 1272 2684 1344 corruptioni,
2717 1273 3083 1329 incendentes
3119 1274 3267 1344 igne,
3301 1273 3368 1328 de
3405 1273 3612 1343 quibus

2039 1367 2117 1422 ait
2167 1373 2224 1422 et
2246 1343 2516 1436 propheta
2553 1343 2623 1418 τ’(
2662 1365 2767 1430 Qui
2820 1380 2919 1420 vos
2944 1343 3284 1428 beatiﬁcauit,
3335 1365 3610 1424 seducunt

2040 1473 2139 1514 vos
2159 1459 2244 1511 "z
2279 1477 2296 1509 ι
2329 1457 2666 1513 admirantes
2685 1472 2958 1528 personas
2993 1466 3239 1526 quaestus
3267 1473 3456 1513 causa.
3515 1457 3609 1510 Di-

2028 1565 2137 1606 lves
2161 1549 2308 1606 enim
2340 1549 2495 1605 addit
2523 1551 2729 1605 amicos
2754 1549 2978 1615 multos,
3013 1563 3225 1624 pauper
3271 1565 3424 1614 vero,
3459 1557 3514 1603 ct
3545 1549 3614 1602 ab

2039 1657 2109 1700 eo
2155 1642 2251 1714 qui
2285 1651 2408 1698 erat
2449 1642 2691 1703 amicus,
2753 1641 3106 1712 disparatur;
3147 1640 3421 1711 sapientia
3472 1655 3610 1710 pau-

2041 1733 2190 1804 peris
2252 1733 2414 1788 nihili
2473 1732 2660 1787 habita
2711 1747 2776 1787 ac
2823 1731 3080 1802 despecta
3114 1732 3182 1785 ".
3223 1751 3241 1782 ι
3292 1733 3468 1800 Atque
3505 1747 3612 1785 non

1977 1802 2018 1857 Β
2038 1802 2251 1895 justum
2281 1823 2354 1880 sit
2387 1823 2514 1878 talia
2541 1830 2602 1876 ut
2628 1835 2950 1893 operemur,
2972 1817 3611 1892 debemus'magisﬁdcm

2045 1914 2222 1972 nihilo
2255 1915 2528 1984 disparem
2559 1915 2831 1983 complexi
2862 1921 3056 1967 mutuo
3087 1927 3189 1967 nos
3231 1911 3476 1968 revereri
3508 1911 3608 1965 hoc

2045 2023 2181 2066 more
2221 2025 2234 2062 :
2265 2022 2378 2062 non
2401 2007 2626 2078 Quidem
2647 2005 2942 2062 metientes
2982 2005 3294 2075 proximum
3329 2003 3612 2075 germani-

2047 2106 2157 2154 tate
2185 2099 2388 2163 carnis,
2413 2098 2510 2153 sed
2537 2099 2592 2152 in
2614 2097 2835 2154 Christo
2856 2096 3091 2152 iniicem
3121 2097 3324 2152 amoris
3343 2093 3616 2151 individui

2045 2190 2259 2262 glutino
2285 2188 2668 2255 confoedemi,
2698 2189 2834 2244 adeo
2861 2197 2920 2242 ut
2948 2187 3089 2242 nihil
3137 2187 3390 2242 alicunde
3415 2200 3615 2240 occur—

2046 2291 2150 2348 rat,
2183 2283 2461 2354 quod‘nos
2475 2281 2650 2352 possit
2673 2297 2705 2336 a
2729 2279 3052 2352 compagine
3079 2286 3284 2333 mutua:
3305 2277 3620 2334 dilectionis

2047 2373 2313 2430 dirimere
2349 2392 2363 2430 :
2391 2374 2488 2430 sed
2517 2373 2784 2430 ediverso
2807 2375 2963 2445 juxta
2987 2373 3319 2428 sententiam
3351 2373 3471 2442 ejus
3524 2371 3615 2437 qui

2047 2467 2282 2540 hymnos
2319 2465 2667 2521 emodulatus
2719 2472 2804 2519 est
2841 2481 2856 2516 :
2891 2481 2909 2514 ι
2957 2463 3166 2533 Eripite
3206 2476 3528 2531 pauperem,
3561 2472 3618 2514 ct

2047 2571 2318 2628 egenum;
2346 2555 2413 2612 de
2437 2571 2608 2610 manu
2635 2553 2946 2624 peccatoris
2967 2551 3196 2606 liberate
3217 2551 3406 2606 eum”
3435 2568 3448 2604 :
3472 2551 3618 2605 Deus

2046 2647 2194 2703 enim
2219 2647 2508 2720 dissipavit
2533 2661 2659 2702 ossa
2688 2661 2885 2700 eorum
2908 2643 3004 2715 qui
3023 2642 3343 2698 hominibus
3358 2641 3579 2713 placent
3598 2659 3615 2706 ;.

2049 2739 2263 2795 confusi
2289 2746 2440 2805 sunt,
2470 2737 2736 2808 quoniam
2768 2736 2916 2790 Deus
2970 2733 3179 2804 sprevit
3207 2748 3303 2792 eos
3322 2735 3392 2786 ".
3441 2751 3459 2783 ›
3498 2733 3618 2788 Νοιι

2047 2833 2198 2890 enim
2240 2829 2446 2886 bonum
2494 2828 2740 2885 revereri
2774 2840 3063 2898 personam
3101 2826 3160 2880 in
3183 2824 3414 2896 judicio,
3466 2825 3619 2893 juxta

2049 2923 2412 2994 Scripturam.
2437 2922 2546 2978 Et:
2588 2939 2611 2973 ι
2663 2919 2744 2975 Ne
2772 2919 3054 2990 acceperis
3095 2921 3384 2988 personam
3427 2924 3622 2972 contra

2049 3015 2286 3070 animam
2331 3021 2503 3076 tuam,
2554 3027 2624 3066 ne
2679 3018 2865 3066 autem
2913 3009 3272 3065 confundaris
3327 3011 3383 3062 in
3430 3023 3618 3062 casum

2051 3115 2208 3160 tuum
2231 3107 2271 3160 ‘.
2299 3124 2319 3158 ι
2344 3104 2532 3160 Justus
2557 3103 2689 3158 item
2717 3101 2822 3156 Job
2858 3119 2871 3154 :
2909 3119 2927 3152 ι
2965 3100 3129 3155 Nunc
3147 3108 3334 3154 autem
3369 3099 3618 3168 inspecta

2045 3211 2282 3268 persona
2323 3204 2506 3272 vestra
2544 3209 2658 3250 non
2685 3191 2924 3248 mentiar
2949 3194 2991 3246 ¹.
3032 3209 3052 3244 ι
3090 3191 3329 3254 Jacobus
3359 3191 3622 3261 quoque:

2026 3325 2031 3329 -
2055 3305 2074 3338 ι
2097 3287 2336 3346 Fratres.
2373 3286 2544 3342 nolite
2589 3285 2644 3340 in
2677 3299 3046 3355 personarum
3071 3284 3390 3352 acceptione
3418 3281 3622 3336 habere

2049 3378 2212 3434 ﬁdem
2241 3378 2459 3432 Domini
2487 3377 2658 3432 nostri
2671 3377 2804 3432 Jesu
2824 3375 3065 3442 Christi;
3105 3375 3152 3430 si
3176 3371 3325 3429 enim
3349 3373 3626 3427 introierit

2051 3469 2108 3524 in
2133 3479 2465 3525 conventum
2488 3476 2734 3523 vestrum
2759 3467 2843 3522 vir
2869 3465 3080 3520 habens
3100 3479 3330 3520 aureum
3360 3464 3624 3520 annulum

2051 3559 2109 3612 in
2141 3569 2292 3614 veste
2322 3557 2630 3628 splendida,
2667 3557 2948 3615 introierit
2982 3564 3167 3612 autem
3209 3566 3267 3612 et
3324 3571 3533 3627 pauper
3567 3557 3620 3610 in

2052 3647 2280 3704 sordido
2332 3648 2550 3709 habitu.
2591 3657 2650 3704 et
2689 3648 2996 3702 ‘intendatis
3039 3648 3093 3704 in
3123 3663 3250 3702 eum
3275 3648 3368 3718 qui
3399 3648 3626 3703 indutus

2053 3747 2138 3796 est
2157 3749 2307 3797 veste
2337 3741 2619 3812 praeclara,
2651 3748 2707 3795 et
2739 3739 2991 3795 dixeritis
3013 3739 3064 3795 ei
3093 3759 3105 3794 :
3137 3740 3216 3794 Tu
3254 3739 3384 3794 sede
3406 3739 3499 3793 hic
3530 3740 3627 3793 be-

2052 3845 2144 3896 ne;
2176 3831 2403 3900 pauperi
2431 3841 2628 3887 autem
2673 3831 2870 3887 dicatis
2898 3848 2912 3886 ε
2945 3831 3026 3884 Τυ
3078 3839 3162 3885 sta
3195 3831 3328 3892 illic,
3365 3840 3462 3884 aut
3493 3831 3625 3884 sede

2055 3923 2161 3978 sub
2179 3922 2417 3978 scabello
2441 3921 2643 3992 pedum
2673 3937 2919 3977 meorum
2951 3941 2964 3977 :
2993 3936 3174 3978 nonne
3201 3923 3460 3993 judicatis
3481 3924 3624 3992 apud
3675 3926 3680 3931 ‘

2053 4013 2437 4083 vosmetipsos,
2467 4024 2524 4069 et
2555 4014 2682 4070 facti
2705 4015 3075 4084 estisjudices
3099 4015 3495 4083 cogitatibnum
3524 4013 3630 4066 ini-

2055 4116 2289 4172 quarum
2325 4100 2382 4154 "3
2444 4120 2463 4153 ι
2509 4102 2724 4172 1176
2767 4102 2986 4168 luducit
3037 4121 3050 4156 :
3107 4123 3126 4154 ι
3159 4103 3212 4158 Si
3242 4115 3420 4158 tamen
3450 4103 3626 4173 legem

2056 4188 2325 4258 perlicitis
2365 4190 2601 4260 regalem
2657 4192 2962 4248 secundum
3003 4192 3344 4262 Scripturam
3403 4193 3629 4262 (Diliges

2057 4277 2368 4346 proximum
2397 4286 2550 4332 tuum
2575 4281 2721 4334 sicut
2747 4289 2798 4335 te
2829 4282 3052 4352 ipsum),
3081 4282 3427 4348 benefacitis;
3455 4283 3500 4338 si
3531 4299 3632 4336 au-

2059 4377 2168 4430 tem
2198 4385 2489 4438 personam
2513 4370 2782 4440 accipitis,
2829 4381 3115 4442 peccatum
3156 4373 3484 4443 Operamini,
3541 4389 3630 4426 re-
3731 4381 3738 4390 '

369 4453 679 4508 δοκούντων
709 4453 850 4510 εἷναί
878 4475 949 4522 τι,
975 4449 1148 4512 ὁποῖοί
1176 4475 1306 4512 ποτε
1333 4453 1495 4530 ἦσαν,
1525 4458 1679 4510 οὐδέν
1720 4475 1810 4526 μοι
1840 4457 1944 4514 δια-

2061 4461 2280 4532 darguti
2303 4477 2333 4518 a
2367 4461 2486 4532 lege
2513 4461 2668 4532 quasi
2711 4471 3146 4533 transgressores
3174 4465 3216 4516 ’⁸.
3255 4483 3273 4515 ι
3306 4464 3416 4530 Nec
3467 4463 3627 4516 ablu-

372 4544 572 4614 φέρει·
630 4547 919 4618 πρόσωπον
969 4550 1101 4614 Θεὸς
1131 4549 1416 4619 ἀνθρώπου
1485 4551 1544 4602 οὐ
1595 4545 1884 4619 λαμϐάνει.
1931 4567 1944 4598 ι

2061 4553 2144 4606 dit
2171 4552 2591 4609 Partemiastcs:
2636 4571 2655 4604 ι
2691 4553 2967 4609 Admirari
3000 4567 3290 4624 personam
3349 4553 3630 4624 impiiuou

387 4636 454 4688 '0
473 4633 530 4686 δὲ
555 4633 686 4697 Θεὸς
709 4624 844 4704 πρὸς
866 4638 958 4692 τὸν
975 4637 1245 4712 Σαμουὴλ,
1267 4643 1393 4713 περὶ
1420 4639 1526 4693 τῶν
1551 4639 1678 4692 υἱῶν
1721 4639 1916 4692 Ἰεσσαί
1939 4659 1950 4670 ·

381 4743 408 4779 ι
447 4725 538 4796 Μὴ
570 4725 888 4800 ὲπιϐλέψῃς,
935 4731 1122 4798 φησὶν,
1156 4733 1234 4796 είς
1284 4735 1383 4802 τὴν
1412 4731 1534 4802 ὄψιν
1573 4729 1668 4785 καὶ
1696 4725 1756 4784 1:6
1783 4731 1950 4801 μέγευ

373 4815 474 4879 Θιος
494 4813 697 4878 αὐτῶν,
724 4818 806 4870 ὅτι
847 4817 1130 4889 ἄνθρωπος
1159 4821 1236 4886 είς
1275 4821 1568 4892 πρόσωπον
1615 4821 1890 4893 βλέψεται,
1926 4824 1954 4875 6

371 4907 605 4970 δὲ’Θεὺς
643 4909 724 4972 εις
749 4910 980 4982 καρδίαν
1004 4915 1126 4984 ὁρᾷ.
1160 4931 1178 4965 ι
1210 4915 1384 4978 Αὐτὸς
1406 4915 1462 4967 δὲ
1483 4917 1512 4968 6
1546 4911 1746 4986 Κύριος
1781 4913 1948 4968 ἀκοῦ-

375 5013 484 5061 σας
505 4999 657 5068 παρά
685 5017 828 5064 τινος
851 5019 864 5032 ο
901 5022 918 5054 ι
959 5002 1089 5056 Ἰδοὺ
1117 5005 1148 5074 ἠ
1183 5005 1365 5075 μήτηρ
1393 5021 1506 5069 σου,
1540 5006 1633 5057 καὶ
1662 5007 1712 5056 οί
1738 5003 1953 5072 ἀδελφοί

380 5107 480 5144 σου
537 5091 644 5158 ἔξω
697 5093 988 5164 ἑστηκότες
1036 5093 1260 5166 ζητοῦσι
1291 5113 1370 5160 σε,
1419 5115 1438 5148 ι
1481 5097 1754 5168 ἀπεκρίθη
1781 5095 1950 5164 αὐτῷ,

385 5201 410 5233 ι
447 5183 542 5245 Τίς
577 5185 722 5236 ἐστιν
751 5187 784 5254 ὴ
813 5187 999 5256 μήτηρ
1031 5205 1154 5256 μου,
1190 5187 1286 5242 καὶ
1317 5187 1461 5250 τίνες
1492 5188 1630 5240 είσὶν
1659 5189 1707 5238 oi
1736 5181 1954 5254 ἀδελφοί

382 5289 524 5341 μους
567 5293 586 5324 ’
623 5276 718 5326 καὶ
747 5275 993 5340 ἐκτείνας
1017 5276 1114 5346 τὴν
1144 5282 1300 5350 χεῖρα
1319 5277 1488 5330 αὐτοῦ
1517 5278 1610 5330 ἐπὶ
1634 5278 1758 5340 τοὺς
1785 5277 1961 5347 μαθη-

2060 4652 2144 4697 est
2178 4642 2414 4723 bonum,
2441 4659 2619 4718 neque
2655 4653 2902 4697 sanctum
2930 4643 3431 4714 declinarcjustum
3465 4645 3518 4698 in
3539 4645 3630 4712 ju-

2059 4732 2206 4787 dicio
2235 4733 2277 4786 '.
2309 4751 2327 4782 ι
2377 4731 2532 4787 Alius
2567 4752 2579 4786 :
2621 4753 2638 4784 ‹
2678 4734 2872 4789 Vereri
2931 4750 3226 4804 personam
3286 4735 3342 4789 in
3395 4736 3628 4806 judicio,

2056 4829 2271 4878 nonest
2299 4823 2540 4888 bonum;
2576 4824 2672 4892 qui
2732 4823 2869 4878 dicit
2903 4824 3071 4894 impio
3109 4842 3120 4877 :
3154 4825 3348 4880 Justus
3375 4843 3456 4890 es,
3517 4843 3632 4880 ma-

2057 4913 2329 4967 lcdieetur
2357 4913 2409 4967 in
2436 4913 2653 4983 pepulis
2677 4955 2689 4978 ,
2737 4925 2794 4968 ct
2827 4915 3046 4970 odibilis
3069 4917 3175 4970 erit
3205 4917 3348 4972 inter
3403 4928 3626 4988 gentes;

2060 5003 2154 5072 qui
2224 5014 2406 5058 autem
2455 5005 2899 5074 reprehendunt,
2950 5007 3206 5061 meliores
3264 5008 3627 5076 apparebunt,

2061 5110 2226 5164 super
2263 5112 2357 5150 cos
2389 5105 2570 5149 autem
2603 5097 2786 5151 veniet
2815 5097 3130 5152 benedictio
3179 5098 3322 5151 bona
3356 5097 3396 5149 ⁸.
3431 5117 3448 5147 ι
3493 5099 3632 5150 Pau-

2057 5187 2143 5238 lus
2175 5187 2304 5240 item
2353 5203 2365 5240 :
2421 5207 2436 5237 ι
2477 5188 2596 5242 Non
2632 5189 2780 5242 enim
2832 5198 2918 5242 cst
2977 5205 3339 5256 personarum
3380 5191 3629 5258 accc-plin

2063 5275 2206 5344 apud
2244 5271 2412 5328 Deum
2439 5273 2492 5330 ⁷.’
2522 5295 2540 5326 ι
2574 5275 2778 5330 lterum
2821 5294 2832 5328 :
2878 5294 2894 5324 ι
2927 5275 3008 5329 Ab
3038 5276 3124 5330 his
3151 5277 3245 5345 qui
3302 5277 3632 5332 videbantur

376 5363 482 5426 τὰς
505 5364 691 5432 αὐτοῦ,
713 5361 901 5421 εἷπεν-ο
938 5387 956 5419 ι
1001 5368 1184 5439 Ίδοὺή
1213 5371 1394 5440 μήτηρ
1426 5385 1526 5438 μου
1548 5369 1639 5421 καὶ
1669 5369 1716 5420 oi
1746 5367 1943 5436 ὰλδελφο

2065 5381 2211 5438 esse,
2251 5367 2443 5434 qualos
2475 5365 2767 5434 aliquando
2793 5366 3017 5427 fuerint,
3049 5366 3181 5419 nihil
3207 5383 3324 5419 mea
3355 5367 3585 5424 interest
3615 5385 3627 5421 :

381 5471 511 5523 μου.
542 5457 731 5522 Ὅστις
781 5459 890 5529 γάρ
923 5460 990 5513 ἂν
1020 5461 1224 5535 ποιήσῃ
1254 5461 1312 5512 τὸ
1347 5459 1558 5530 θέλημα
1603 5460 1696 5512 τοῦ
1743 5460 1964 5528 Πατρός

455 5593 498 5624 "
528 5595 632 5648 lsa.
662 5613 734 5657 nt,
791 5599 875 5654 16.

385 5659 534 5717 'Joh
597 5681 673 5727 vr,
718 5668 806 5722 28.

382 5731 488 5790 lat.
527 5749 582 5798 ιι,
615 5736 667 5790 6.

2070 5455 2357 5528 personam
2385 5457 2529 5508 Deus
2563 5471 2673 5510 non
2714 5455 2917 5524 accipit
2941 5458 2981 5510 ⁸.
3022 5476 3040 5510 ιι
3075 5456 3216 5511 Deus
3243 5457 3474 5526 proinde
3531 5458 3628 5511 Sa-

952 5601 997 5631 "
1052 5602 1230 5656 Her-lc.
1268 5620 1339 5666 Ix,
1375 5603 1472 5654 Ιϐ-
1530 5604 1576 5636 ⁹⁸
1607 5603 1966 5662 Ρδοιίικκκι,
2007 5604 2054 5656 4.
2123 5605 2168 5635 θ’
2208 5602 2346 5655 Psal.
2383 5602 2552 5658 1.11,6.
2634 5603 2646 5632 ¹
2679 5591 2843 5654 l’rov.
2885 5618 3034 5662 XVIII.
3089 5604 3157 5667 ii;
3194 5604 3350 5656 Bent.
3395 5619 3502 5666 xvr,
3545 5603 3622 5654 l9.

903 5670 922 5699 ³
955 5671 1070 5724 Jac.
1109 5688 1166 5735 η,
1207 5674 1222 5725 Ι
1269 5674 1319 5727 -l.
1398 5673 1415 5702 ³
1441 5673 1574 5727 ibid.
1605 5676 1656 5736 8,
1699 5676 1751 5738 9,
1828 5674 1848 5704 δ
1879 5674 2037 5728 Prov.
2099 5688 2239 5734 κχιγ,
2267 5675 2355 5724 25.

2435 5673 2452 5700 "
2486 5669 2618 5723 Ibid.
2669 5673 2758 5736 2i,
2795 5672 2883 5724 23$.
2961 5675 2978 5704 ⁷
3014 5675 3164 5726 Ιὶυιιι.
3205 5691 3259 5738 n,
3308 5674 3388 5726 ll.
3472 5677 3492 5703 ⁸
3523 5677 3628 5728 Ua-
