3918 6106
414 286 548 352 1719

1650 286 2017 347 ANTIOCHI
2064 288 2407 349 MUNACI-II

3522 280 3635 347 1710

409 407 579 463 mucli
618 408 687 464 de
725 408 853 464 filiis
886 408 1038 465 Iesse
1065 409 1142 463 ait
1172 425 1183 460 :
1226 427 1242 457 ε
1272 404 1349 460 Nc
1382 405 1646 476 respicias
1679 405 1735 458 in
1768 404 1981 459 vultum

2098 423 2191 474 μου
2223 405 2316 459 τοῦ
2343 409 2401 459 ἐν
2427 406 2694 477 οὐρανοῖς,
2721 398 2875 466 οὗτός
2909 420 3010 474 μου
3034 401 3284 473 ἀδελφὸς,
3314 401 3411 454 καὶ
3436 400 3634 472 sum,

407 510 466 556 et
491 500 559 555 ad
578 502 1010 572 magnitudinem
1026 503 1167 571 ejus,
1208 499 1341 569 quia
1370 498 1535 552 homo
1581 498 1635 551 in
1674 496 1870 552 faciem
1898 496 1984 550 vi-

409 591 584 658 debit,
628 593 773 647 Deus
801 603 985 648 autem
1010 593 1259 646 intuetur
1290 606 1385 647 cor
1414 591 1456 642 ⁸.
1497 610 1514 640 ι
1538 590 1658 658 Ipse
1682 603 1844 656 porro
1872 587 1984 642 Do-

409 685 594 739 minus
615 700 739 739 cum
768 683 1056 754 aquodam
1087 684 1428 739 audivisset:
1458 692 1485 732 ·‹
1529 681 1666 735 Et-ce
1693 689 1869 735 mater
1891 688 1983 735 tua
2018 688 2076 735 et
2128 680 2326 736 fratres
2353 681 2431 735 tui
2464 681 2602 741 foris
2634 687 2785 736 stant
2834 688 3144 750 quaerentes
3170 687 3223 733 te
3300 718 3317 743 ,

686 794 699 830 :
784 776 919 844 Quae
949 785 1032 832 est
1065 786 1239 832 mater
1270 785 1495 841 mea,ct
1546 775 1640 845 qui
1680 784 1811 829 sunt
1855 774 2055 832 fratres
2083 777 2192 831 mei
2230 778 2311 830 υἷ’
2347 796 2365 829 ι
2408 776 2659 847 Cumque
2713 778 3053 834 extendisset
3110 792 3337 833 manum
3392 791 3543 832 suam
3592 775 3640 829 in

410 776 491 830 dit
519 776 593 830 illi

2095 499 2190 552 καὶ
2222 500 2405 570 μήτηρ
2441 499 2543 570 μού
2566 500 2731 551 ἐστιν.
2755 515 2772 548 ι
2797 496 2999 568 Αὐτῷή
3031 496 3159 563 δόξα
3178 497 3260 560 είς
3290 484 3424 560 τοὺς
3446 495 3630 558 αἰῶνας

2090 589 2197 642 τῶν
2225 588 2456 643 αἰώνων.
2505 590 2697 660 Ἀμήν.

3438 688 3643 745 respon-

409 866 735 937 discipulos,
765 867 934 925 dicit:
1016 869 1157 923 Ecce
1185 876 1359 922 mater
1384 883 1503 922 mea
1525 877 1579 921 et
1602 866 1800 922 fratres
1856 867 1962 922 mei
1996 889 2010 922 :
2050 869 2370 939 quicunque
2423 870 2572 924 enim
2604 869 2799 924 fecerit
2833 856 3172 924 voluntatem
3196 868 3379 925 Patris
3419 868 3524 927 mei
3561 867 3642 939 qui

410 970 494 1015 est
520 960 573 1013 in
602 959 778 1027 cmlis,
812 960 906 1016 hic
936 976 1091 1016 meus
1120 960 1289 1015 frater
1325 970 1379 1015 ct
1418 970 1594 1016 mater
1622 953 1754 1016 est"
1784 954 1993 1032 "lesi
2027 961 2198 1033 gloria
2230 962 2287 1017 in
2322 964 2519 1019 saecula
2550 950 2915 1020 saeculorum.
2942 958 3137 1018 Amen.

939 1097 1224 1152 llOItlllJA
1248 1097 1428 1153 XCIV.

603 1213 1023 1268 Colmbitandum
1049 1213 1231 1282 paucis
1255 1212 1487 1282 quidem,
1522 1212 1612 1265 sed
1627 1212 1794 1267 bonis.

486 1324 780 1389 Profuerit,
810 1324 1148 1387 cbarissimi,
1177 1338 1300 1378 cum
1331 1324 1521 1393 paucis
1555 1323 1779 1393 quidem
1826 1322 1988 1377 babi—

2697 1099 2909 1151 ΑοΓοΣ
2930 1078 3050 1164 Ly.

2297 1211 2437 1280 Περὶ
2463 1211 2569 1265 τοῦ
2593 1209 2781 1264 οὶκεῖν
2804 1212 2955 1280 μετὰ
2981 1210 3203 1279 ὀλίγων
3230 1207 3465 1263 καλῶν.

2161 1323 2342 1377 Καλόν
2372 1324 2541 1386 ἐστιν,
2573 1323 2869 1395 ἀγαπητοὶ,
2911 1323 3083 1379 οίκεῖν
3135 1320 3280 1393 μετά
3338 1319 3544 1389 ὀλίγων
3570 1319 3649 1372 εὖ·

415 1428 550 1480 tare,
576 1416 673 1471 sed
705 1416 865 1470 bonis
895 1434 906 1469 :
938 1415 990 1470 id
1029 1415 1179 1485 quod
1213 1415 1324 1469 Deo
1358 1414 1518 1485 longe
1555 1414 1785 1485 gratius,
1824 1430 1986 1484 quam

2098 1413 2465 1485 αρεστοὺντων
2514 1414 2593 1485 τῷ
2624 1412 2765 1484 Θεῷ,
2797 1414 2947 1485 ἥπερ
2973 1412 3111 1484 μετά
3144 1411 3362 1466 πολλῶν
3386 1416 3651 1481 καταφρο-

415 1519 476 1562 ut
502 1507 692 1563 multis
720 1507 1005 1562 cohabites
1032 1507 1125 1577 qui
1164 1507 1276 1561 sint
1304 1514 1715 1576 contemptores
1764 1505 1991 1560 manda-

415 1610 595 1655 torum
626 1599 863 1659 Domini.
887 1598 991 1655 Ubi
1015 1599 1163 1653 enim
1202 1598 1369 1654 timor
1407 1599 1647 1665 Domini,
1697 1599 1809 1655 illic
1853 1599 1985 1653 cha-

2089 1507 2266 1577 νητῶν
2291 1507 2400 1561 τῶν
2433 1506 2663 1563 ἐντολῶν
2718 1508 2951 1578 Κυρίου.
2988 1507 3164 1560 Ὅπου
3198 1505 3313 1577 γὰρ
3359 1505 3525 1575 φόϐος
3552 1505 3651 1557 Ku-

2095 1599 2231 1670 ρίου,
2263 1601 2381 1653 ἐκεῖ
2408 1601 2502 1655 καὶ
2526 1600 2738 1670 ἀγάπη,
2776 1600 2871 1653 καὶ
2899 1600 3125 1669 ὁμόνοια
3142 1588 3392 1667 ἀδελφῶν
3411 1614 3427 1630 ·
3458 1598 3585 1651 ὅπου
3607 1595 3654 1648 δὲ

414 1691 549 1745 ritas
582 1698 639 1744 et
662 1690 892 1744 fratrum
919 1690 1215 1745 concordia
1247 1708 1258 1742 :
1299 1689 1393 1744 ubi
1424 1689 1613 1743 nullus
1656 1689 1988 1758 relinquitur

2098 1690 2310 1760 ἄφοϐία,
2347 1692 2465 1743 ἐκεῖ
2494 1690 2609 1762 ἔρις
2639 1690 2735 1744 καὶ
2778 1690 2938 1759 ζῆλος
2959 1707 2973 1720 ο
3003 1692 3138 1744 ὅπου
3191 1684 3460 1743 εὐλάϐεια
3506 1684 3652 1751 Θεοῦ,

416 1785 603 1840 timori
635 1784 731 1840 Dei
768 1784 944 1850 locus,
980 1785 1055 1840 ibi
1092 1785 1377 1841 contentio
1429 1800 1493 1839 ac
1539 1784 1689 1839 zelus
1725 1803 1737 1837 :
1772 1783 1869 1839 ubi
1904 1799 1991 1839 re-

412 1879 665 1933 verentia
699 1892 764 1932 ac
814 1877 993 1946 pictas
1045 1891 1174 1948 erga
1224 1878 1421 1942 Deum,
1455 1885 1513 1931 et
1560 1875 1814 1931 amabilis
1861 1890 1990 1946 erga

413 1971 725 2040 proximum
755 1968 1008 2036 affectus,
1054 1968 1167 2024 illic
1205 1969 1575 2025 intermedius
1598 1968 1796 2023 horum
1829 1967 1989 2022 habi-

415 2071 489 2116 tat
514 2063 661 2117 Deus
686 2079 700 2115 :
724 2061 821 2116 ubi
861 2069 1045 2116 autem
1092 2061 1301 2116 invidia
1361 2076 1426 2117 ac
1464 2062 1606 2115 male
1636 2061 1907 2130 morigera
1935 2068 1991 2113 et

415 2154 792 2224 inobsequens
820 2154 1110 2224 subjectio,
1138 2153 1252 2207 illic
1281 2169 1312 2208 e
1360 2154 1584 2224 regione
1618 2152 1851 2206 ambitio
1899 2165 1990 2205 re-

414 2251 544 2311 gnat
587 2242 774 2313 gloriae
797 2242 997 2297 inanis.
1030 2241 1391 2298 Commodum
1412 2242 1581 2297 fuerit
1607 2258 1670 2297 ac
1698 2241 1840 2310 frugi
1891 2256 1993 2298 nos

419 2334 699 2389 mordicus
729 2333 871 2389 tueri
910 2348 973 2387 ac
1000 2335 1239 2389 retinere
1288 2331 1702 2404 simplicitatem
1741 2343 1798 2388 et
1826 2332 1991 2385 inno-

417 2426 676 2492 centiam,
700 2434 865 2496 atque
890 2425 958 2480 ad
994 2424 1261 2481 infantilis
1315 2426 1442 2480 vita
1478 2425 1772 2481 formulam
1807 2438 1993 2480 mores

417 2519 733 2581 instituere.
760 2518 965 2589 quibus
989 2519 1329 2589 incomperta
1361 2528 1447 2574 est
1469 2534 1694 2589 prorsus
1742 2518 1993 2589 improba

417 2611 751 2682 malignitas,
796 2611 1054 2669 humana:
1087 2611 1214 2667 vitae
1255 2612 1532 2682 expultrix
1564 2629 1577 2665 :
1610 2626 1790 2682 neque
1820 2613 1995 2668 simus

419 2704 712 2760 adversum
774 2720 877 2760 nos
935 2705 1165 2761 invecta:
1219 2704 1388 2759 ullius
1436 2704 1651 2776 injuriae
1699 2719 1993 2770 memores,

420 2810 529 2848 neu
590 2810 690 2865 per
741 2795 1011 2850 malitiam
1069 2796 1216 2866 leges
1254 2796 1681 2866 pracvarieemur
1738 2812 1753 2850 :
1822 2798 1995 2867 magis

418 2894 602 2940 autem
628 2900 846 2941 omnem
873 2887 1212 2955 deponamus
1249 2886 1544 2952 malitiam,
1598 2902 1817 2942 omnem
1848 2901 1993 2942 ama-

421 2976 725 3032 ritudinem
785 2977 986 3033 divinae
1040 2978 1176 3049 legis
1229 2977 1759 3045 praevaricatricem,
1827 2979 1993 3049 inque

2094 1784 2189 1837 καὶ
2220 1786 2420 1854 στοργὴ
2441 1782 2534 1837 τοῦ
2585 1783 2834 1853 πλησίον,
2869 1784 2987 1837 ἐκεῖ
3012 1783 3039 1836 ὁ
3089 1781 3221 1845 Θεὸς
3240 1782 3388 1835 οἰκεῖ
3406 1781 3466 1833 ἐν
3520 1777 3657 1849 μέσῳ

2095 1874 2310 1929 αὐτῶν·
2361 1876 2496 1929 ὅπου
2525 1875 2585 1929 δὲ
2637 1874 2832 1944 φθόνος
2866 1874 2963 1930 καὶ
2998 1871 3364 1939 ἀνυποταξία,
3394 1874 3515 1925 ἐκεῖ
3550 1872 3576 1924 ὁ
3605 1869 3657 1934 ἐξ

2094 1968 2343 2030 ἐναντίας
2360 1967 2735 2039 ἐναϐρύνεται.
2756 1968 2935 2022 Καλόν
2955 1970 3102 2021 ἐστιν
3124 1968 3348 2039 κρατεῖν
3383 1964 3483 2037 τήν
3504 1962 3657 2018 ἀπλόο

2093 2072 2232 2131 τητα
2258 2061 2353 2113 καὶ
2378 2059 2476 2132 τὴν
2504 2060 2758 2125 ἀκακίαν,
2792 2060 2885 2113 καὶ
2914 2053 3054 2112 εἶναι
3076 2058 3153 2121 ὡς
3177 2060 3247 2111 τὰ
3282 2059 3457 2127 νήπια
3493 2055 3559 2109 τὰ
3589 2052 3655 2125 μὴ

2093 2153 2433 2223 γινώσκοντα
2457 2155 2555 2223 τὴν
2566 2155 2858 2225 πονηρίαν,
2883 2154 2984 2223 τὴν
3006 2152 3390 2207 ἀπολλύουσαν
3408 2152 3505 2223 τὴν
3522 2151 3655 2218 ζωὴν

2092 2247 2203 2301 τῶν
2258 2247 2590 2319 ἀνθρώπων·
2634 2249 2727 2301 καὶ
2774 2248 2849 2318 μὴ
2890 2245 3030 2302 εἶναι
3074 2248 3475 2317 μνησικάκους,
3529 2243 3656 2313 μήτε

2094 2339 2446 2413 παρανόμους
2488 2342 2555 2412 τῇ
2603 2341 2790 2412 κακίᾳ,
2839 2338 2952 2393 ἀλλ’
2976 2336 3274 2393 ἀποθέσθαι
3318 2336 3419 2399 τὰς
3449 2334 3654 2398 κακίας,

2094 2433 2189 2488 καὶ
2225 2433 2324 2496 τὰς
2347 2433 2632 2504 πονηρίας,
2658 2433 2875 2493 καὶτὰς
2903 2428 3129 2501 πικρίας
3161 2430 3260 2493 τὰς
3292 2427 3656 2498 παρανόμους,

2094 2525 2188 2580 καὶ
2215 2524 2469 2595 γενέσθαι
2500 2524 2559 2579 ἓν
2588 2524 2826 2594 πνεῦμα,
2859 2525 2953 2579 καὶ
2985 2522 3056 2578 τὰ
3083 2525 3338 2594 σχήματα
3367 2520 3437 2574 τὰ
3461 2513 3658 2587 πονηρὰ

2095 2616 2414 2688 ἀνατρέψαι,
2442 2619 2590 2680 ὅπως
2622 2620 2651 2672 ὁ
2700 2608 2905 2689 Κύριος
2955 2616 3059 2685 τῆς
3098 2617 3324 2686 εἰρήνης
3363 2611 3658 2680 κατοικήσῃ

2095 2711 2154 2764 ἐν
2189 2711 2379 2773 πᾶσιν,
2408 2710 2495 2763 ἵνα
2515 2712 2609 2764 καὶ
2641 2709 2703 2764 τὸ
2758 2709 2976 2778 πνεῦμα
3023 2708 3175 2775 ὑγιὲς
3202 2707 3452 2776 γένηται,
3480 2702 3657 2769 ὥσπερ

2096 2801 2228 2855 αὐτὸ
2249 2800 2441 2856 ἐλαϐεν
2474 2802 2503 2854 ὁ
2531 2801 2835 2871 ἄνθρωπος.
2877 2800 3002 2854 Ἐὰν
3042 2800 3150 2869 γάρ
3184 2817 3269 2861 τις
3301 2797 3501 2865 κναφεῖ
3521 2790 3656 2861 δώσῃ

2100 2880 2314 2959 ίμάτὶον
2344 2890 2530 2946 καινὸν
2568 2891 2662 2945 καὶ
2689 2890 2860 2959 ὑγιὲς,
2895 2889 2990 2942 καὶ
3044 2887 3204 2942 τοῦτο
3234 2887 3379 2940 θέλει
3437 2882 3655 2953 κομίσα-

2098 2983 2239 3037 σθαι
2265 2986 2292 3037 ὁ
2322 2984 2377 3037 δὲ
2399 2984 2637 3052 κναφεὺς
2660 2983 2851 3054 σχίσας
2870 2982 2931 3035 τὸ
2956 2981 3193 3053 ἱμάτιον,
3228 2978 3526 3039 ἀποδώσει,
3555 2964 3655 3043 ἆρὰ

422 3085 594 3123 unum
644 3069 1015 3124 coalescamus
1054 3069 1336 3139 spiritum.
1385 3068 1532 3122 omni
1575 3083 1803 3137 prorsus
1832 3085 1862 3123 a
1888 3086 1991 3125 uo-

2101 3074 2333 3144 λήψεται
2362 3076 2492 3128 αὐτό
2512 3091 2529 3141 ;

420 3161 506 3216 bis
580 3159 809 3230 depulsa
857 3161 1232 3224 simulatione,
1298 3168 1573 3230 quatenus
1624 3161 1681 3215 in
1735 3161 1896 3216 nobis
1968 3164 2225 3236 dignetur
2304 3169 2552 3225 habitare
2614 3168 2884 3224 Dominus
2933 3167 3103 3238 pacis,
3150 3175 3212 3219 ut
3262 3163 3492 3234 spiritus
3549 3159 3655 3229 ipse

423 3250 745 3317 revalescat,
811 3250 1056 3321 pristinae
1094 3250 1316 3305 sanitati
1368 3258 1531 3320 quam
1568 3251 1810 3322 gratuito
1859 3266 2175 3324 acceperat,
2235 3259 2293 3313 in
2331 3259 2603 3331 integrum
2657 3260 2967 3315 restitutus.
3022 3257 3082 3314 Si
3119 3256 3391 3328 quispiam
3423 3262 3654 3310 nostrum

419 3351 631 3397 vestem
685 3338 900 3394 dederit
937 3338 1156 3402 fulloni,
1216 3354 1414 3394 novam
1482 3340 1706 3410 quidem
1766 3341 1914 3396 illam
1968 3354 2137 3416 atque
2199 3349 2568 3417 incolumem;
2619 3360 2676 3406 et
2729 3350 2873 3406 hanc
2916 3364 2948 3404 a
2982 3349 3191 3405 fullone
3231 3349 3481 3419 recipere
3500 3345 3653 3407 velit,

428 3430 640 3502 1177
709 3428 842 3484 fullo
899 3436 1084 3559 autem
1138 3430 1183 3484 si
1234 3428 1572 3486 frustillatim
1635 3432 1911 3489 concisam
1967 3446 2022 3491 et
2078 3439 2370 3496 dissectam
2421 3440 2762 3510 reddiderit,
2820 3442 2969 3498 itane
3006 3440 3235 3521 (quaso)
3291 3440 3522 3512 accipiet
3545 3451 3655 3494 eam

428 3524 687 3559 .tnmimu
738 3521 904 3559 νοαιίει
2678 3526 2691 3538 ⁸

428 3524 687 3579 dominus
738 3521 941 3579 vestis?
2678 3526 2691 3538 -

505 3612 767 3684 Nunquid
800 3628 908 3668 non
945 3629 1069 3667 cum
1111 3613 1205 3668 illo
1245 3614 1566 3670 velitaribus
1598 3616 1785 3672 verbis
1815 3617 1993 3673 deliti-

2175 3619 2308 3688 Οὐχὶ
2343 3620 2668 3690 μαχήσεται,
2703 3620 2797 3674 καὶ
2832 3620 3278 3692 ὑϐρίσει,ξλέγων
3311 3621 3480 3692 αὐτῷ·
3516 3619 3653 3692 Ἰμά-
3676 3620 3703 3627 ⁷

424 3706 608 3776 gabit,
643 3705 890 3776 vitioque
943 3705 1022 3759 illi
1077 3715 1294 3771 vertet,
1333 3706 1567 3763 dicens:
1597 3709 1993 3765 Vestimentum

2101 3709 2213 3762 τιόν
2245 3726 2327 3763 σοι
2363 3710 2515 3778 ὑγιὲς
2553 3709 2749 3775 ἔδωκα,
2786 3711 2877 3764 διὰ
2912 3712 2967 3764 τί
3011 3712 3144 3767 αὐτὸ
3186 3711 3428 3782 ἐσχισας,
3460 3712 3550 3765 καὶ
3574 3726 3654 3763 πε-

425 3799 555 3855 dedi
599 3798 657 3854 in
698 3815 893 3854 manus
924 3808 1044 3854 tuas
1086 3815 1281 3853 sanum
1329 3809 1387 3855 et
1426 3800 1725 3867 incolume,
1760 3803 1891 3871 quid
1923 3804 1993 3858 ita

2103 3802 2335 3872 ποίηκας
2367 3802 2679 3873 ἄχρηστον;
2707 3805 2769 3857 Ei
2807 3799 2901 3858 οὖν
2934 3804 3108 3868 οὕτως
3153 3805 3285 3875 περὶ
3333 3804 3542 3873 ἱματίου
3574 3804 3652 3880 λυ-

425 3892 606 3946 lacere
636 3890 956 3953 concidisti,
998 3898 1059 3945 ut
1099 3891 1234 3944 nulli
1265 3892 1377 3961 jam
1415 3893 1542 3947 usui
1582 3894 1999 3948 accommodum

426 3983 730 4040 redderes?
773 3983 930 4050 Quod
979 3984 1022 4038 si
1068 3999 1211 4038 unus
1246 3984 1449 4054 aliquis
1480 4000 1581 4054 pro
1625 3986 2002 4056 qualicunque

423 4075 780 4138 vestimento,
828 4074 894 4128 ad
939 4090 1064 4128 eum
1115 4075 1338 4129 modum
1398 4091 1638 4132 maerore
1677 4075 1994 4143 coniicitur,

427 4183 717 4239 pugnaque
759 4167 974 4221 velitari
1019 4166 1330 4227 contendit.
1382 4167 1514 4235 quia
1552 4183 1664 4222 non
1721 4167 1998 4239 integrum

427 4261 626 4331 recipit
658 4279 670 4313 :
703 4268 970 4330 quantum
1025 4275 1127 4314 nos
1170 4260 1422 4315 adituros
1464 4259 1722 4329 supplicii
1774 4276 1874 4331 par
1909 4258 1997 4315 est

427 4351 678 4417 credere,
713 4350 896 4406 ultore
928 4350 1186 4415 Domino,
1219 4349 1315 4419 qui
1363 4364 1489 4404 cum
1529 4351 1788 4419 spiritum
1840 4364 2000 4404 acce-

426 4444 672 4513 perimus
688 4442 835 4499 nulla
864 4451 1093 4512 contage
1108 4442 1421 4497 decolorem
1451 4441 1546 4497 sed
1581 4456 1797 4505 sanum,
1822 4441 2001 4511 ipsum

430 4551 669 4590 maerere
717 4535 972 4597 fecimus,
1021 4535 1284 4604 quodque
1331 4534 1501 4588 vitam
1560 4533 1703 4589 hanc
1756 4542 2003 4587 nostram

431 4632 615 4686 minus
663 4632 1081 4702 composuimus
1131 4633 1408 4703 religiose,
1449 4632 1798 4687 reddidimus
1834 4630 2004 4685 inuti-

2104 3894 2284 3947 πεῖταί
2309 3912 2391 3958 τις
2426 3896 2519 3947 καὶ
2560 3894 2815 3965 μάχεται,
2840 3896 2923 3949 ὅτι
2957 3896 3060 3949 οὐκ
3102 3897 3405 3965 ἀπείληφεν
3434 3897 3576 3964 ὑγιὲς
3605 3895 3655 3947 τὸ

2106 3987 2341 4056 ἱμάτιον,
2375 3985 2431 4038 τί
2459 3986 2723 4058 δοκοῦμεν
2753 3989 2917 4058 ἡμεῖς
2949 3987 3142 4043 παθεῖν
3183 3988 3287 4043 ὑπὸ
3314 3989 3410 4043 τοῦ
3441 3988 3654 4060 Κυρίου,

2104 4081 2164 4133 τὸ
2199 4077 2417 4156 πνεῦμα
2446 4079 2703 4142 λαϐόντες
2748 4076 2919 4148 ὑγιὲς,
2980 4082 3078 4134 καὶ
3118 4080 3276 4135 τοῦτο
3309 4079 3653 4150 λυπήσαντες,

2102 4172 2197 4224 καὶ
2245 4169 2669 4241 ἀχρειώσαντες,
2708 4171 2782 4241 μὴ
2837 4174 2895 4224 ἐν
2944 4171 3235 4241 σεμνότητι
3282 4170 3652 4240 πολιτευσάμε-

2101 4279 2211 4326 νοις
2245 4263 2340 4316 καὶ
2369 4264 2445 4325 είς
2466 4262 2723 4332 οὐδεμίαν
2754 4263 2950 4334 χρῆσιν
2980 4262 3205 4317 δύναται
3231 4259 3374 4316 εἶναι
3393 4262 3469 4333 τῷ
3487 4259 3653 4331 Κυρίῳ

2107 4354 2337 4420 ἐαυτοῦ;
2378 4355 2444 4409 Ἡ
2491 4355 2600 4426 γὰρ
2651 4356 2847 4426 χρῆσις
2894 4354 2987 4409 τοῦ
3035 4355 3348 4426 πνεύματος
3395 4356 3485 4425 ὑφ’
3516 4352 3653 4424 ήμῶν

2111 4446 2450 4518 κατεφθάρη.
2485 4446 2577 4517 Τῷ
2611 4445 2722 4517 γὰρ
2763 4447 2821 4499 ἐν
2863 4445 3022 4516 ἔριδι,
3052 4447 3148 4500 καὶ
3189 4446 3358 4518 ζήλῳ,
3398 4446 3490 4502 καὶ
3523 4444 3653 4512 πάσῃ

2040 4572 2084 4629 υ
2112 4539 2314 4611 ἀνομίᾳ
2358 4538 2589 4608 διάγειν,
2648 4540 2882 4610 φανερὸν
2927 4541 3009 4593 ὅτι
3062 4539 3234 4610 ὀργὴν
3295 4540 3392 4596 καὶ
3450 4540 3653 4629 θάνατον

2112 4631 2263 4701 παρά
2291 4631 2497 4702 Κυρίου
2527 4633 2740 4694 ἐαυτοϊς
2763 4631 3118 4702 ἐπιφέρομεν.
3155 4650 3174 4682 σ
3196 4632 3560 4703 Αἱρετὼτερον
3577 4624 3656 4682 οὖν

432 4727 538 4778 lem
561 4724 700 4779 adeo
724 4733 781 4778 ut
801 4726 936 4780 nulli
965 4726 1077 4797 jam
1115 4724 1238 4781 usui
1257 4742 1379 4781 esse
1420 4726 1593 4795 possit
1614 4718 1839 4780 domino
1870 4724 1993 4779 suo?

2105 4723 2220 4775 ἐστι
2272 4721 2413 4792 μετά
2455 4720 2655 4790 ὀλίγων
2696 4720 2882 4775 καλῶν
2928 4721 3155 4788 διάγειν,
3188 4723 3221 4793 ἢ
3260 4723 3403 4793 μετά
3446 4721 3656 4791 πλήθους

433 4815 576 4871 Usus
627 4815 775 4870 enim
828 4816 944 4886 ipse
1004 4818 1234 4887 spiritus
1288 4819 1484 4879 nostri,
1531 4826 1722 4871 nostra
1759 4831 1993 4885 tpsorun:

2106 4814 2419 4883 ἀχρήστων,
2459 4814 2508 4866 ei
2566 4814 2641 4884 μή
2696 4813 2814 4867 ἐστι
2853 4811 3018 4880 φόϐος
3057 4813 3267 4883 Κυρίου
3322 4816 3445 4884 μετ’
3478 4811 3654 4866 αὐτῶν.

434 4909 594 4979 culpa
640 4909 897 4978 deperiit.
954 4911 1089 4964 Dum
1124 4913 1271 4966 enim
1304 4913 1384 4967 sic
1425 4926 1523 4980 per
1571 4908 1982 4963 contentionem

2110 4905 2396 4973 Κρείσσων
2437 4904 2545 4973 γὰρ
2574 4900 2655 4967 εἷς
2688 4904 2919 4970 δίκαιος,
2955 4903 2988 4973 ἢ
3016 4903 3178 4974 χίλιοι
3207 4903 3542 4976 ἁμαρτωλοί.
3583 4899 3657 4953 Ἐν

436 5003 638 5066 zelum,
686 5010 743 5056 et
779 5001 1128 5057 omnifariam
1172 5002 1520 5072 iniquitatem
1563 5000 1731 5054 vitam
1770 4999 1983 5054 traduci

2112 4998 2408 5067 Συναγωγῇ
2442 4997 2549 5064 γὰρ
2580 4996 2921 5066 ἁμαρτωλῶν
2945 4996 3352 5068 ἐκκαυθήσεται
3380 4995 3509 5067 πῦρ.
3542 4991 3657 5050 Καὶ.

436 5109 581 5154 mus.
605 5094 798 5164 utique
820 5094 956 5148 nulli
983 5094 1280 5149 obscurum
1309 5101 1416 5156 est,
1447 5091 1581 5160 quin
1607 5090 1710 5160 ipsi
1735 5090 1993 5145 nobisme‘

2117 5089 2165 5139 εἰ
2255 5086 2752 5158 σκληροτράχηλος,
2786 5087 3102 5158 θαυμαστὸν
3132 5087 3310 5151 τοῦτο,
3343 5090 3392 5141 εί
3420 5083 3658 5149 ἀθωωθή·

435 5182 582 5254 apud
614 5184 909 5239 Dominum
932 5185 1295 5239 conciliemus
1327 5182 1488 5241 iram,
1512 5182 1753 5252 denique
1785 5192 1839 5236 et
1867 5199 1993 5236 mor.

2118 5195 2302 5231 σεταιο
2334 5177 2481 5241 ἕλεος
2505 5178 2613 5247 γὰρ
2647 5177 2743 5231 καὶ
2771 5177 2909 5249 ὀργὴ
2948 5178 3101 5250 παρά
3131 5178 3359 5251 Κυρίου.
3390 5196 3408 5230 ι
3446 5177 3550 5232 Καὶ
3578 5173 3659 5228 ἀλ-

439 5287 569 5332 tem.
605 5276 775 5333 Multo
804 5277 975 5348 igitur
999 5277 1071 5331 sit
1106 5273 1474 5346 praestabilius
1500 5273 1698 5344 degere
1724 5289 1847 5326 cum
1876 5290 1979 5342 pau

2115 5268 2223 5331 λος·
2261 5289 2277 5320 ι
2310 5269 2400 5336 Μὴ
2429 5269 2684 5339 ἐπιούμει
2715 5267 2915 5339 πλῆθος
2954 5269 3246 5339 ἀχρήστων
3267 5285 3281 5299 ⁸
3320 5269 3414 5323 ἐὰν
3446 5265 3659 5337 πληθυνο

438 5370 522 5425 cis
550 5371 645 5440 qui
695 5371 826 5427 boni
869 5371 1001 5434 sint,
1041 5384 1205 5439 quam
1249 5380 1372 5421 cum
1408 5367 1601 5421 crebra
1657 5365 1993 5420 multitudim

2117 5359 2302 5422 Οώσιν,
2356 5361 2428 5429 μὴ
2468 5360 2760 5429 εὖφραίνου
2799 5360 2885 5411 ἐπ’
2934 5361 3136 5423 αὐτοῖς,
3172 5362 3217 5412 εἰ
3253 5362 3326 5430 μή
3375 5360 3488 5412 ἐστι
3516 5354 3659 5425 φόϐος

441 5463 743 5532 inutilium,
776 5473 835 5518 ut
862 5472 918 5518 et
949 5461 1148 5517 divina:
1178 5458 1525 5514 tradiderunt
1574 5456 1892 5528 Scriptum.
1923 5456 1985 5510 Ai

2117 5454 2320 5522 Κυρίου)
2354 5452 2470 5522 μετ’
2509 5451 2707 5504 αὐτῶν.
2736 5452 2828 5518 Μὴ
2860 5451 3230 5524 ὲμπιστεύσῃς
3248 5454 3313 5523 τῇ
3346 5451 3455 5520 ζωῇ
3478 5446 3654 5503 αὐτῶν

440 5557 589 5611 enim
622 5554 1009 5611 Partemiastcs
1041 5571 1054 5608 :
1088 5574 1105 5607 ι
1126 5551 1204 5609 Ne
1242 5550 1529 5607 desideres
1560 5564 1681 5604 esse
1715 5563 1839 5602 cum
1874 5547 1985 5600 mul

2118 5546 2394 5611 στενάζεις
2428 5545 2535 5613 γὰρ
2567 5543 2979 5616 πένθει.ἁώρῳ.’
3017 5545 3302 5616 Κρεέσσων
3348 5542 3453 5613 γὰρ
3489 5532 3563 5602 εἷς
3591 5534 3652 5594 δίο

525 5734 586 5788 ‘l
616 5736 752 5806 Reg.
789 5751 901 5807 tm,
930 5741 983 5795 7.
1071 5740 1187 5781 ἐ’-⁸³
1214 5734 1401 5792 Matth.
1433 5751 1524 5802 xu,
1560 5734 1758 5805 4349;
1808 5732 1978 5790 Mars.

2123 5728 2326 5795 52-51;
2383 5726 2515 5781 Luc.
2543 5738 2660 5793 vni,
2703 5722 2889 5778 20-91.
