3918 6106
407 318 505 384 ’721

1509 308 1838 371 HOMILIA
1874 308 2137 373 XCV.-—
2177 309 2274 373 DE
2315 301 2530 369 RISU.

3487 301 3624 364 1722

369 442 526 490 καιος
570 424 738 478 ποιῶν
770 424 827 480 τὸ
857 424 1066 494 θέλημα
1106 423 1204 479 τοῦ
1233 425 1393 492 Θεοῦ,
1423 427 1456 497 ἣ
1492 427 1674 501 μύριοι
1700 428 1938 499 παράνο-

2048 428 2286 484 titudine
2330 424 2634 488 inutilium.
2682 425 2788 481 nisi
2840 424 2982 479 adsit
3030 421 3196 477 timor
3233 419 3449 475 Domini
3493 433 3618 471 cum

374 532 490 585 μοι.
540 517 711 578 sliat,
751 517 1005 569 «Δίκαιον
1055 515 1350 570 ἀποθανεῖν
1403 516 1647 584 ἄτεκνον,
1705 518 1738 587 ἢ
1796 519 1941 587 ἔχειν

364 606 539 658 τέκνα
567 605 762 676 ἀσεϐῆ.
803 607 935 659 Ἀπὸ
963 605 1071 676 γὰρ
1101 607 1223 668 ἑνὸς
1270 607 1493 660 συνετοῦ
1531 609 1944 678 συνοικισθήσε-

365 713 461 749 ται
512 698 686 759 πόλις.
715 715 732 747 ι
784 697 842 751 '0
867 697 923 751 δὲ
958 698 1305 761 Ἀπόστολός,
1329 716 1495 769 φησιν
1520 715 1537 771 '_
1577 719 1594 750 ι
1618 701 1800 767 Ἔγνω
1833 698 1944 752 Κύ-

367 798 511 856 ριος“
543 787 668 849 τοὺς
724 787 881 851 ὄντας
942 788 1127 843 αὐτοῦ.
1163 809 1181 842 ι
1247 791 1378 854 Καὶ,
1415 809 1444 856 ι,
1472 792 1790 862 ’Δποστήτω
1833 793 1943 845 ἀπὸ

363 876 592 939 ἀδικίας
640 881 748 943 πᾶς
797 880 826 933 ὁ
867 880 1150 950 ὀνομάζων
1201 880 1262 933 τὸ
1305 880 1476 951 ὄνομα
1522 882 1616 935 τοῦ
1653 883 1884 953 Κυρίου.
1919 903 1936 936 ι

363 967 487 1023 Καὶ
521 970 770 1041 ἐπιφέρει
801 986 817 1001 °
845 989 864 1022 ι
909 971 996 1024 Ἐν
1031 972 1239 1043 μεγάλῃ
1272 973 1329 1026 δὲ
1357 973 1502 1044 οίκίᾳ
1524 975 1624 1027 οὐκ
1653 973 1800 1027 ἔστιν
1845 975 1946 1045 μό-

360 1076 462 1113 νον
488 1059 673 1129 .σκεύη
703 1064 883 1132 χρυσᾶ
919 1063 1012 1115 καὶ
1055 1064 1297 1139 ἀργυρᾶ,
1328 1063 1461 1117 ἀλλά
1509 1065 1604 1117 καὶ
1634 1064 1821 1130 ξύλινα
1851 1067 1945 1120 καὶ

360 1149 695 1222 ὀστράκινα,
723 1152 816 1205 καὶ
853 1152 889 1207 ἀ
923 1154 1021 1223 μὲν
1052 1154 1132 1215 είς
1159 1155 1350 1224 τιμὴν,
1385 1153 1427 1223 ἀ
1450 1153 1505 1207 δὲ
1534 1156 1613 1218 είς
1648 1156 1893 1226 ἀτιμίαν.
1920 1176 1938 1207 ι

362 1238 534 1293 Ὅσοι
563 1237 656 1295 οὖν
693 1243 860 1313 ἐσμεν
890 1242 1075 1307 ξύλινα
1112 1243 1207 1297 καὶ
1225 1242 1523 1312 ὀστράκινα
1549 1244 1741 1315 σκεύη,
1772 1245 1946 1298 ἐκκα-

363 1331 633 1403 θάρωμεν
678 1322 928 1402 ἑαυτοὺς,
965 1335 1056 1390 ἵνα
1101 1334 1392 1406 γενώμεθα
1431 1336 1601 1406 σκεύη
1629 1337 1845 1408 χρηστὰ
1867 1337 1948 1409 τῷ

362 1424 642 1495 Δεσπότῃ,
675 1427 814 1492 πρὸς
847 1428 957 1482 πᾶν
983 1426 1144 1499 ἔργον
1171 1426 1372 1495 ἀγαθὸν
1402 1429 1779 1499 ἡτοιμασμένοι
1806 1444 1821 1460 ο
1852 1428 1948 1481 καὶ

366 1515 449 1585 μὴ
480 1516 808 1588 ἀκούσωμεν
838 1519 987 1590 παρά
1009 1519 1106 1573 τοῦ
1131 1519 1399 1572 Δεσπότου
1425 1536 1440 1551 ·
1469 1540 1488 1571 ι
1516 1519 1822 1591 Πορεύεσθε
1849 1520 1946 1573 ἀπ’

362 1609 533 1678 ἐμοῦ,
569 1612 620 1663 οἱ
650 1613 1047 1683 κατηραμένοι,
1076 1614 1158 1676 εἰς
1196 1612 1257 1666 τὸ
1290 1611 1402 1682 πῦρ
1422 1613 1485 1665 τὺ
1512 1612 1760 1667 αἰώνιον
1800 1613 1947 1682 ἀμὴν

362 1699 519 1767 λέγω
550 1702 702 1771 ύμῖν,
735 1703 836 1755 οὐκ
857 1698 976 1756 οἴδα
1003 1704 1167 1774 ὑμᾶς.
1195 1722 1213 1755 ι
1236 1732 1305 1743 -
1330 1721 1348 1754 ι
1389 1702 1581 1774 Ὀμοία
1616 1704 1746 1773 γὰρ,
1781 1705 1945 1773 φηστν

362 1790 395 1841 6
447 1791 676 1861 Κύριος,
705 1792 854 1846 ἐστὶν
907 1794 940 1864 ὴ
991 1792 1235 1863 βασιλεία
1285 1793 1396 1846 τῶν
1442 1793 1687 1864 οὐρανῶν
1735 1796 1942 1865 σαγήνῃ

362 1881 634 1955 βληθείσῃ
681 1885 763 1951 είς
813 1884 914 1955 τὴν
961 1883 1253 1953 θάλασσαν,
1284 1886 1379 1938 καὶ
1422 1885 1487 1938 ὲκ
1525 1885 1723 1945 παντὸ;
1755 1887 1943 1953 γένους

363 1975 786 2048 συναγαγούσῃ·
815 1978 889 2047 ἢν
924 1977 1014 2030 ὅτε
1040 1976 1356 2048 ἐπληρώθη,
1389 1977 1819 2041 ἀναϐιϐάσαντες
1852 1979 1947 2031 ἐπὶ
1974 2010 1979 2015 -

359 2065 459 2121 τὸν
501 2068 768 2136 α-ίγιαλόν,
805 2069 1092 2136 συνέλεξαν
1139 2070 1222 2133 είς
1273 2070 1492 2138 ἀγγεῖα,
1539 2068 1607 2123 τὰ
1655 2069 1711 2123 δὲ
1756 2070 1945 2142 σαπρά

360 2156 475 2223 ἔξω
513 2157 724 2212 ἔϐαλον.
756 2177 776 2211 ι
821 2161 931 2215 Καὶ
950 2160 1203 2231 ἐπιφέρει
1231 2175 1245 2189 ⁸
1284 2179 1302 2213 ι
1326 2159 1527 2224 Οὕτως
1568 2160 1722 2216 ἔσται
1766 2163 1825 2215 ὲν
1875 2163 1942 2233 τῇ

363 2250 680 2321 συντελείᾳ,
711 2251 1087 2316 ἐξελεύσονται
1116 2253 1166 2306 οι
1209 2251 1456 2320 ἄγγελοι,
1498 2252 1591 2305 καὶ
1622 2249 1944 2322 ἀφοριοῦσιν

358 2342 501 2406 τοὺς
536 2343 809 2421 πονηροὺς
847 2345 911 2397 ἐκ
944 2344 1108 2413 μέσου
1139 2343 1250 2396 τῶν
1283 2343 1530 2405 δικαίων,
1558 2343 1656 2398 καὶ
1691 2341 1946 2413 βαλοῦσιν

362 2434 574 2497 αὐτοὺς
607 2436 687 2498 είς
719 2435 818 2506 τὴν
850 2434 1083 2505 κάμινον
1120 2434 1216 2488 τοῦ
1263 2437 1437 2507 πυρὸς
1474 2435 1575 2506 τὴν
1624 2435 1941 2506 καιομένην.

376 2524 534 2578 Ἐκεῖ
572 2523 727 2577 ἐσται
766 2525 795 2577 6
840 2524 1139 2594 κλαυθμὸς,
1182 2526 1277 2599 καὶ
1310 2528 1339 2580 ὀ
1379 2526 1623 2598 βρυγμὸς
1654 2526 1765 2580 τῶν
1791 2526 1939 2580 ὀδόν-

362 2627 501 2665 των.
532 2610 724 2664 Ῑιολλοὶ
752 2612 861 2683 γάρ
899 2614 1036 2665 εἰσιν
1082 2613 1295 2684 κλητοὶ,
1321 2614 1494 2683 ὀλίγοι
1530 2615 1588 2668 δὲ
1615 2615 1885 2670 ἐκλεκτοί.
1918 2635 1938 2669 ι

365 2733 439 2743 --
468 2719 490 2753 ι
523 2702 761 2756 Πλατετα
802 2703 912 2775 γὰρ
946 2702 1168 2775 ήπύλη,
1193 2705 1288 2758 καὶ
1327 2705 1639 2777 εὐρύχωρος
1677 2708 1710 2777 ἠ
1751 2707 1869 2770 ὁδὸς
1909 2709 1944 2778 ή

365 2795 663 2863 ἀπάγουσα
685 2796 764 2858 είς
791 2796 891 2866 τὴν
921 2794 1218 2858 ἀπώλειαν,
1244 2798 1338 2850 καὶ
1367 2798 1551 2851 πολλοί
1579 2800 1719 2851 είσιν
1748 2802 1796 2852 οἱ
1834 2801 1947 2852 εἰσ-

366 2886 661 2959 ερχόμενοι
724 2887 791 2940 δι’
863 2886 1095 2958 αὐτῆς.»
1128 2889 1266 2960 Περὶ
1309 2889 1366 2942 δὲ
1408 2891 1516 2943 τῶν
1546 2890 1742 2959 ὀλίγων
1783 2892 1940 2944 εὐλα-

368 2977 483 3031 ϐὦν
525 2977 628 3031 καὶ
676 2978 856 3033 καλῶν
900 2978 1064 3048 φησιν
1089 2995 1105 3012 ο
1158 2980 1314 3032 «Ὅτι
1357 2980 1591 3051 στενὴή
1631 2981 1772 3051 πύλη
1794 3022 1809 3047 ,
1848 2982 1945 3036 καὶ⁹

2041 520 2127 575 eis
2159 537 2175 572 :
2206 519 2409 574 melior
2462 517 2611 572 enim
2653 525 2737 571 est
2786 531 2932 570 unus
2972 516 3193 585 justus,
3245 525 3412 580 quam
3471 508 3619 561 mille

2041 619 2397 682 peccatores;
2455 609 2508 664 in
2558 608 2840 680 Synagoga
2866 606 3013 661 enim
3057 612 3618 673 peccatorum.exar-

2044 701 2235 756 descet
2269 701 2449 771 ignis:
2478 708 2534 754 et
2564 699 2607 754 si
2642 698 2815 753 fuerit
2862 711 3008 751 unus
3037 694 3187 748 durae
3230 690 3487 754 cervicis,
3516 686 3621 741 mi-

2043 793 2218 847 rabile
2265 793 2371 846 hoc
2421 790 2467 847 si
2514 791 2785 844 innocens
2836 787 2944 842 erit
2985 803 2998 838 :
3035 781 3413 838 misericordia
3468 779 3616 836 enim

2043 893 2101 940 et
2153 864 2311 938 iraa
2340 884 2574 938 Domino
2597 883 2660 935 ⁸³.
2692 899 2709 931 ι
2760 879 2918 933 Alius
2962 878 3092 932 item
3127 895 3141 929 :
3178 894 3195 925 ι
3220 874 3299 951 Ne
3353 872 3619 940 concupi-

2044 989 2166 1029 scas
2208 973 2622 1027 multitudinem
2661 970 2964 1030 inutilium,
3010 966 3054 1021 si
3106 963 3456 1033 multiplicati
3500 960 3621 1015 l‘ue-

2045 1065 2190 1119 rint:
2217 1080 2286 1119 ne
2325 1063 2527 1118 laeteris
2564 1077 2731 1131 super
2762 1061 2866 1124 eis,
2910 1061 3018 1115 nisi
3048 1060 3122 1115 sit
3164 1060 3330 1112 timor
3369 1058 3462 1111 Dei
3494 1070 3618 1109 cum

2046 1139 2180 1227 ipsis
2210 1173 2224 1210 :
2262 1173 2332 1212 ne
2358 1164 2412 1211 te
2432 1154 2627 1211 credas
2649 1154 2773 1208 vita:
2806 1153 3029 1206 illorum
3055 1166 3073 1216 ;
3100 1149 3434 1219 ingemisces
3469 1147 3627 1200 enirn

2045 1249 2198 1304 luctu
2226 1246 2639 1319 intempestivo.
2675 1245 2869 1299 Melior
2911 1241 3058 1297 enim
3108 1256 3254 1295 unus
3282 1238 3490 1293 faciens
3520 1254 3619 1288 vo-

2044 1340 2311 1395 luntatem
2340 1337 2583 1403 Domini,
2605 1337 2811 1408 justus,
2842 1347 3009 1403 quam
3039 1332 3231 1391 decem
3280 1328 3450 1382 millia
3486 1343 3623 1395 prte-

2043 1428 2412 1484 varicantium
2455 1427 2632 1498 legem
2657 1428 2721 1481 “'.
2746 1445 2765 1478 ι
2817 1425 2887 1480 Ει
2922 1441 2935 1477 :
2973 1443 2992 1475 ι
3019 1422 3234 1478 Justius
3292 1428 3378 1475 est
3443 1417 3619 1472 emori

2047 1519 2167 1574 sine
2217 1518 2431 1579 liberis.
2484 1534 2648 1589 quam
2697 1517 2903 1571 habere
2954 1515 3096 1568 filios
3139 1513 3371 1581 impios:
3403 1511 3472 1564 ab
3511 1525 3622 1562 uno

2046 1610 2194 1665 enim
2265 1617 2488 1664 sensato
2544 1606 2947 1662 inhabilabitur
3010 1604 3270 1659 civitas.)
3326 1599 3623 1669 Apostolus

2049 1702 2281 1770 proinde
2317 1718 2330 1754 :
2372 1722 2389 1751 ι
2421 1701 2582 1755 Novit
2613 1701 2881 1754 Dominus
2916 1699 3010 1767 qui
3056 1705 3185 1751 sunt
3219 1693 3420 1764 ejus".
3451 1712 3468 1741 ι
3507 1692 3574 1745 Et
3603 1707 3618 1742 :

2053 1812 2070 1841 ι
2096 1793 2349 1846 Discedat
2390 1794 2458 1846 ab
2495 1792 2786 1861 iniquitate
2823 1789 3005 1844 omnis
3034 1787 3128 1857 qui
3165 1787 3382 1839 invocat
3418 1796 3621 1835 nomen

2044 1883 2321 1938 Domini.»
2378 1884 2586 1939 Infert:
2627 1902 2643 1932 ι
2674 1883 2733 1937 1η
2776 1896 2968 1951 magna
3024 1885 3210 1932 autem
3272 1875 3439 1929 domo
3506 1886 3622 1925 non

2044 1973 2224 2028 solum
2271 1982 2402 2029 sunt
2439 1988 2567 2027 vasa
2606 1987 2773 2027 aurea
2810 1979 2867 2025 et
2907 1976 3193 2039 argentea,
3230 1964 3325 2020 sed
3354 1964 3535 2034 lignea
3564 1968 3622 2015 et

2046 2077 2323 2125 testacea:
2355 2066 2606 2138 quaedam
2643 2066 2868 2136 quidem
2925 2063 2980 2117 in
3027 2062 3320 2122 honorem,
3367 2054 3622 2126 quadam

2042 2177 2180 2235 vero
2220 2161 2276 2214 in
2311 2159 2706 2215 contumeliam
2727 2161 2793 2212 ιθ.
2826 2176 2845 2207 ι
2882 2156 3168 2225 Quotquot
3223 2151 3393 2222 igitur
3428 2160 3623 2202 sumus

2044 2252 2225 2323 lignea
2275 2265 2403 2306 vasa
2441 2260 2498 2305 et
2549 2257 2810 2312 testacea,
2842 2259 3215 2316 expurgemus
3250 2238 3625 2309 nosmetipsos

2045 2355 2107 2399 ut
2145 2344 2454 2400 elliciamur
2508 2357 2635 2398 vasa
2669 2340 2737 2395 ad
2774 2355 2934 2395 usum
2980 2330 3202 2392 Domini
3241 2329 3621 2391 accommoda,

2043 2437 2112 2493 ad
2153 2452 2317 2491 omne
2369 2435 2572 2491 bonum
2621 2442 2906 2503 apparata,
2939 2439 3000 2485 ut
3046 2444 3114 2484 ne
3151 2427 3371 2483 tandem
3405 2423 3475 2478 ab
3504 2423 3627 2491 ipso

2044 2531 2328 2600 contingat
2360 2544 2463 2583 nos
2487 2527 2681 2583 audire
2707 2543 2721 2579 :
2763 2545 2781 2576 ι
2804 2523 3083 2579 Discedite
3122 2538 3153 2577 a
3177 2534 3285 2580 me,
3318 2514 3623 2576 maledicti,

2042 2636 2203 2677 amen
2230 2620 2357 2675 dico
2384 2619 2565 2683 vobis,
2598 2631 2712 2672 non
2740 2614 2870 2670 novi
2897 2629 2996 2668 vos
3011 2611 3156 2667 unde
3178 2611 3301 2666 sitis
3324 2608 3390 2660 ".
3418 2626 3436 2657 ι
3473 2603 3624 2659 Idem

2043 2711 2313 2768 Dominus
2348 2728 2361 2764 :
2400 2729 2418 2762 ι
2447 2709 2638 2765 Simile
2683 2716 2768 2763 est
2824 2719 3052 2776 regnum
3105 2702 3373 2758 calorum
3410 2710 3627 2767 sagenze

2044 2805 2226 2859 missae
2258 2804 2314 2858 in
2349 2818 2521 2867 mare,
2555 2810 2614 2856 et
2640 2816 2706 2856 ex
2728 2798 2877 2854 omni
2900 2811 3101 2869 genere
3128 2794 3361 2865 piscium
3400 2803 3627 2856 congre-

2044 2896 2193 2967 gauli
2230 2910 2391 2965 :qua:
2444 2908 2569 2948 cum
2624 2893 2851 2962 impleta
2914 2898 3084 2952 esset,
3135 2885 3509 2941 ascenderunt
3555 2878 3625 2933 ad

2044 2983 2224 3044 littus,
2252 2990 2310 3038 et
2335 2982 2622 3051 elegerunt
2651 2980 2827 3035 bonos
2853 2978 2909 3032 in
2932 2992 3061 3032 vasa
3090 2991 3211 3039 sua,
3239 2971 3465 3044 putidus
3493 2981 3626 3024 vero

366 3065 707 3137 τεθλιμμένη
747 3068 780 3136 ἡ
828 3066 946 3129 ὁδὸς
982 3068 1018 3138 ἡ
1048 3068 1336 3136 ἀπάγουσα
1372 3070 1452 3132 εἰς
1495 3070 1597 3138 τὴν
1642 3069 1808 3140 ζωὴν,
1848 3073 1943 3125 καὶ

2048 3074 2194 3130 l’oras
2245 3070 2598 3129 miserunt".
2623 3091 2641 3123 ι
2689 3070 2864 3126 lnfert
2896 3087 2909 3123 :
2937 3088 2955 3120 ι
2986 3067 3079 3123 Sic
3115 3067 3225 3121 erit
3268 3064 3325 3118 in
3366 3074 3629 3117 consum-

367 3155 543 3222 ὀλίγοι
577 3154 716 3209 είσὶν
759 3156 808 3209 oi
846 3156 1224 3228 εἰσερχόμενοι
1264 3157 1330 3210 δι’
1353 3158 1543 3229 αὐτῆς.
1575 3177 1594 3210 ι
1628 3160 1738 3213 Καὶ
1758 3161 1941 3227 πάλιν,

2048 3165 2293 3221 matione
2324 3182 2337 3219 :
2366 3164 2600 3220 exibunt
2632 3162 2808 3233 angeli
2863 3155 3290 3229 et'separabunt
3338 3155 3512 3210 malos
3554 3151 3625 3205 de

377 3265 395 3296 ι
428 3245 523 3315 Μὴ
568 3245 739 3315 φοϐοῦ
794 3246 856 3299 τὸ
891 3248 1086 3318 μικρὸν
1142 3247 1415 3319 ποίμνιον,
1461 3249 1544 3303 ὅτι
1582 3249 1874 3322 εὐδόκησεν
1915 3254 1946 3305 ὀ

2048 3255 2232 3311 medio
2257 3256 2535 3328 iustorum
2567 3271 2581 3307 :
2613 3260 2667 3308 et
2706 3252 2927 3307 mittent
2953 3266 3050 3305 eos
3080 3249 3136 3303 in
3168 3246 3444 3303 caminum
3484 3241 3627 3312 ignis

368 3335 565 3407 Πατὴρ
593 3335 748 3408 ὑμῶν
803 3337 988 3392 δοῦναι
1030 3339 1158 3409 ὑμῖν
1204 3339 1305 3410 τὴν
1353 3338 1650 3409 βασιλείαν.
1675 3358 1695 3393 ι
1727 3341 1944 3416 Αύτῷή

2048 3346 2371 3413 ardentem;
2405 3345 2481 3401 ibi
2524 3343 2635 3400 erit
2688 3341 2855 3397 ﬂetus
2911 3351 2968 3396 et
3030 3340 3241 3396 stridor
3283 3333 3620 3392 dentium".

365 3431 501 3497 δόξα
530 3430 611 3493 εἰς
635 3430 764 3494 τοὺς
791 3431 1013 3495 αἰῶνας.
1056 3431 1249 3500 Ἀμήν.

2048 3438 2205 3494 Multi
2249 3438 2400 3493 enim
2442 3444 2573 3492 sunt
2612 3435 2815 3499 vocati,
2853 3433 3013 3504 pauci
3042 3446 3175 3486 vero
3219 3427 3381 3484 electi
3411 3427 3475 3480 '°.
3503 3444 3522 3477 ι
3559 3452 3628 3463 --

374 3520 596 3590 1178
637 3538 656 3572 ι
678 3519 810 3574 Lata
842 3519 993 3573 enim
1032 3526 1118 3574 est
1149 3530 1306 3589 porta
1334 3527 1389 3574 et
1418 3518 1658 3589 spatiosa
1690 3521 1776 3577 via
1819 3538 1943 3593 quae
1979 3524 2137 3582 ducit
2194 3526 2263 3582 ad
2312 3526 2704 3598 perditionem,
2731 3536 2788 3579 et
2821 3523 2979 3579 multi
3010 3533 3139 3578 sunt
3168 3519 3262 3590 qui
3295 3519 3629 3590 gradiuntur

368 3626 473 3682 per
502 3610 701 3666 eam“.
722 3629 741 3662 ι
777 3610 855 3663 De
884 3610 1073 3680 paucis
1101 3609 1334 3679 proinde
1391 3611 1500 3680 piis
1562 3627 1628 3668 ac
1658 3612 1841 3682 bonis,
1885 3615 2001 3672 ait:
2050 3617 2228 3684 «Quia
2253 3625 2484 3689 angusta
2523 3625 2610 3673 est
2632 3626 2791 3687 porta
2807 3618 2878 3680 ι’,
2904 3636 2923 3668 ι
2959 3625 3017 3671 et
3046 3613 3464 3670 tribulationum
3511 3613 3627 3685 spi-

370 3706 464 3759 nis
490 3713 646 3773 septa
669 3700 1027 3783 undique‘via
1049 3716 1171 3772 quae
1203 3701 1358 3758 ducit
1409 3702 1478 3757 ad
1509 3703 1700 3772 vitam,
1727 3714 1785 3761 et
1805 3710 1969 3778 pauci
2000 3718 2135 3766 sunt
2178 3709 2274 3780 qui
2323 3707 2713 3780 ingrediuntur
2778 3722 2878 3776 per
2937 3720 3080 3762 eam.
3143 3702 3347 3759 lterum
3377 3720 3391 3756 :
3438 3721 3456 3753 ι
3502 3701 3627 3758 Noli

370 3796 574 3851 timere
605 3788 842 3864 pusillus
885 3808 1039 3864 grex,
1067 3791 1197 3863 quia
1222 3793 1555 3866 complacuit
1587 3795 1734 3851 Patri
1794 3806 1982 3856 vestro
2019 3799 2150 3855 dare
2204 3798 2365 3855 vobis
2426 3814 2656 3872 regnum
2705 3799 2770 3854 ³³.
2802 3819 2821 3851 ι
2877 3795 2985 3868 Ipsi
3051 3794 3222 3867 gloria
3278 3796 3338 3849 in
3402 3793 3622 3851 saecula.

367 3890 568 3946 Amen.

976 4003 1192 4057 ΛΟΓΟΣ
1228 4005 1341 4071 est.

830 4115 973 4186 Περὶ
1006 4116 1112 4171 τοῦ
1144 4118 1231 4187 μὴ
1268 4116 1472 4188 γελᾷν.

450 4234 524 4287 Τὸ
552 4233 720 4303 γελᾷν
759 4232 896 4295 ὅλως
927 4230 1276 4304 Χριστιανοῖς
1301 4232 1402 4286 οὐκ
1434 4233 1813 4303 ἐπιτρέπεται,
1843 4234 1947 4305 μά-

2610 4003 2893 4061 llOMlLlA
2929 4002 3085 4059 XCV.

2143 4105 2566 4193 Temperandum
2586 4138 2634 4182 ,α
2662 4119 2917 4175 solutiore
2938 4125 2987 4174 et
3016 4116 3364 4172 immoderato
3399 4117 3533 4171 risu.

2122 4232 2324 4289 Ridere
2343 4232 2581 4290 solutius
2605 4231 2925 4301 neutiquam
2953 4228 3023 4284 iis
3040 4227 3374 4300 permissum
3396 4225 3491 4296 qui
3515 4225 3628 4281 sint

373 4322 534 4375 λιστα
571 4320 631 4375 δὲ
680 4322 955 4392 μοναχοϊς,
1010 4322 1123 4385 τοῖς
1169 4320 1546 4387 σταυρώσασιν
1594 4324 1822 4389 ἑαυτοὺς
1865 4324 1945 4397 τῷ

2048 4339 2310 4397 germane
2344 4323 2645 4381 Christiani
2679 4321 2819 4378 :sed
2865 4320 3113 4377 omnium
3161 4318 3386 4373 minime
3425 4331 3629 4373 conve-

376 4410 592 4482 κόσμῳ.
638 4430 658 4464 ι
679 4412 748 4466 Et
772 4429 855 4476 τις
879 4412 988 4483 γὰρ
1019 4411 1168 4483 θέλῃ,
1197 4412 1382 4484 φησὶν,
1413 4412 1589 4468 ὀπίσω
1620 4432 1721 4485 μου
1752 4395 1947 4481 ἐλθεῖν,

2053 4395 2139 4472 nit
2192 4416 2501 4482 monachis,
2561 4414 2657 4486 qui
2717 4430 2777 4470 se
2829 4415 2942 4486 jam
2991 4411 3386 4471 cruciﬁxerunt
3435 4407 3626 4464 mundi

379 4502 791 4573 ἀπαρνησάσθω
825 4503 1038 4572 ἑαυτὸν,
1077 4504 1175 4558 καὶ
1218 4505 1407 4577 ἀράτω
1445 4504 1540 4560 τὸν
1578 4507 1815 4578 σταυρὸν
1850 4507 1951 4563 αύ-

378 4591 499 4657 τοῦ,
527 4594 623 4647 καὶ
650 4593 1018 4649 ἀκολουθείτω
1057 4613 1170 4668 μοι.
1199 4614 1219 4648 ι
1252 4597 1364 4651 Καὶ
1393 4581 1513 4663 πῶς
1547 4598 1827 4669 ἐνδέχεται
1848 4584 1952 4654 τὸν

383 4685 813 4756 ἐμπεπαρμένον
842 4688 956 4750 τοῖς
982 4686 1209 4755 γλυκέσι
1237 4688 1389 4759 ἥλοις
1425 4688 1522 4744 τοῦ
1553 4690 1808 4761 σταυροῦ,
1831 4690 1954 4745 δια-

381 4774 593 4846 χεῖσθαι
618 4776 711 4828 καὶ
739 4775 938 4847 γελᾷν;
969 4777 1042 4830 Οὐ
1070 4778 1180 4848 γὰρ
1210 4779 1290 4842 είς
1315 4778 1688 4850 μετεωρισμὸν
1722 4781 1955 4853 ἐκλήθη-

387 4883 508 4936 μεν,
536 4865 630 4919 καὶ⁵
653 4866 891 4935 γέλωτα,
925 4867 1014 4920 ἵνα
1054 4866 1550 4941 κληρονομήσωμεν
1581 4871 1664 4934 τὸ,
1702 4872 1845 4935 οὐαὶ,
1879 4871 1956 4936 ὡς

383 4959 435 5011 oi
464 4957 690 5024 ἐθνικοὶ,
719 4957 856 5012 ἀλλά
896 4959 985 5013 διὰ
1024 4957 1119 5011 τοῦ
1170 4957 1398 5024 πένθους
1422 4960 1525 5029 τῆς
1552 4961 1956 5033 παρακλήσεως

385 5048 461 5111 ὡς
493 5049 645 5110 ἐντὸς
685 5048 995 5121 γενώμεθα.
1044 5049 1181 5120 Περὶ
1202 5049 1311 5121 γὰρ
1356 5049 1536 5121 ψυχῆς
1580 5051 1728 5115 ἅπας
1753 5055 1781 5106 ὁ
1806 5051 1956 5121 ἀγὼν

387 5139 544 5210 ἡμῶν
571 5140 802 5209 γίνεται,
831 5142 961 5212 περὶ⁵
984 5135 1053 5213 ἧς
1081 5142 1249 5205 πολὺς
1268 5142 1530 5211 κίνδυνος,
1561 5144 1658 5197 καὶ
1692 5145 1720 5196 6
1740 5145 1956 5209 αἰώνιος

392 5232 620 5300 βάσανος
645 5249 659 5263 ο
696 5233 797 5287 οὐκ
829 5234 976 5288 ἐστιν
1006 5235 1115 5304 γὰρ
1147 5237 1207 5288 έν
1236 5233 1364 5305 ᾅδου
1403 5236 1816 5307 ἐξομολόγησις,
1853 5237 1956 5290 οὐκ

390 5324 538 5378 ἔστιν
563 5324 772 5397 δάκρυα
795 5327 887 5380 καὶ
911 5328 1226 5398 στεναγμοὶ,
1252 5328 1322 5379 τὰ
1338 5326 1692 5380 δυσωποῦντα
1720 5327 1812 5381 τὸν
1832 5344 1955 5398 κρι-

391 5414 519 5486 τήν·
553 5417 655 5470 οὐκ
699 5417 846 5472 ἐστιν
890 5405 1262 5490 προσθέσμίας
1299 5419 1423 5490 ὅρος
1469 5420 1601 5482 ἐκεῖ,
1633 5419 1756 5473 οὐδὲ
1792 5421 1956 5490 μετὰο

464 5571 694 5645 ‘_’_Ei-c’.i.
754 5590 900 5635 xxrv,
933 5576 953 5629 l
991 5590 1141 5645 seqq.
1274 5577 1313 5607 "
1342 5575 1507 5630 Eccli.
1543 5594 1647 5640 xw,
1700 5579 1814 5633 1-5.

472 5642 663 5714 Matth.
718 5659 829 5708 xm,
864 5641 1119 5714 $7,748:
1225 5645 1266 5677 ¹⁹
1314 5645 1469 5711 ibid.,
1504 5648 1586 5714 49,
1619 5648 1705 5703 50.

396 5711 440 5743 ³³
466 5710 596 5767 Luc.
626 5729 717 5777 xu,
745 5714 831 5766 52.
911 5714 955 5744 ’³
975 5713 1110 5770 Luc.
1138 5731 1215 5783 ιιι,
1251 5716 1339 5771 25.

1920 5580 1960 5610 ’³
1995 5577 2036 5632 ll
2079 5577 2220 5634 Tim.
2255 5595 2312 5639 ll,
2374 5575 2454 5630 19.

1824 5649 1867 5681 ²⁰
1909 5648 2098 5703 Matth.
2139 5664 2267 5713 xx",
2310 5648 2393 5702 Μ.

2053 4510 2218 4566 istius
2264 4509 2434 4565 vitiis.
2486 4508 2577 4563 Ait
2632 4508 2782 4563 enim
2850 4506 3120 4562 Dominus
3157 4522 3172 4559 :
3212 4524 3231 4557 ι
3256 4504 3313 4560 Si
3346 4504 3474 4574 quis
3507 4506 3627 4556 vult

2051 4610 2177 4673 post
2232 4617 2321 4657 mc
2370 4601 2587 4667 venire,
2639 4600 2877 4671 abneget
2931 4598 3319 4669 semetipsum,
3371 4605 3427 4653 et
3475 4595 3629 4650 tollat

2052 4708 2272 4749 crucem
2329 4708 2485 4748 suam
2537 4701 2594 4749 et
2648 4705 2915 4763 sequatur
2975 4707 3063 4746 me
3082 4690 3193 4744 ".o
3235 4688 3340 4756 Qui
3393 4686 3628 4759 (quasso)

2053 4783 2338 4855 probabile
2374 4783 2466 4842 sit.
2496 4783 2647 4838 hunc
2688 4781 2872 4839 crucis
2913 4781 3120 4837 Christi
3151 4780 3412 4835 dulcibus
3460 4776 3632 4834 clavis

2054 4888 2176 4929 esse
2223 4871 2566 4938 transﬁxum,
2605 4872 2701 4943 qui
2747 4873 2826 4928 sic
2875 4872 3049 4928 Solent
3094 4868 3410 4942 profusiore
3440 4867 3630 4924 laetitia

2057 4964 2291 5019 dill‘undi
2318 4973 2374 5019 et
2400 4964 2582 5020 ridere
2612 4963 3091 5034 solutius?Neque
3120 4963 3271 5035 enim,
3287 4960 3355 5015 ad
3383 4960 3626 5030 ejusmo-

2058 5054 2113 5110 di
2146 5055 2315 5110 animi
2367 5056 2663 5110 elationem
2709 5066 2804 5110 aut
2854 5055 3027 5110 risum
3074 5052 3397 5109 solutiorcm
3447 5046 3628 5102 vocati

2052 5162 2264 5212 sumus,
2298 5164 2368 5202 ne
2407 5163 2505 5217 per
2537 5149 2654 5203 hrec
2696 5148 2916 5203 demum
2953 5145 3238 5213 contingat
3268 5156 3371 5196 nos
3409 5141 3627 5208 assequi

2054 5254 2162 5294 una
2191 5253 2317 5294 cum
2354 5238 2596 5294 ethnicis
2631 5238 2787 5300 illud,
2828 5252 2931 5303 vae,
2990 5233 3159 5304 magis
3208 5245 3339 5287 vero
3393 5246 3491 5301 per
3546 5231 3629 5285 lu-

2051 5337 2224 5395 ctum,
2255 5336 2473 5399 gustum
2509 5328 2954 5397 qualemcunque
3005 5323 3361 5394 pradibemus
3390 5320 3625 5401 interna:

2054 5421 2468 5477 consolationis.
2533 5421 2638 5475 Pro
2695 5418 2893 5472 anima:
2953 5416 3100 5471 enim
3161 5411 3404 5485 paranda
3452 5411 3628 5467 salute

3083 5568 3336 5624 "Matth.
3375 5584 3477 5622 xxv
3500 5608 3513 5627 ,
3541 5565 3624 5622 ἀί.

3316 5641 3469 5707 “tith
3580 5639 3629 5695 1.

2591 5575 2633 5605 ιε
2664 5540 2795 5627 ibid.
2830 5572 2955 5637 ,ao.

2525 5646 2561 5677 ²²
2596 5643 2785 5698 Matth.
2823 5659 2915 5702 vn.
2946 5643 3026 5696 l5.
3149 5641 3193 5671 ”
