3918 6106
370 264 501 326 1727

1631 267 1995 327 ANTIOCHI
2038 266 2342 331 MONACH
2354 271 2375 329 [

3485 253 3605 316 17%

364 388 551 433 autem
577 378 835 448 prmeepti
863 388 948 433 est
978 380 1221 437 charitas
1250 380 1317 435 de
1340 382 1508 436 corde
1542 395 1683 450 puro
1716 390 1773 435 et
1802 396 1937 435 con-

2048 380 2149 434 Kal
2176 379 2360 445 πάλιν,
2400 395 2418 429 ι
2459 376 2933 448 Ἐπιχορηγήσατε
2990 374 3046 426 ὲν
3106 374 3171 442 τῇ
3215 371 3472 439 ὑπομονῇ
3519 370 3610 437 τὴν

368 468 601 524 scientia
637 469 781 525 bona
797 470 864 522 “.
891 488 909 520 »
950 470 1155 525 lterum
1194 473 1435 527 Petrus:
1475 492 1492 523 ι
1518 473 1829 527 Ministrate
1877 472 1933 526 in

372 561 642 630 patientia
670 562 952 630 pietatem,
991 562 1045 617 in
1077 563 1283 633 pietate
1328 575 1512 619 autem
1544 580 1789 619 amorem
1821 564 1936 618 fra-

374 649 671 713 ternitatis,
709 652 764 703 in
794 666 984 705 amore
1038 662 1222 708 autem
1268 653 1634 709 fraternitatis
1687 655 1936 709 charita-

373 741 558 795 tem“.
591 760 609 792 »
648 742 716 795 Ει
741 751 864 811 post
892 760 1105 812 pauca:
1140 745 1318 800 «Ante
1365 746 1549 800 omnia
1585 755 1769 801 autem
1806 762 1938 825 Imu-

370 835 518 879 tuam
549 826 606 881 in
644 828 1056 899 vobismetipsis
1099 832 1429 887 charitatem
1483 835 1806 888 continuam
1842 836 1939 889 ha-

370 916 588 981 bentes,
616 920 744 989 quia
784 920 1026 975 charitas
1069 923 1251 991 operit
1300 924 1709 979 multitudinem
1747 940 1941 994 pecea-

374 1009 639 1063 torum“.
660 1029 679 1060 »
723 1008 1096 1067 Conformiter
1140 1024 1196 1067 et
1246 1015 1450 1071 Paulus
1483 1034 1494 1068 :
1524 1035 1541 1066 ι
1571 1016 1629 1069 ln
1671 1016 1939 1071 charitate

373 1099 603 1154 radicati
633 1111 690 1155 et
721 1102 958 1168 fundati,
990 1113 1051 1159 ut
1078 1105 1301 1174 possitis
1325 1106 1792 1176 comprehendere
1816 1123 1941 1162 eum

370 1190 632 1244 omnibus
678 1192 966 1247 sanctis".
994 1213 1013 1244 »
1066 1194 1273 1249 lterum
1308 1212 1322 1249 :
1365 1215 1382 1247 ‹
1412 1195 1667 1251 Charitas
1723 1200 1942 1267 patiens

373 1288 480 1344 est,
504 1279 741 1351 benigna
777 1292 884 1345 est.
915 1284 1161 1339 charitas
1207 1301 1490 1356 nunquam
1519 1289 1726 1343 excidit
1747 1290 1845 1344 ⁸⁸.»
1875 1291 1943 1345 Et

375 1370 628 1426 inducit:
672 1391 688 1425 ι
742 1374 1032 1429 Plenitudo
1082 1376 1251 1446 igitur
1299 1378 1437 1448 legis
1475 1386 1561 1434 est
1588 1380 1889 1436 dilectio".
1918 1400 1938 1432 »

376 1466 594 1522 Rursus
627 1484 640 1519 :
673 1487 691 1518 ι
714 1469 905 1523 Estote
948 1469 1117 1539 igitur
1151 1470 1392 1525 invicem
1444 1471 1692 1542 benigni,
1727 1474 1945 1529 miseri-

375 1557 591 1622 cordes,
634 1559 943 1614 imitatores
999 1560 1097 1615 Dei
1147 1562 1293 1616 sicut
1342 1561 1441 1615 filii
1483 1562 1886 1618 charissimi“.
1917 1584 1935 1615 »

379 1649 587 1719 1181
622 1651 722 1704 Et:
758 1670 774 1701 σ
802 1651 1481 1710 Consideremusinvieem
1512 1655 1567 1709 in
1592 1657 1944 1725 provocatio-

2034 472 2320 525 εὐσέϐειαν
2419 472 2478 524 ἐν
2542 470 2602 525 δὲ
2643 472 2708 540 τῇ
2759 467 3037 537 εὐσεϐείᾳ,
3064 466 3163 533 τὴν
3233 461 3610 532 φιλαδελφίαν,

2036 566 2095 619 ιν
2122 564 2179 618 δὲ
2203 566 2268 634 τῇ
2298 562 2622 632 φιλαδελφίᾳ
2665 560 2765 631 τὴν
2801 560 3050 628 ἀγάπην.
3081 576 3099 609 »
3135 556 3248 610 Καὶ
3283 554 3411 625 μετ’
3440 552 3612 620 ὀλίγα,

2045 675 2063 708 ι
2090 656 2203 725 Πρὸ
2234 656 2452 709 πάντων
2478 654 2535 707 δὲ
2567 653 2668 723 τὴν
2723 654 2810 715 εξςο
2850 649 3081 711 ἑαυτοὺς
3131 648 3366 715 ἀγάπην
3428 644 3614 713 ἐκτενῆ

2038 747 2274 817 ἔχοντες,
2308 747 2392 799 ὅτι
2423 748 2455 816 ἠ
2492 744 2681 813 ἀγάπη
2711 740 2978 795 καλύπτει
3003 737 3207 808 πλῆθος
3249 734 3565 806 ἁμαρτιῶν.
3591 752 3610 785 ι

2052 837 2333 902 Ὡσαύτως
2376 837 2471 890 καὶ
2518 839 2546 890 6
2598 834 2831 898 Παῦλος,
2876 834 2933 886 ὲν
2994 832 3180 901 ἀγάπῃ
3228 826 3615 901 ὲρριζωμένθι,

2040 931 2138 984 καὶ
2164 929 2648 1001 τεθεμελιωμένοι,
2696 927 2784 981 ἵνα
2831 926 3155 996 ἐξισχύσητε
3207 918 3617 975 καταλαϐέσθαι

2042 1024 2142 1077 σὺν
2177 1025 2313 1076 πᾶσι
2340 1023 2454 1086 τοῖς
2482 1020 2683 1089 ἁγίοις.
2703 1038 2722 1071 »
2753 1018 2863 1075 Kal
2896 1017 3057 1071 πάλιν
3082 1030 3097 1045 ·
3126 1033 3146 1065 ι
3184 1014 3249 1067 Ἣ
3288 1012 3485 1080 ἀγάπη
3523 1027 3617 1078 μα-

2040 1113 2327 1185 κροθυμεῖ,
2387 1110 2768 1183 χρηστεύεται’
2830 1111 2865 1180 ἡ
2918 1109 3109 1178 ἀγάπη
3162 1104 3435 1158 οὐδέποτε
3480 1099 3621 1152 ἐκπί-

2042 1224 2187 1262 πτει.
2214 1225 2238 1258 »
2288 1204 2401 1259 Kal
2431 1204 2626 1272 ἐπάγει
2648 1219 2662 1233 ο
2699 1220 2719 1254 ι
2750 1202 3032 1272 Πλήρωμα
3084 1193 3176 1251 οὖν
3210 1196 3389 1264 νόμου
3418 1196 3451 1263 ἡ
3487 1191 3619 1258 ἀγά-

2045 1314 2142 1369 πη.
2168 1315 2186 1348 »
2226 1296 2338 1349 Καὶ
2366 1289 2523 1357 αὖθις
2556 1311 2570 1323 ·
2611 1292 2870 1357 «Γίνεσθε
2922 1292 2999 1353 εἰς
3052 1286 3322 1357 ἀλλήλους
3374 1281 3620 1355 χρηστοὶ,

2044 1384 2394 1455 εῦσπλαχνοι,
2429 1382 2668 1454 μιμηταὶ
2682 1380 2775 1435 τοῦ
2807 1379 2966 1445 Θεοῦ,
2997 1379 3072 1441 ὡς
3096 1377 3266 1430 τέκνα
3296 1373 3613 1443 ἀγαπητά.»

2043 1476 2176 1541 Kal,
2230 1493 2251 1525 ι
2283 1472 2650 1542 Κατανοῶμεν
2688 1470 2950 1541 ἀλλήλους
2987 1470 3067 1530 είς
3098 1464 3461 1536 παροξυσμὸν
3496 1462 3625 1530 ἀγά-

2045 1583 2153 1637 πης
2182 1566 2273 1618 καὶ
2303 1564 2484 1619 καλῶν
2504 1563 2738 1634 ⁴ἔργων.»
2765 1561 2896 1626 Kal,
2923 1580 2941 1612 ι
2963 1560 3087 1613 Ἐπὶ
3119 1559 3253 1612 πᾶσι
3282 1555 3503 1618 τούτοις
3529 1553 3624 1623 τὴν

2049 1657 2289 1726 ἀγάπην,
2312 1655 2438 1726 ἥτις
2466 1654 2615 1725 ἐστὶν
2652 1653 2951 1722 σύνδεσμος
2997 1652 3098 1720 τῆς
3127 1648 3495 1715 τελειότητος.
3518 1664 3535 1694 »
3559 1671 3625 1682 -

375 1756 500 1796 nem
524 1743 809 1797 charitatis
833 1744 1174 1798 etbonorum
1207 1760 1435 1815 operum
1455 1746 1520 1801 δ’.
1544 1766 1561 1799 »
1593 1723 1666 1800 Et
1695 1764 1739 1800 ει
1768 1746 1946 1816 Super

2057 1768 2075 1800 ι
2098 1723 2167 1800 7'0
2283 1723 2491 1817 Κύριος
2528 1723 2822 1798 πλεονάσαι
2858 1742 2952 1796 καὶ
2976 1739 3337 1814 περισσεύσαι
3379 1736 3529 1806 ἡμᾶς
3557 1736 3622 1803 τῇ

375 1835 561 1887 omnia
590 1834 707 1889 hinc
759 1835 1090 1891 charitatem
1143 1837 1367 1902 habete,
1396 1854 1516 1908 qua:
1541 1848 1625 1893 est
1662 1839 1946 1893 vinculum

375 1924 734 1992 perfectionis
756 1927 823 1980 "1
848 1945 866 1977 »
892 1926 961 1981 Et
990 1945 1002 1980 :
1041 1946 1058 1979 ι
1088 1929 1195 1983 Vos
1245 1938 1430 1985 autem
1459 1930 1729 1985 Dominus
1760 1931 1951 1985 multi-

374 2014 561 2083 plicet,
599 2025 655 2070 et
679 2016 962 2073 abundare
993 2016 1159 2073 faciat
1183 2019 1508 2098 charitatcm
1540 2019 1596 2073 in
1623 2019 1857 2074 invicem
1895 2029 1950 2075 et

374 2106 431 2160 in
461 2109 736 2163 omnes".
768 2127 788 2160 »
816 2109 952 2164 Aliis
979 2110 1121 2165 idem
1143 2090 1276 2166 dicit
1301 2090 1445 2165 ια’οο
1467 2111 1733 2166 cliaritate
1762 2120 1949 2168 autem

372 2196 731 2253 fraternitatis
756 2198 859 2268 ipsi
886 2216 983 2254 vos
1014 2217 1045 2255 a
1077 2202 1188 2256 Deo
1216 2200 1487 2257 didicistis
1508 2211 1569 2256 ut
1594 2202 1831 2272 diligatis
1858 2203 1944 2258 in-

374 2289 547 2343 vicem
567 2289 634 2343 ⁸¹.
669 2310 686 2341 »
723 2290 790 2345 Et
811 2307 911 2347 nos
946 2293 1137 2363 igitur,
1164 2292 1387 2360 fratres,
1409 2294 1651 2364 perfecta
1673 2294 1944 2351 charitatc

373 2399 467 2437 eos
502 2384 937 2453 complectamur
982 2385 1076 2456 qui
1126 2387 1285 2441 nobis
1335 2387 1609 2441 uniuntur
1664 2387 1942 2457 parilitate

376 2474 522 2538 fidei,
551 2475 696 2530 sicut
719 2486 775 2531 et
803 2493 833 2531 a
861 2476 1022 2530 nobis
1048 2477 1249 2547 repetit
1277 2477 1373 2531 Dei
1398 2477 1517 2531 lex:
1543 2493 1642 2547 pro
1667 2478 1773 2532 illis
1800 2493 1943 2548 quo-

372 2584 479 2636 que
508 2577 563 2624 et
608 2571 820 2626 animas
860 2570 1036 2641 parati
1074 2586 1374 2641 exponere,
1413 2569 1684 2641 siquidem
1723 2586 1790 2625 eo
1840 2585 1943 2624 nos

375 2662 483 2717 ulla
521 2664 739 2718 occasio
779 2663 993 2718 invitet.
1032 2681 1051 2713 ‹
1078 2663 1335 2732 Maiorem
1379 2662 1526 2717 enim
1562 2662 1666 2716 hac
1689 2662 1941 2718 dilectio-

373 2768 497 2807 nem
529 2769 692 2807 nemo
719 2753 1086 2822 habet,quatn
1110 2764 1169 2820 ut
1193 2754 1429 2807 animam
1445 2769 1597 2808 suam
1627 2760 1793 2823 ponat
1816 2753 1939 2823 quis

374 2858 475 2914 pro
523 2845 717 2900 amicis
760 2845 876 2907 suis
896 2846 963 2898 ⁸³.
996 2864 1015 2896 »
1048 2845 1171 2899 Et:
1214 2865 1230 2896 ι
1262 2834 1579 2899 Mandatum
1616 2860 1821 2899 novum
1863 2844 1934 2898 dn

2055 1839 2267 1909 ἀγάπη,
2286 1840 2369 1909 τῇ
2408 1839 2489 1899 είς
2515 1836 2802 1907 ἀλλήλους,
2828 1824 2921 1887 καὶ
2954 1834 3034 1896 είς
3063 1832 3292 1894 πάντας.
3318 1848 3337 1881 »
3370 1828 3544 1897 Φησὶν
3570 1825 3622 1877 δὲ

2052 1937 2148 1983 καὶ
2178 1930 2379 1997 ἄλλοις,
2416 1947 2434 1981 ι
2457 1928 2592 1998 Περ)⁸
2629 1927 2686 1980 δὲ
2723 1927 2823 1997 τῆς
2868 1922 3218 1993 φιλαδελφίας
3252 1920 3413 1973 αὐτοὶ
3470 1919 3620 1987 ὑμεῖς

2052 2014 2377 2074 θεοδίδακτοί
2403 2020 2645 2085 ὲστε,είς
2672 2018 2732 2071 τὸ
2755 2018 2973 2088 ἀγαπᾷν
2995 2014 3276 2086 ἀλλήλους.
3293 2032 3314 2064 »
3341 2011 3622 2079 Καὶήμεῖς

2048 2108 2163 2175 οῦν,
2199 2111 2440 2182 ἀδελφοὶ,
2470 2112 2843 2181 ἀγαπήσωμεν
2872 2109 2997 2171 τοὺς
3017 2107 3351 2175 ὁμοπίστους
3377 2102 3535 2174 ἡμῶν
3567 2103 3620 2153 ὲν

2047 2204 2228 2275 τελείᾳ
2252 2205 2462 2275 ἀγάπῃ,
2479 2203 2663 2265 καθὼς
2692 2204 2912 2257 ἀπαιτεῖ
2937 2200 3083 2270 ἡμᾶς
3105 2200 3131 2251 6
3151 2199 3313 2267 νόμος
3341 2195 3440 2249 τοῦ
3465 2192 3619 2256 Θεοῦ,

2045 2296 2285 2359 τιθέντες
2314 2295 2453 2365 ὑπὲρ
2481 2294 2658 2347 αὐτῶν
2690 2292 2789 2355 τὰς
2817 2280 3196 2362 ψυχὰςὴμῶν,
3228 2290 3277 2341 εἰ
3306 2287 3503 2359 καιρὸς
3523 2301 3618 2339 καφ

2045 2386 2196 2458 λέσῃ.
2233 2405 2251 2437 ι
2271 2383 2513 2448 Μείζονα
2526 2382 2635 2454 γὰρ
2689 2381 2892 2453 ταύτης
2923 2382 3143 2450 ἀγάπην
3173 2378 3350 2440 οὐδεὶς
3381 2379 3518 2446 ἔχει,
3549 2374 3617 2433 ὦς

2045 2494 2210 2548 φησιν
2248 2478 2277 2530 6
2301 2476 2527 2548 Κύριος,
2561 2475 2648 2528 ἵνα
2689 2491 2774 2537 τις
2798 2473 2896 2545 τὴν
2918 2471 3096 2542 ψυχὴν
3147 2467 3313 2522 αὑτοῦ
3357 2467 3425 2538 θῇ
3482 2464 3618 2533 ὑπὲρ

2043 2558 2153 2622 τῶν
2169 2569 2338 2638 φίλων
2358 2568 2545 2621 αὑτοῦ.
2559 2565 2696 2621 »Καί
2713 2583 2757 2618 ⁸(
2780 2564 3029 2634 Ἐντολὴν
3050 2560 3243 2632 καινὴν
3262 2560 3458 2630 δίδωμι
3472 2559 3615 2626 ὑμῖν,

2046 2660 2134 2714 ἴνα
2152 2661 2401 2728 ἀγαπᾶτε
2423 2658 2705 2729 ἀλλήλους.
2731 2676 2749 2709 »
2779 2656 2914 2711 Καί·
2945 2673 2965 2706 ι
3000 2655 3088 2707 Ἐν
3118 2651 3293 2718 τούτῳ
3320 2650 3615 2719 γνώσονται

2047 2752 2249 2815 πάντες
2304 2752 2385 2805 ὅτι
2427 2751 2550 2820 ἐμοὶ
2600 2748 2840 2821 μαθηταί
2877 2748 3022 2810 ἐστε,
3075 2746 3168 2799 ὲάν
3209 2744 3432 2813 ἀγάπην
3471 2740 3624 2815 ἔχητε

2042 2845 2099 2897 ἐν
2128 2843 2400 2914 ἀλλήλοις.
2434 2861 2455 2896 »
2489 2842 2650 2915 Αὐτῷ
2670 2844 2703 2912 ἡ
2729 2840 2856 2905 δόξα
2887 2843 2967 2905 εἰς
2999 2840 3124 2902 τοὺς
3153 2837 3378 2900 αίῶνας.
3426 2835 3611 2903 Ἀμήν.

375 2938 552 3004 vobis,
576 2947 639 2994 ut
660 2939 900 3009 diligatis
929 2940 1161 2994 invicem
1186 2940 1250 2994 ".
1275 2960 1293 2991 »
1327 2940 1395 2993 Ει
1427 2957 1439 2992 :
1475 2958 1493 2991 ι
1521 2939 1579 2993 lu
1604 2939 1711 2994 hoc
1741 2939 1915 2995 scient
1937 2954 2129 2995 omnes
2160 2938 2309 3009 quod
2339 2938 2448 2993 mei
2486 2938 2622 3023 estis
2650 2935 2927 3007 discipuli,
2956 2934 3002 2992 si
3022 2932 3374 2989 dilectionem
3410 2928 3615 2984 habue-

374 3030 496 3086 ritis
542 3029 611 3086 ad
663 3029 899 3086 invicem
921 3031 1018 3084 ⁸⁸.»
1046 3031 1151 3100 Ipsi
1177 3031 1348 3101 gloria
1370 3032 1425 3086 in
1452 3031 1667 3088 saecula.
1709 3031 1904 3086 Amen.

888 3120 1177 3198 HOMlLlA
1214 3143 1420 3199 xcvu.

448 3256 523 3311 De
547 3255 909 3328 hospitalitate
930 3257 1036 3310 sive
1063 3255 1384 3327 benignitate
1406 3274 1530 3328 erga
1557 3261 1879 3331 peregrinos.

444 3366 801 3438 Hospitalitas
840 3366 1091 3436 speciosa
1135 3365 1432 3421 admodum
1452 3367 1633 3423 virtus
1649 3376 1735 3423 est
1759 3383 1823 3423 ac
1839 3368 1953 3423 Deo

377 3476 645 3532 perquam
679 3461 942 3531 gratiosa,
975 3460 1213 3514 maxime
1245 3458 1291 3515 si
1322 3459 1646 3515 conferatur
1682 3460 1736 3514 in
1758 3459 1951 3516 dome-

375 3552 546 3608 sticos
598 3551 752 3607 ﬁdei.
811 3551 1053 3623 Hujusce
1120 3550 1345 3608 virtutis
1408 3552 1609 3608 merito
1672 3552 1997 3608 Abraham.

374 3643 588 3699 amicus
616 3642 718 3698 Dei
742 3651 969 3698 vocatus
991 3651 1094 3698 est.
1122 3642 1226 3699 Lot
1246 3658 1467 3713 quoque
1498 3658 1597 3713 per
1630 3643 1774 3698 hanc
1808 3644 1951 3715 ignis

374 3735 595 3791 coalitus
628 3733 853 3789 demissi
880 3733 1159 3789 vindicem
1206 3731 1347 3804 fugit
1394 3734 1555 3788 iram.
1587 3733 1737 3788 Raab
1767 3748 1949 3790 mere-

376 3828 483 3883 trix
505 3843 603 3897 per
634 3826 1066 3897 hospitalitatem
1090 3841 1215 3882 cum
1250 3825 1513 3881 universa
1537 3826 1704 3881 domo
1733 3837 1947 3882 servata

373 3926 460 3971 est
489 3917 801 3973 incolumis:
822 3916 917 3972 sed
942 3925 999 3973 et
1030 3917 1148 3973 haec
1162 3918 1343 3973 virtus
1356 3926 1672 3972 sanctorum
1699 3918 1947 3973 omnium

372 4008 651 4063 celebrata
682 4016 769 4063 est
799 4008 1110 4077 praeconiis.
1136 4008 1355 4064 Primus
1377 4009 1763 4066 Partemiastes
1790 4009 1944 4065 dicit:

380 4120 399 4150 α
434 4100 756 4156 Benedictio
809 4100 1027 4155 Domini
1076 4115 1245 4170 super
1300 4108 1477 4171 caput.
1522 4100 1694 4171 justi:
1750 4101 1944 4157 eadem

372 4190 534 4254 «litat,
566 4197 623 4245 et
654 4204 939 4260 nunquam
972 4188 1209 4245 addetur
1230 4190 1282 4244 ei
1320 4189 1543 4245 tristitia
1571 4190 1628 4244 in
1650 4189 1819 4246 corde
1837 4191 1937 4246 ⁵⁸.»

369 4280 474 4336 Job
498 4281 726 4352 insuper
754 4274 1177 4352 peregrinorqu
1204 4290 1440 4347 amator,
1475 4291 1678 4351 praeter
1716 4291 1946 4339 caeteras

373 4372 629 4434 virtutes.
652 4372 946 4445 benignam
969 4373 1248 4442 hospitum
1269 4372 1647 4443 arceptionem
1671 4373 1944 4445 depraedi-

1974 3126 2021 3186 C

2655 3145 2875 3200 ΛΟΓΟΣ
2909 3142 3016 3212 ιπΖε

2559 3260 2697 3327 Περὶ
2723 3232 3093 3329 φιλοξενίας.

2124 3373 2278 3445 Καλή
2311 3374 2459 3427 ἐστιν
2488 3374 2520 3443 ή
2552 3371 2859 3442 φιλοξενία,
2913 3370 3007 3423 καὶ
3038 3367 3114 3439 τῷ
3142 3366 3261 3437 Θεῷ
3287 3366 3629 3437 ἀρέσκουσι,

2055 3467 2291 3537 μάλιστα
2314 3465 2371 3520 δὲ
2400 3465 2537 3536 πρὸς
2561 3466 2691 3528 τοὺς
2716 3463 2953 3527 οἰκείους
2982 3464 3081 3533 τῆς
3109 3459 3367 3523 πίστεως.
3395 3459 3492 3511 Διά
3510 3458 3612 3526 γάρ

2050 3557 2152 3627 τῆς
2202 3556 2509 3626 φιλοξενίας
2562 3554 2714 3623 φίλος
2747 3552 2883 3607 Θεοῦ
2915 3553 2942 3605 6
2972 3550 3223 3621 ’Δϐραάμ
3252 3550 3485 3619 ἐκλήθη,
3525 3549 3612 3600 καὶ

2048 3652 2078 3703 6
2107 3646 2263 3717 Λὼτ,
2296 3646 2527 3718 ἀπειλῆς
2558 3645 2823 3718 θεηλάτου
2855 3644 3024 3715 πυρὸς
3055 3643 3122 3696 δι’
3148 3642 3319 3710 αὐτῆς
3343 3641 3607 3708 διέφυγεν,

2050 3740 2146 3793 καὶ
2176 3738 2344 3792 Ῥαὰϐ
2371 3739 2405 3809 ἠ
2433 3738 2631 3808 πόρνη,
2661 3737 2749 3790 διὰ
2776 3735 3081 3805 φιλοξενίας
3109 3732 3330 3787 πανοικὶ
3352 3730 3605 3799 διεσώθη·

2049 3833 2143 3885 καὶ
2195 3830 2350 3903 παρά
2389 3828 2625 3885 πάντων⁸
2656 3832 2689 3901 ή
2724 3828 3012 3899 ¹φιλοξενία
3060 3825 3467 3897 ὲγκωμιάζεται
3507 3821 3609 3874 τῶν

2049 3926 2242 3995 ἁγίων.
2296 3923 2520 3997 Πρῶτος
2565 3926 2593 3978 6
2631 3921 3044 3995 Παροιμιαστὴς
3081 3920 3266 3989 λέγει·
3327 3940 3347 3971 ι
3383 3913 3606 3982 Εὑλογία

2049 4019 2256 4091 Κυρίου
2291 4018 2385 4072 ἐπὶ
2413 4015 2656 4087 κεφαλὴν
2689 4015 2897 4069 δικαίου
2919 4031 2933 4045 ·
2997 4013 3137 4085 αὕτη
3180 4011 3485 4075 πλουτίζει,
3520 4007 3606 4061 καὶ

2047 4110 2108 4164 ού
2142 4110 2218 4181 μὴ
2245 4107 2522 4179 προστεθῇ
2553 4108 2692 4178 αὐτῇ
2724 4106 2870 4177 λύπη
2905 4107 2964 4160 ὲν
2990 4104 3242 4177 καρδίᾳ.»
3277 4103 3387 4156 Καὶ
3410 4105 3439 4157 6
3464 4099 3598 4171 φιλό-

2048 4202 2198 4268 ξενος
2226 4203 2284 4255 δὲ
2318 4201 2470 4268 Ἰὼϐ,
2531 4201 2671 4273 πρὸς
2718 4202 2843 4265 ταῖς
2881 4200 3098 4262 λοιπαῖς
3130 4198 3352 4269 ἀρεταῖς
3392 4195 3486 4249 καὶ
3514 4192 3600 4263 τὴν

2047 4291 2356 4363 φιλοξενίαν
2391 4290 2591 4362 ἐκόμα.
2638 4308 2658 4342 ι
2705 4289 2849 4360 Ἐγὼ
2875 4290 3003 4361 γὰρ,
3040 4288 3228 4360 φησὶν,
3258 4288 3409 4357 ήμην
3434 4283 3601 4351 πατὴρ
3627 4328 3643 4338 .

2046 4384 2342 4439 ἀδυνάτωνο
2385 4382 2616 4436 διέσωσα
2636 4381 2744 4453 γάρ
2766 4381 2979 4451 πτωχὸν
3003 4384 3066 4433 ὲκ
3084 4378 3264 4451 χειρὸς
3285 4374 3596 4431 δυναστῶν.»

371 4473 499 4518 cat:
543 4483 561 4516 ι
598 4465 783 4531 Eram,
815 4465 914 4530 ait,
948 4472 1106 4535 pater
1136 4464 1519 4531 imbecillium,
1553 4466 1767 4521 servavi
1802 4465 1949 4520 enim

2051 4476 2163 4530 Kal
2206 4475 2367 4529 πάλιν
2386 4491 2400 4504 ’
2461 4492 2480 4525 ι
2514 4473 2746 4540 Εύλογία
2775 4471 3157 4540 ἀπολλυμένου
3192 4467 3283 4521 ἐπ’
3308 4467 3408 4537 ἐμὲ
3436 4467 3599 4519 ἔλθοι·

370 4569 669 4624 pauperem
693 4556 762 4611 de
785 4572 948 4611 manu
978 4566 1268 4627 potentum
1286 4558 1354 4611 ⁸⁷.
1386 4576 1405 4609 »
1439 4557 1679 4612 lterum:
1721 4577 1739 4609 ι
1764 4557 1942 4613 Bene-
1986 4614 1989 4619 ,

371 4646 544 4700 dictio
565 4648 850 4716 pereuntis
882 4663 1051 4720 super
1078 4666 1165 4704 me
1186 4648 1393 4715 Veniat,
1429 4664 1493 4705 os
1531 4656 1717 4705 autem
1762 4650 1943 4706 vidua:

374 4737 509 4791 mihi
542 4738 855 4793 benedixit:
893 4741 1089 4797 oculus
1121 4757 1272 4796 eram
1299 4756 1591 4806 cantorum,
1626 4757 1726 4810 pes
1756 4751 1941 4797 autem

371 4830 715 4897 claudorum;
740 4832 908 4902 janua
934 4849 1054 4887 mea
1080 4842 1272 4904 aperta
1294 4835 1400 4889 fuit
1423 4835 1573 4889 omni
1600 4834 1802 4890 afﬂicto
1819 4836 1885 4889 ⁸⁸.
1916 4854 1936 4887 »

371 4922 541 4978 Isaias
576 4923 739 4978 item:
773 4943 790 4974 ι
810 4925 1089 4996 Pauperes
1119 4927 1238 4981 sine
1265 4936 1410 4981 tecto
1437 4926 1603 4983 induc
1640 4927 1695 4982 in
1716 4927 1942 4983 domum

374 5025 554 5070 tuam:
586 5017 630 5071 si
693 5018 901 5072 videris
958 5018 1195 5083 nudum,
1228 5017 1404 5087 operi,
1449 5027 1507 5072 et
1555 5033 1585 5072 a
1618 5018 1945 5074 domesticis

374 5107 483 5160 tuis
541 5122 609 5161 ne
656 5116 874 5163 avertas
928 5108 1122 5163 facient
1168 5124 1183 5162 :
1235 5116 1367 5163 tunc
1397 5108 1660 5164 clamabis
1688 5121 1745 5166 et
1799 5110 1945 5166 Deus

370 5198 629 5253 exaudiet
684 5208 772 5266 te;
826 5200 1009 5255 adhuc
1030 5202 1292 5271 loquente
1340 5210 1415 5262 te,
1454 5201 1622 5265 dicet,
1660 5203 1800 5257 Ecce
1844 5201 1945 5256 ad-

372 5305 493 5343 sum
509 5291 577 5343 ⁵⁸.
610 5308 629 5342 »
662 5290 901 5347 lterum:
938 5312 955 5344 ι
989 5292 1044 5347 Si
1075 5293 1373 5349 abstuleris
1399 5309 1428 5348 a
1461 5302 1512 5349 te
1544 5295 1773 5350 verbum
1794 5309 1949 5347 mur-

465 5442 511 5473 “
537 5442 558 5497 l
588 5444 729 5498 Tim.
761 5462 796 5509 ι,
830 5447 879 5501 5.

375 5498 419 5544 ’δ
443 5512 643 5582 Ephes.
675 5532 726 5577 v,
754 5498 803 5568 11.

378 5582 461 5634 13.
564 5586 608 5614 δί
638 5584 791 5634 .Inau.

381 5652 491 5708 74’.

912 5515 957 5547 "
988 5515 1151 5572 Hebr.
1173 5534 1223 5570 Χ.
1265 5517 1355 5570 2t.

564 5586 608 5614 5"
638 5584 791 5639 Joan.
827 5601 938 5650 xm,
975 5587 1060 5640 Si.
1176 5588 1219 5616 ⁵⁵
1256 5587 1411 5648 Ξίιίι1.,
1445 5588 1530 5641 δ’ἔ.

986 5446 1031 5475 ⁸³
1060 5447 1103 5502 ll
1133 5449 1275 5502 Petr.
1307 5435 1343 5511 ι,
1385 5448 1436 5501 7.
1515 5443 1738 5500 “IPetr.
1767 5462 1839 5509 tv,
1863 5446 1914 5500 8.
1991 5444 2037 5476 ⁸⁵
2062 5446 2262 5515 ιεέβιιίιε.
2290 5462 2367 5509 m,
2400 5446 2487 5501 l8.

1462 5518 1506 5551 ⁸ο
1535 5515 1744 5570 Coloss.
1779 5533 1855 5577 ιιι,
1902 5515 1980 5570 Η.

1645 5589 1685 5617 5"
1710 5587 1866 5638 Prov.
1896 5604 1946 5649 Χ,
1973 5590 2023 5639 (ἱ.

2050 4567 2224 4637 στόμα
2253 4566 2311 4619 δὲ
2347 4567 2518 4637 χήρας
2549 4562 2841 4632 εύλόγησέν
2870 4578 2967 4633 με·
3019 4561 3296 4632 ὀφθαλμὸς
3319 4559 3374 4613 δὲ
3402 4555 3604 4627 τυφλῶν

2047 4658 2229 4729 ἤμην,
2281 4658 2415 4720 ποῦς
2459 4656 2516 4709 δὲ
2560 4654 2787 4726 xtuli-3w
2844 4655 2939 4709 καὶ
2989 4655 3024 4725 ἡ
3068 4652 3209 4725 Θύρα
3242 4669 3343 4722 μου
3374 4651 3603 4722 ἠνέῳκτο

2048 4744 2211 4796 παντὶ
2243 4742 2545 4814 ἐρχομένῳ.
2575 4760 2593 4794 »
2636 4741 2696 4795 '0
2724 4742 2782 4795 δὲ
2818 4741 3079 4805 Ἠσαίας
3120 4759 3139 4792 ι
3173 4740 3430 4810 Πτωχοὺς
3455 4736 3604 4794 ἀστέ-
3700 4805 3707 4814 .

2046 4851 2177 4903 γους
2220 4836 2479 4903 εἰσάγαγε
2530 4835 2609 4897 είς
2647 4834 2736 4886 τὸν
2772 4830 2918 4887 οἶκόν
2948 4850 3075 4886 σουο
3131 4830 3226 4885 ὲάν
3262 4832 3380 4901 ἴδῃς
3409 4828 3601 4898 γυμνὶν

2048 4924 2305 4995 περίϐαλε
2328 4964 2342 4989 ,
2400 4924 2493 4977 καὶ
2540 4923 2647 4977 ἀπὸ
2690 4923 2799 4976 τῶν
2836 4923 3053 4976 οἰκείων
3086 4924 3181 4975 σου
3218 4922 3316 4991 οὐχ
3346 4918 3599 4991 ύπερόιῷῃ-

2048 5018 2178 5070 Τότε
2206 5016 2397 5088 βοήσῃ,
2424 5016 2515 5069 καὶ
2541 5018 2568 5068 6
2590 5016 2721 5078 Θεὸς
2745 5015 3126 5069 είσακούσεταί
3149 5031 3270 5067 σοιν
3300 5014 3379 5066 ἔτι
3402 5011 3603 5065 λαλοῦν-

2047 5107 2138 5170 τός
2176 5124 2270 5160 σου
2307 5109 2453 5178 ἐρεῖ,
2492 5106 2651 5170 Ἰδοὺ,
2688 5106 2942 5177 πάρειμι.
2973 5124 2990 5156 »
3032 5105 3143 5158 Kal
3185 5105 3377 5158 πάλιν·
3435 5124 3453 5156 ι
3487 5101 3602 5155 Ἐὰν

2048 5198 2256 5271 ἀφέλῃς
2301 5198 2410 5253 ἀπὸ
2448 5197 2541 5250 σοῦ
2581 5197 2736 5268 ῥῆμα
2767 5194 3105 5266 γογγυσμοῦ,
3143 5194 3239 5248 καὶ
3266 5193 3370 5263 δῷς
3401 5192 3489 5245 τὸν
3512 5190 3600 5259 ἀρ-

2047 5309 2141 5371 τον
2168 5308 2262 5345 σου
2295 5289 2573 5357 πεινῶντι,
2605 5293 2668 5344 ἐκ
2692 5289 2870 5361 ψυχῆς
2898 5306 3015 5354 σου,
3043 5288 3141 5363 καί
3162 5287 3339 5358 ψυχὴν
3366 5300 3602 5338 τεταπει-

2564 5444 2803 5499 ⁸⁸1οοι·.
2823 5461 2939 5505 xm,
2980 5446 3032 5499 4.
3111 5443 3155 5475 ⁸⁷
3183 5443 3340 5497 Rom.
3377 5458 3495 5501 xui.
3528 5439 3598 5493 l0.

2088 5512 2127 5547 ⁵’¹
2160 5515 2177 5569 l
2206 5515 2399 5569 Thess.
2437 5533 2512 5577 III,
2543 5514 2623 5568 l2.
2700 5516 2745 5545 ’⁵³
2779 5516 2794 5568 l
2821 5515 3011 5568 Thess.
3050 5530 3116 5575 tv,
3137 5515 3190 5566 9.
3265 5513 3311 5543 ⁵³
3338 5512 3493 5567 Joan.
3526 5525 3601 5565 xv.

2134 5587 2178 5616 ⁵⁷
2214 5585 2313 5641 Job
2367 5603 2507 5649 XXIX,
2545 5588 2619 5639 lii.
2703 5584 2744 5615 ιθ
2774 5585 2907 5639 iliiJ.
2947 5584 3123 5638 15-15.
3234 5585 3279 5614 ⁵³
3318 5583 3420 5640 lsa.
3470 5595 3601 5641 tum
