3918 6106
374 306 505 374 1729

1064 297 1396 365 HOMILIA
1434 304 1696 366 XCVIII.
1727 329 1789 340 --
1814 304 1911 363 DE
1954 302 2211 364 AMORE
2253 297 2455 360 ERGA
2496 301 2908 362 PAUPERES.

3472 297 3606 361 1730

361 421 610 489 νωμένην
663 416 979 489 ὲμπλὴσῃς³
1052 415 1180 467 τότε
1234 416 1483 469 ἁνατελεῑ
1531 417 1589 468 ἐν
1631 414 1708 484 τῷ
1754 415 1936 468 σκότει

2041 410 2390 477 murationis,
2427 411 2728 469 et‘dcdcris
2777 426 2974 482 panem
3002 408 3292 472 esurienti,
3330 426 3394 465 cx
3427 410 3607 467 anima

356 510 421 561 τὸ
598 523 690 560 σου
704 488 732 577 ,⁸
756 506 850 559 καὶ
878 504 1030 557 ἔσται
1064 503 1094 556 6
1121 502 1254 565 Θεὸς
1288 503 1427 574 μετὰ
1454 503 1550 556 σοῦ
1577 503 1665 556 διὰ
1694 488 1894 566 παντός
1913 519 1927 533 ’

358 597 459 650 καὶ
501 592 863 666 ἐμπλησθήσῃ
907 588 1164 661 καθάπερ
1210 591 1473 661 ἐπιθυμεῖ
1502 594 1535 661 ἠ
1569 591 1714 665 ψυχή
1752 608 1867 645 σου.
1908 609 1926 642 ι

354 689 477 744 Καὶ
506 689 534 740 6
560 686 772 749 Παῦλος
792 703 807 715 ο
864 700 885 737 ι
918 682 988 739 Ἦ
1027 682 1350 752 φιλαδελφία
1383 682 1613 751 μενέτω,
1655 684 1754 750 τῆς
1781 683 1932 752 φιλο-

326 778 544 845 ιξενίας
598 777 674 848 μὴ
712 773 1141 829 ἐπιλανθάνεσθε
1164 791 1179 806 ο
1239 773 1330 827 διὰ
1367 773 1575 843 ταύτης
1603 774 1711 844 γὰρ
1742 774 1933 829 ἔλαθόν

346 887 506 934 τινες
541 868 853 945 ξενραντες
882 865 1171 934 ἀγγέλους.
1204 883 1224 916 ι
1285 863 1396 919 Kal
1427 860 1585 929 αὖθις
1607 879 1620 892 ·
1683 884 1701 916 ι
1738 865 1850 935 Τῆς
1875 864 1934 918 δὲ

351 962 612 1023 εὐποιίας
643 958 739 1013 καὶ
765 958 1051 1021 κοινωνίας
1079 955 1153 1026 μὴ
1179 954 1625 1009 ἐπιλανθάνεσθε·
1656 954 1935 1017 τοιαύταις

348 1053 473 1125 γὰρ
502 1052 715 1114 θυσίαις
743 1048 1122 1121 εὐαρεστεῖται
1150 1047 1179 1099 6
1203 1045 1352 1108 Θεός.
1378 1063 1399 1097 ι
1435 1045 1604 1116 Φησὶν
1632 1046 1689 1100 δὲ
1715 1047 1813 1100 καὶ
1835 1046 1934 1100 ἄλ-

345 1146 486 1209 λοςο
547 1163 566 1196 ι
599 1142 869 1209 Φιλόξενοι
913 1139 1147 1209 γίνεσθε,
1179 1138 1260 1201 εἰς
1303 1137 1591 1207 ἀλλήλους,
1643 1138 1771 1193 ἄνευ
1805 1154 1936 1208 γογ-

347 1233 600 1304 γυσμοῦ.
635 1251 655 1283 ι
714 1230 777 1284 El
823 1228 934 1299 γὰρ
982 1228 1017 1295 ἡ
1063 1224 1347 1296 προθυμία
1387 1225 1705 1294 πρόκειται,
1754 1223 1878 1276 καθ’
1907 1222 1936 1274 6

348 1325 461 1378 ἐὰν
510 1323 609 1395 ἔχῃ
654 1339 777 1386 τις,
831 1316 1258 1388 εὐπρόσδεκτος,
1310 1315 1372 1369 οὐ
1425 1315 1601 1369 καθ’ὃ
1646 1315 1747 1367 οὐκ
1782 1313 1931 1386 ἔχει·

352 1433 378 1464 ιι
420 1417 499 1468 Οὐ
531 1414 642 1485 γὰρ
692 1412 783 1466 ἵνα
824 1409 1009 1472 ἄλλοις
1050 1406 1270 1471 ἄνεσις,
1317 1406 1446 1477 ὑμῖν
1487 1406 1545 1459 δὲ
1586 1405 1786 1475 Ολῖψις,
1819 1403 1934 1458 ἀλλ’

353 1506 424 1569 εξ
471 1506 719 1577 ίσότητος
767 1503 826 1556 ἐν
873 1498 954 1572 τῷ
997 1498 1092 1553 νῦν
1137 1497 1367 1569 καιρῷ.»
1424 1496 1534 1550 Καὶ
1572 1497 1708 1568 πρὸς
1744 1497 1932 1550 Τῖτονο

361 1615 382 1649 ι
410 1596 595 1667 Ζηνᾶν
616 1593 711 1647 τὸν
732 1590 955 1661 νομικὸν
978 1590 1073 1644 καὶ
1096 1590 1342 1644 ’Δπολλὼ
1361 1588 1569 1657 ταχέως
1591 1586 1934 1657 πρόπεμψον,

357 1685 456 1738 ἵνα
510 1683 674 1754 μηδὲν
720 1681 906 1744 αὐτοῖς
951 1678 1115 1751 λείπῃ
1137 1697 1152 1713 ο
1208 1676 1635 1750 μανθανέτωσαν
1667 1677 1726 1730 δὲ
1760 1676 1859 1731 καὶ
1889 1678 1936 1729 οἱ

2007 536 2015 541 -
2040 513 2155 569 tua,
2180 512 2236 559 et
2269 504 2509 557 animam
2528 502 2862 557 exinanitum
2887 501 3222 570 repleveris:
3247 509 3377 554 tunc
3399 499 3610 554 orietur

2041 596 2095 649 in
2132 595 2381 650 tenebris
2411 596 2505 650 lux
2539 604 2653 659 tua,
2687 607 2745 648 et
2769 593 2876 648 erit
2908 594 3054 647 Deus
3077 600 3206 646 tuus
3252 599 3431 645 tecum
3464 605 3610 645 sem~

2039 703 2161 756 per,
2185 696 2241 743 et
2276 688 2597 757 impleberis
2637 687 2781 742 sicut
2818 685 3099 741 desiderat
3153 683 3336 738 anima
3381 692 3472 738 tua
3487 683 3553 737 “.
3586 702 3604 733 ι

2039 780 2244 836 Paulus
2279 781 2448 834 item:
2495 799 2513 831 ι
2548 780 2717 834 Amor
2755 776 3121 833 fraternitatis
3149 784 3391 841 maneat,
3425 774 3614 844 hospi-

2034 870 2276 925 talitatis
2303 871 2476 927 nolite
2502 869 2755 925 oblivisci
2780 886 2793 921 :
2816 884 2915 938 per
2941 868 3083 921 banc
3109 866 3255 920 enim
3283 865 3614 934 placuerunt

2040 960 2288 1028 quidam,
2316 961 2526 1031 angelis
2559 959 2800 1029 hospitio
2824 957 3066 1027 receptis
3082 956 3157 1010 "z
3191 975 3209 1006 ι
3241 956 3453 1025 1182
3472 955 3616 1008 Rur-

2041 1056 2170 1106 sus:
2210 1071 2228 1101 ι
2266 1051 2654 1107 Bcneficcnlia
2705 1058 2762 1103 et
2810 1047 3215 1104 communionis
3245 1046 3435 1101 nolite,
3465 1045 3611 1101 obli-

2039 1140 2216 1199 visci:
2253 1142 2456 1196 talibus
2490 1141 2639 1195 enim
2683 1140 2882 1196 hostiis
2925 1147 3274 1209 promeretur
3318 1138 3538 1192 Deus“.
3584 1155 3604 1186 ι

2042 1230 2148 1286 Sed
2184 1231 2359 1286 alius:
2410 1250 2428 1282 ι
2479 1230 2789 1301 llospitales
2836 1230 3068 1284 invicem
3122 1228 3242 1283 sine
3299 1242 3615 1299 murmura-

2043 1324 2193 1383 tione
2215 1324 2280 1377 ".
2312 1342 2330 1374 ι
2364 1323 2420 1378 Si
2445 1323 2595 1377 enim
2613 1322 2868 1377 voluntas
2891 1327 3144 1390 prompta
3168 1326 3276 1382 est,
3308 1317 3611 1373 secundum

2042 1415 2098 1470 id
2131 1415 2283 1485 quod
2301 1415 2488 1478 habet,
2520 1423 2747 1483 accepta
2777 1421 2885 1476 est,
2912 1425 3023 1466 non
3048 1409 3353 1465 secundum
3381 1408 3434 1463 id
3462 1409 3610 1478 quod

2041 1521 2161 1561 non
2188 1506 2388 1561 habet:
2428 1524 2447 1556 ι
2476 1505 2599 1560 Non
2629 1504 2778 1561 enim
2803 1510 2865 1558 ut
2893 1502 3034 1558 alius
3059 1503 3129 1557 sit
3156 1502 3430 1566 remissio,
3454 1500 3614 1555 vobis

2043 1604 2229 1651 autem
2253 1593 2668 1659 tribulatio,.sed
2691 1609 2760 1648 ex
2785 1592 3102 1663 aequalitate
3124 1592 3178 1645 in
3209 1599 3454 1660 tempore
3474 1604 3614 1660 pra:-

2047 1686 2293 1741 senti“.-
2317 1704 2334 1735 ι
2367 1684 2519 1739 Idem
2543 1683 2610 1737 ad
2641 1683 2863 1738 Titum:
2906 1702 2924 1735 ι
2962 1683 3167 1738 Zenam
3210 1681 3610 1753 legisperitum,

352 1777 654 1846 ἡμέτεροι,
710 1768 1113 1841 καλῶνιξργων
1164 1768 1524 1841 προΐστασθαι
1578 1769 1659 1831 εἰς
1702 1768 1801 1830 τὰς
1836 1769 1931 1821 ἁν-

2051 1784 2108 1833 et
2136 1776 2444 1847 Apollinem
2469 1774 2703 1830 sollicite
2727 1774 3029 1843 prannitte,
3062 1782 3125 1828 ut
3156 1774 3296 1829 nihil
3314 1763 3426 1829 illis
3443 1774 3609 1839 desit,

357 1866 607 1937 αγκαίας
633 1862 847 1934 χρείας,
885 1862 973 1915 ἵνα
1003 1861 1079 1932 μὴ
1107 1853 1243 1915 ὦσιν
1268 1860 1563 1931 ἄκαρποι.)
1602 1858 1715 1914 Kal
1740 1859 1900 1927 πάλιν
1917 1874 1935 1891 ο

364 1977 386 2010 ι
433 1955 765 2021 Ἀσπάζεται
789 1955 933 2026 ὑμᾶς
960 1953 1141 2018 Ρᾴῖος,
1172 1953 1202 2007 6
1225 1952 1373 2019 ξένος
1399 1969 1524 2021 μου,
1562 1952 1778 2021 καὶτῆς
1812 1952 1937 2005 Ἐκ-

358 2046 602 2119 κλησίας
627 2046 758 2115 ὅλης
781 2063 800 2097 ι
820 2060 851 2103 ο,
877 2043 1002 2099 ἀντὶ
1024 2041 1118 2096 τοῦ
1137 2084 1153 2108 ,
1195 2044 1225 2095 6
1252 2042 1528 2113 ξενοδόχος
1556 2043 1797 2097 πάντων.
1828 2042 1940 2097 Kal

355 2139 388 2191 6
422 2135 633 2207 Κύριος
678 2133 735 2186 δὲ
786 2130 1264 2202 προσκαλούμενος
1316 2129 1455 2200 μετὰ
1487 2130 1597 2183 τῶν
1631 2130 1939 2200 ὲλεημόνων

326 2228 453 2287 ,καὶ
507 2226 635 2288 τοὺς
679 2223 1025 2292 φιλοξένους,
1078 2222 1195 2291 ipsi
1233 2220 1370 2291 πρὸς
1400 2221 1631 2285 αὐτούς’
1690 2238 1710 2273 ι
1748 2220 1938 2285 Δεῦτε,

356 2323 411 2375 οί
466 2316 824 2387 εὐλογημένοι
877 2312 973 2368 τοῦ
1025 2314 1240 2384 Πατρός
1289 2329 1429 2380 μου,
1490 2312 1939 2384 κληρονομήσατε

361 2412 474 2482 τὴν
506 2406 916 2481 ἡτοιμασμένην
941 2405 1070 2476 ὑμῖν
1103 2404 1414 2474 βασιλείανο
1453 2404 1606 2472 ξένος
1634 2403 1742 2475 γὰρ
1766 2404 1935 2476 ήμην,

360 2503 467 2558 καὶ
519 2497 863 2569 συνηγάγετέ
911 2511 1012 2567 με·
1075 2494 1340 2550 ἐπείνασα
1364 2534 1379 2558 ,
1429 2495 1526 2549 καὶ
1566 2493 1808 2548 ἐδώκατὲ
1847 2513 1939 2565 μοι

361 2594 595 2661 φαγεῖνο
654 2588 905 2658 ἐδίψησα,
942 2586 1040 2640 καὶ
1071 2586 1361 2640 ἐποτίσατέ
1394 2599 1492 2655 με·
1533 2584 1737 2655 γυμνὸς
1765 2585 1937 2655 ἥμην,

364 2683 464 2737 καὶ
495 2679 848 2751 περιεϐάλετέ
879 2695 967 2748 με.
994 2694 1014 2730 ι
1054 2676 1215 2748 Αὑτῷ
1247 2678 1281 2747 ἡ
1310 2675 1438 2743 δόξα
1472 2678 1552 2739 εἰς
1582 2677 1709 2739 τοὺς
1735 2676 1940 2739 αἰῶνας

370 2773 485 2825 τῶν
516 2770 747 2825 αίὼνων.
792 2770 848 2822 Ἀ
858 2771 988 2841 μήν.

968 2971 1185 3045 ΛΟΓυΣ
1216 2966 1338 3037 ur.

852 3087 993 3154 Περὶ
1023 3084 1453 3169 φιλοπτωχίας.

454 3207 520 3261 Ἥ
539 3164 898 3276 ’φιλοπτωχία
932 3202 1029 3256 καὶ
1061 3202 1096 3271 'f;
1135 3178 1417 3269 φιλοξενία
1455 3169 1556 3252 ’δύο
1588 3196 1774 3251 κλάδοι
1803 3195 1942 3249 εἰσὶν
2031 3184 2036 3188 ’

367 3300 472 3371 τῆς
505 3296 761 3368 πιότητος
788 3295 884 3366 τῆς
917 3292 1132 3357 ἐλαίας,
1167 3287 1235 3364 ἧς
1263 3293 1291 3347 6
1317 3289 1528 3362 καρπὸς
1560 3288 1774 3359 μυρίζει
1802 3286 1941 3341 πάν·

368 3408 507 3455 τας,
562 3387 623 3453 ἐξ
660 3382 729 3458 ἦς
776 3385 1060 3454 ἀλείφεται
1100 3387 1127 3438 ὁ
1164 3384 1369 3454 Κύριος
1401 3382 1501 3452 τὴν
1531 3379 1807 3455 κεφαλὴν,
1847 3378 1951 3437 καὶ,

370 3484 499 3544 τοὺς
543 3463 741 3544 πόδας,
797 3479 892 3533 καὶ⁴
933 3477 1322 3547 ἀνταμείϐεται
1363 3476 1454 3528 τὸν
1495 3473 1808 3541 ἀλείφοντα,
1842 3471 1943 3541 βα-

373 3572 582 3637 σιλείαν
604 3570 888 3639 οὐρανῶν.
923 3570 983 3621 ὐ
1023 3567 1147 3637 γὰρι
1172 3565 1317 3620 οὕτω
1370 3564 1710 3633 φιλόπτωχος
1746 3562 1937 3617 ἀκούει

371 3663 468 3719 τοῦ
525 3662 772 3729 λέγοντος
794 3675 807 3688 ³
859 3679 876 3712 ι
901 3656 1286 3729 Ἐλεημοσύναι
1320 3650 1415 3708 καὶ
1444 3654 1625 3715 πίστις
1658 3651 1734 3723 μὴ
1764 3651 1937 3705 ἐκλει-

372 3754 638 3809 -πέτωσάν
668 3744 1001 3821 σε.Ἀφαψαι
1033 3751 1087 3804 δὲ
1119 3749 1287 3812 αὐτὰς
1316 3749 1409 3801 ἐπὶ
1439 3745 1516 3817 σῷ
1540 3745 1816 3817 τραχήλῳ,
1851 3745 1945 3798 καὶ

373 3828 631 3916 εὑρήσεις
658 3842 837 3913 χάριν.
867 3861 884 3893 ι
907 3871 976 3884 ιυ-
1008 3860 1024 3890 ι
1054 3840 1291 3912 Προνοοῦ
1318 3838 1461 3894 καλὰ
1485 3835 1714 3890 ὲνώπιον
1734 3834 1942 3905 Κυρίου

373 3936 473 3991 καὶ
506 3932 833 4007 ἀνθρώπων.
858 3952 875 3985 ι
899 3931 1039 3986 Καί·
1068 3949 1087 3983 ι
1130 3931 1273 3983 Ὀδοὶ
1298 3928 1540 3990 δικαίων,
1573 3927 1773 3996 ὁμοίως
1803 3924 1944 3995 φωτὶ

371 4029 705 4096 λάμπουσιν.
740 4020 1181 4095 Προπορεύονται
1214 4020 1310 4074 καὶ
1339 4017 1666 4089 φωτίζουσιν
1691 4015 1794 4079 ἓως
1820 4025 1945 4070 κατ-

372 4114 596 4189 ορθώσῃ
627 4116 660 4185 ἡ
694 4113 897 4185 ἡμέρα.
933 4130 952 4162 ι
1021 4110 1357 4165 Ἐντέλλεται
1386 4108 1444 4161 δὲ
1476 4108 1579 4161 καὶ-
1602 4108 1630 4161 6
1657 4107 1820 4178 νόμος
1852 4104 1942 4165 λέ,-

371 4222 520 4276 γων·
558 4225 576 4258 ι
600 4205 858 4273 ’Δνοίγων
887 4200 1121 4267 ἀνοίξεις
1150 4203 1251 4266 τὰς
1279 4200 1469 4285 χεῖράς
1498 4216 1591 4251 σου
1626 4198 1701 4269 τῷ
1732 4198 1940 4266 πένητι,

372 4298 462 4348 ἵνα
516 4296 589 4365 μὴ
636 4294 900 4364 βοῂσηται
952 4292 1096 4359 κατὰ
1139 4290 1235 4343 σοῦ
1274 4289 1422 4367 ,πρὸς
1464 4288 1727 4359 Κύριον.)
1785 4289 1844 4342 Ὀ
1884 4289 1942 4342 δὲ

2044 1867 2260 1923 discant
2289 1875 2474 1922 autem
2506 1874 2563 1922 et
2590 1865 2788 1931 nostri,
2805 1866 2969 1921 bonis
2991 1866 3257 1936 operibus
3283 1881 3524 1936 praeesse
3541 1868 3609 1921 ad

2044 1973 2178 2023 usus
2210 1957 2575 2023 necessarios,
2609 1966 2669 2011 ut
2698 1973 2809 2011 non
2836 1957 2948 2012 sint
2992 1956 3324 2013 infructuosi
3345 1957 3411 2011 τ’.
3448 1977 3466 2009 ι
3496 1958 3610 2012 lte-

2042 2064 2201 2103 rum:
2231 2067 2250 2099 ι
2279 2046 2495 2105 Salutat
2517 2062 2618 2111 vos
2634 2046 2814 2104 Caius
2835 2047 3041 2118 hospes
3076 2064 3234 2103 meus
3260 2057 3316 2103 et
3338 2049 3611 2104 universa:

2040 2139 2378 2204 Ecclesiae",
2416 2158 2435 2191 ι
2467 2155 2565 2210 pro
2590 2156 2658 2196 eo
2705 2140 2854 2211 quod
2879 2150 2985 2206 est,
3012 2147 3277 2210 exceptor
3327 2140 3607 2211 hospitum

2041 2230 2310 2285 omnium.
2341 2229 2611 2286 Dominus
2637 2246 2861 2302 quoque
2904 2247 3015 2287 una
3062 2246 3191 2287 cum
3233 2232 3611 2304 eleemosynas

2042 2320 2464 2377 conferentibus
2479 2323 2806 2393 peregrinos
2840 2322 2936 2392 qui
2968 2322 3273 2392 excipiunt,
3303 2322 3530 2377 advocat
3556 2338 3606 2377 s.

2043 2411 2320 2467 dicturum
2358 2428 2417 2468 se
2443 2412 2803 2483 pronuntiat:
2836 2432 2855 2464 ι
2881 2412 3099 2478 Venite,
3126 2412 3404 2468 benedicti
3430 2414 3611 2468 Patris

2042 2501 2171 2566 mei,
2226 2501 2507 2570 possidete
2560 2511 2810 2572 paratum
2858 2502 3020 2558 vobis
3084 2517 3314 2573 regnum
3352 2521 3365 2556 :
3401 2503 3608 2572 hospes

2040 2588 2187 2643 enim
2217 2604 2389 2655 eram,
2419 2598 2477 2644 et
2510 2589 2813 2661 collegistis
2847 2606 2956 2657 me,
2998 2590 3230 2656 esurivi,
3274 2599 3332 2646 et
3376 2590 3610 2646 dedistis

2043 2680 2177 2733 mihi
2209 2681 2585 2747 manducare;
2629 2681 2779 2736 silivi
2827 2690 2883 2737 et
2916 2683 3148 2738 dedistis
3193 2683 3327 2737 mihi
3380 2683 3607 2737 bibere:

2042 2770 2223 2824 nudus
2254 2787 2428 2835 eram,
2477 2780 2534 2826 et
2580 2772 2886 2842 operuistis
2920 2789 3008 2828 me
3024 2774 3091 2828 θ’.
3124 2792 3143 2825 ›
3187 2773 3293 2843 Ipsi
3344 2773 3518 2845 gloria
3552 2772 3609 2827 in

2043 2861 2259 2915 secula.
2294 2863 2486 2917 Amen.

2545 2976 2833 3033 IIOMILIA
2871 2978 3109 3035 XCVIII.

2240 3086 2315 3145 De
2349 3107 2528 3145 amore
2551 3100 2601 3144 et
2626 3092 2710 3162 pio
2755 3093 2941 3163 affectu
2977 3109 3103 3163 erga
3134 3108 3414 3164 pauperes.

2112 3205 2430 3275 Propensus
2456 3203 2545 3260 ille
2589 3203 2646 3259 in
2678 3219 2949 3275 pauperes
2981 3212 3038 3259 et
3082 3206 3406 3275 peregrinos
3434 3220 3608 3269 amor,

2040 3311 2229 3375 ramus
2261 3304 2497 3367 uterque
2530 3294 2735 3351 bifidus
2754 3304 2840 3350 est
2865 3295 3218 3366 pinguedinis
3241 3297 3420 3351 olivae:
3446 3299 3603 3367 cujus

2040 3378 2333 3458 utriusque
2364 3385 2581 3442 fructus
2614 3385 2839 3457 myrrha
2861 3401 3121 3455 perquam
3139 3400 3307 3440 suave
3338 3385 3606 3457 fragranti

2042 3475 2326 3545 perfundit
2351 3462 2665 3538 universos,
2695 3474 2854 3544 cujus
2874 3473 3165 3544 aspergine
3185 3472 3316 3527 sivit
3342 3474 3610 3531 Dominus

2000 3566 2005 3571 ’
2043 3560 2149 3639 Sibi
2186 3565 2379 3635 inungi
2409 3573 2466 3619 et
2496 3569 2663 3632 caput
2701 3571 2759 3617 et
2788 3563 3043 3633 pedes“.
3065 3562 3170 3618 Sed
3188 3571 3244 3619 et
3275 3563 3427 3620 hunc
3447 3582 3606 3621 suum

2042 3656 2392 3721 in_unctorem
2441 3654 2646 3709 vicaria
2693 3653 2950 3709 mercede
3008 3654 3347 3725 repignerat,
3406 3652 3635 3729 nemj'e'

2042 3761 2211 3817 regno
2234 3746 2499 3801 caelorum
2534 3745 2695 3800 talem
2729 3746 3008 3816 dignatur.
3034 3746 3270 3801 Prorsus
3302 3763 3606 3818 pauperum

2041 3845 2306 3892 amatora
2332 3837 2569 3891 Domino
2606 3844 2954 3906 promeretur
2982 3835 3201 3890 audire:
3250 3855 3267 3889 ι
3299 3836 3612 3894 Misericor-

2042 3929 2132 3984 dia
2158 3938 2215 3983 et
2249 3928 2386 3983 fides
2408 3942 2519 3982 non
2557 3937 2607 3982 te
2642 3927 2917 3991 deserant,
2942 3926 3100 3997 alliga
3125 3942 3221 3981 eas
3242 3928 3385 3981 collo
3409 3937 3527 3989 tuo.
3554 3941 3609 3983 ct

2042 4013 2294 4073 inveni-es
2319 4017 2549 4088 gratiam
2566 4017 2632 4070 “.
2672 4035 2689 4068 ι
2750 4016 2849 4071 Et:
2889 4037 2905 4067 ι
2937 4017 3170 4072 Provide
3224 4017 3367 4072 bona
3423 4034 3607 4073 coram

2040 4108 2278 4165 Domino
2303 4108 2783 4165 ethominibus".
2820 4127 2838 4159 ι
2880 4108 2980 4163 Ει;
3025 4127 3043 4160 ι
3080 4109 3192 4164 Viae
3231 4110 3506 4181 justorum
3550 4121 3606 4165 ut

2039 4197 2134 4251 lux
2158 4198 2472 4267 splendent,
2506 4197 2928 4268 proceduntque
2967 4198 3041 4254 et
3074 4194 3391 4256 illuminant
3433 4202 3611 4259 donec

2042 4287 2327 4342 illucescat
2355 4288 2560 4343 dies".
2595 4308 2614 4341 ι
2677 4278 2903 4344 Mandat‘
2928 4298 3110 4344 autem
3147 4299 3203 4345 et
3246 4290 3333 4346 lex
3380 4293 3604 4349 dicens;

373 4385 823 4454 Παροιμιαστής·
887 4400 905 4433 ι
946 4382 1099 4452 Ζωὴν
1132 4379 1227 4433 τοῦ
1261 4378 1475 4449 πτωχοῦ
1527 4380 1602 4447 μὴ
1632 4380 1939 4449 ἀποστερή-

2051 4396 2069 4428 ι
2105 4377 2377 4447 Aperiens
2407 4380 2623 4449 aperies
2641 4395 2839 4436 manus
2876 4389 3000 4436 tuas
3036 4383 3265 4453 pauperi
3298 4390 3360 4437 ut
3387 4400 3457 4440 ne
3495 4386 3607 4440 cla-

373 4490 496 4546 σῃς.
528 4492 548 4525 ι
614 4474 758 4527 Καί·
823 4491 841 4524 ι
882 4471 1075 4541 Ψυχὴν
1105 4468 1390 4546 πεινῶσαν*
1415 4470 1489 4539 μὴ
1516 4469 1797 4539 λυπήσῃς,
1842 4468 1939 4522 καὶ

375 4540 727 4637 παρελκύσῃς
770 4563 920 4618 δόσιν
965 4540 1347 4634 ἐπιδεομένου,
1386 4540 1586 4628 ιἱκέτην
1623 4558 1938 4629 Θλιϐόμενον

372 4653 453 4723 μὴ
480 4654 800 4719 ἁπαναίνου,
836 4654 929 4707 καὶ
963 4654 1037 4723 μὴ
1063 4651 1414 4723 ἀποστρέψεις
1441 4649 1503 4703 τὸ
1527 4649 1818 4719 πρόσωπόν
1842 4666 1937 4702 σου

368 4744 482 4799 ἀπὸ
508 4745 787 4816 πτωχοῦ.»
827 4745 937 4798 Kal
962 4745 1124 4800 πάλιν
1144 4761 1158 4774 ο
1213 4762 1230 4794 ι
1260 4744 1338 4813 Τῇ
1369 4734 1515 4812 ψυχῇ
1540 4740 1706 4793 αὑτοῦ
1734 4741 1937 4807 ἀγαθοε-

369 4836 518 4887 ποιεί
558 4815 1000 4906 ἀνὴριέλεήμων
1021 4874 1036 4899 ,
1093 4834 1342 4900 samum.
1374 4832 1431 4885 δὲ
1467 4831 1528 4895 τὸ
1555 4831 1751 4885 ἑαυτοῦ
1779 4832 1937 4902 σῶμα

368 4922 708 4993 ἀνελεήμων.
734 4941 752 4974 ι
793 4923 903 4978 Kal
931 4923 1272 4994 ό,προφήτης
1313 4923 1488 4992 Ὠσηὲ’
1510 4940 1527 4972 ι
1557 4921 1821 4993 Σπείρατε
1858 4921 1938 4983 είς

367 5013 755 5085 δικαιοσύνην,
810 5014 907 5068 καὶ
947 5014 1128 5079 ἔλεον,
1171 5013 1267 5068 xal
1295 5012 1472 5086 κρῖμα
1502 5015 1801 5084 φυλάσσου,
1840 5014 1937 5068 καὶ

369 5104 560 5173 ἔγγιζε
595 5107 729 5176 πρὸς
753 5096 844 5159 τὸν
871 5106 1004 5160 Θεόν
1029 5123 1122 5160 σου
1153 5106 1242 5160 διὰ
1268 5106 1519 5168 παντός.»
1554 5107 1665 5160 Kal
1688 5106 1716 5158 6
1738 5105 1938 5176 Δανιὴλ

369 5194 447 5264 τῷ
474 5182 960 5269 Ναϐουχοδονόσωρ
983 5214 999 5231 ο
1029 5216 1048 5250 ι
1069 5197 1132 5251 Ἦ
1167 5195 1329 5268 βουλή
1362 5214 1485 5267 μου,
1518 5197 1702 5268 φησὶν,
1736 5199 1938 5268 ἁρετά-

368 5303 447 5338 τω
477 5303 581 5351 σοι,
617 5287 860 5359 βασιλεῦ,
888 5289 986 5351 τὰς
1014 5289 1293 5360 ἁμαρτίας
1321 5305 1415 5340 σου
1450 5290 1508 5340 ὲν
1535 5288 1935 5358 ὲλεημοσύναις

372 5374 669 5445 λύτρωσαι,
705 5377 799 5429 καὶ
829 5376 925 5440 τὰς
952 5378 1162 5440 ἀδικίας
1195 5394 1291 5430 σου
1348 5381 1405 5430 ὲν
1434 5379 1740 5446 οίκτιρμοῐς
1769 5383 1932 5431 πενή-

441 5553 608 5607 “Isa.
665 5571 813 5620 Lml,
850 5557 933 5619 10,
984 5554 1068 5613 ll.
1156 5560 1391 5616 "II-chr.
1440 5578 1557 5619 χιιι.
1594 5563 1644 5625 1,
1680 5563 1733 5616 2.

2044 4477 2161 4549 met
2180 4477 2376 4524 contra
2412 4477 2462 4524 te
2484 4470 2551 4524 ad
2575 4471 2872 4527 Dominum
2895 4473 2961 4526 τ’.
3000 4491 3018 4524 ι
3043 4474 3433 4548 Ροιπαξῐιιὶιιςῑοε
3455 4492 3606 4531 vero:

2049 4581 2068 4614 ι
2103 4562 2283 4618 Vitam
2315 4564 2575 4633 pauperis
2597 4581 2668 4621 ne
2699 4565 3078 4623 defraudes".
3115 4586 3133 4620 ι
3163 4566 3265 4622 Ει;
3305 4587 3322 4619 ι
3356 4568 3609 4625 Animam

2042 4655 2350 4717 esurientis
2369 4672 2440 4711 ne
2459 4657 2891 4724 contristaveris,
2917 4668 2973 4713 et
2993 4675 3063 4716 ne
3085 4662 3385 4718 retraxeris
3402 4662 3608 4719 donum

2043 4748 2113 4801 ab
2147 4747 2430 4818 indigente
2451 4768 2469 4802 :
2498 4749 2764 4806 famulum
2791 4752 3050 4808 amictum
3084 4769 3155 4809 ne
3185 4754 3434 4823 abjicias,
3465 4766 3610 4812 etne

2030 4845 2263 4899 avertas
2320 4838 2519 4894 faciem
2566 4851 2716 4896 tuam
2775 4858 2806 4897 a
2860 4859 3105 4914 paupere
3141 4845 3219 4901 ".
3278 4864 3299 4897 ι
3364 4847 3606 4904 lterum:

2047 4946 2065 4978 ι
2086 4929 2299 4984 Animae
2320 4945 2433 4986 sua:
2455 4931 2732 4989 benefaeit
2754 4933 2838 4989 vir
2853 4936 3191 5003 misericors,
3219 4938 3402 5008 perdit
3424 4951 3607 4994 autem

2031 5017 2205 5074 suum
2261 5035 2467 5091 corpus
2519 5023 2999 5081 immisericors".
3037 5045 3057 5078 ι
3115 5028 3387 5097 Propheta
3433 5027 3604 5083 Osce:

2045 5126 2064 5159 ι
2098 5109 2319 5165 Semina
2353 5112 2408 5166 in
2453 5114 2672 5182 justitia
2715 5116 3176 5180 misericordiam,
3235 5126 3291 5172 et
3338 5118 3606 5187 judicium

2040 5200 2285 5266 custodi,
2304 5210 2360 5257 et
2383 5205 2768 5275 appropinqua
2791 5206 2859 5261 ad
2877 5207 3048 5261 Deum
3075 5214 3228 5260 tuum
3253 5220 3473 5276 semper
3489 5211 3553 5264 7".
3585 5231 3602 5261 ι

2043 5292 2234 5347 Daniel
2261 5310 2484 5365 quoque
2540 5298 3053 5353 Nabuchodonosor
3094 5298 3205 5353 ait:
3252 5318 3271 5350 ι
3301 5298 3605 5357 Consilium

2042 5399 2226 5439 meum
2252 5386 2468 5454 placeat
2497 5389 2619 5452 tibi,
2648 5403 2680 5442 ο
2700 5404 2795 5442 rex
2833 5406 2846 5441 :
2880 5396 3101 5458 peccata
3129 5397 3221 5444 tua
3239 5390 3608 5464 eleemosynis

411 5563 629 5637 3'15“;
665 5571 813 5620 “’"h
850 5563 1130 5637 '°;_“-__
1156 5563 1204 5637 ῗῖ
1224 5563 1391 5637 "<1"-
1440 5563 1733 5637 κυιιβνξέ·
1807 5564 1851 5637 '1
1884 5565 1938 5637 ib

2041 5566 2114 5621 l6.
2177 5566 2269 5620 "I
2310 5564 2451 5621 Pctr.
2489 5582 2559 5624 IV.
2593 5565 2646 5619 9.
2732 5564 2839 5619 “II
2863 5565 2988 5621 Cor.
3024 5582 3140 5625 vm.
3167 5567 3255 5622 13.
3298 5567 3343 5599 ⁸³
3378 5566 3486 5622 Tit.
3524 5580 3610 5631 ιιι,

373 5621 485 5704 3.5;
517 5624 561 5654 ιο
596 5625 725 5676 nu...
758 5644 888 5704 ⁵ιενι,
919 5630 1027 5704 es;
1089 5633 1130 5663 ετ
1160 5631 1349 5704 nun.
1384 5621 1739 5704 “$54.35.
1810 5635 1854 5665 σε
1887 5634 1939 5688 ιε

2066 5653 2166 5696 vn.
2199 5637 2265 5690 57
2293 5653 2445 5704 seqq.

2530 5638 2573 5667 “9
2605 5637 2761 5689 Prov.
2796 5654 2874 5701 Ill,
2903 5638 2956 5693 5.
3040 5637 3087 5667 ⁷⁸
3111 5638 3150 5691 II
3184 5638 3309 5693 Cor.
3357 5654 3470 5705 vui,
3517 5637 3610 5690 21.

318 5710 327 5715 η
374 5690 420 5721 ’¹
447 5694 607 5748 Prov.
642 5709 715 5762 Iv,
751 5698 839 5752 l8.
920 5698 968 5729 τ’
998 5700 1155 5755 Deut.
1192 5717 1277 5765 xv,
1314 5703 1365 5756 8.
1435 5701 1479 5732 ⁷³
1504 5690 1673 5758 Eccli.
1708 5720 1780 5769 iv,
1809 5706 1862 5760 l.
1934 5709 1939 5735 τ

2041 5690 2211 5766 $1.92.
2239 5690 2311 5760 3(
2364 5690 2609 5763 “Prov.
2638 5724 2711 5772 SI,
2752 5706 2832 5761 I7.
2865 5690 2874 5701 ’
2924 5690 2966 5739 ⁷⁸
2993 5690 3331 5776 Οςοειιξνίέ.
