3918 6106
301 325 437 393 ῙἿΒἹ

876 292 1262 385 ‘HOMILIA
1302 324 1377 385 CI
1436 349 1505 377 -—.
1544 322 1697 381 NON
1740 320 2149 381 NITENDUM
2183 311 2552 377 PROPRIIS
2588 315 2927 379 VIRIBUS.

3410 311 3546 375 1738

291 441 488 513 πίητε,
516 440 550 510 ἢ
578 438 632 492 τί
671 430 1041 507 περιϐάλησθε
1063 450 1078 464 ·
1107 430 1252 488 οἶδεν
1304 433 1413 505 γὰρ
1445 435 1473 487 6
1504 431 1694 502 Πατὴρ
1724 428 1880 498 ὑμῶν

2006 428 2120 483 iciti
2152 442 2274 482 esse
2318 423 2450 513 quid
2500 425 2861 483 manducetis.
2910 431 3007 477 ant
3030 422 3169 490 quid
3196 421 3423 485 bibatis,
3445 432 3547 476 .ant

291 524 374 586 ὧν
417 529 610 599 χρείαν
662 525 832 597 ἔχετε.
871 548 891 579 ι
942 551 1015 566 --
1065 542 1084 576 ι
1117 525 1449 594 Ζητήσωμεν
1487 522 1546 575 δὲ
1598 522 1739 573 κατὰ
1781 519 1876 572 τὸν

1981 533 2092 587 quo
2132 510 2466 584 operiamini
2502 533 2515 567 :
2566 515 2671 567 scit
2715 514 2863 567 enim
2916 513 3077 566 Pater
3123 520 3302 565 vester
3346 510 3549 579 quibus

289 622 460 688 λόγον
485 617 651 671 αὑτοῦ
683 617 896 686 πρῶτον
921 617 1024 687 τὴν
1056 614 1335 685 βασιλείαν
1370 612 1466 666 τοῦ
1502 611 1640 665 Θεοῦ
1662 611 1754 663 καὶ
1778 609 1876 679 τὴν

2002 623 2121 677 lpus
2148 607 2220 661 sit
2244 608 2311 660 ¹¹.
2349 624 2367 656 ι
2397 634 2465 647 -
2488 625 2506 657 ι
2535 604 2860 670 Quaeramus
2883 611 3088 665 autem,
3120 602 3275 670 juxta
3302 601 3547 671 ejusdem

286 707 650 775 δικαιοσύνην
675 705 863 765 αὐτοῦ,
894 724 912 757 ι
957 706 1045 758 ἵνα
1075 707 1212 775 μετὰ
1241 704 1349 756 τῶν
1379 702 1635 769 ὲπιγείων
1686 700 1783 754 καὶ
1810 701 1878 753 τὰ

2002 699 2236 761 rerbum,
2257 698 2495 767 primum
2520 710 2747 767 regnum
2773 695 2867 748 Dei
2897 691 3237 761 etjustitiam
3264 694 3384 759 ejus
3412 694 3451 721 ²²
3477 708 3494 745 :
3526 711 3545 743 ι

289 800 531 870 οὐράνια
581 798 1103 867 κληρονομήσωμεν.
1132 793 1547 870 ,Μιμησώμεθα
1584 793 1709 854 τοὺς
1755 790 1877 845 Μά-

284 908 456 959 γους,
480 890 676 952 οἵτινες
699 890 759 941 οὑ
789 889 949 957 μόνον
973 889 1072 940 οὐκ
1114 886 1462 956 ἐφοϐήθησαν
1490 885 1582 938 τὸν
1611 883 1877 954 Ἡρώδην,

287 982 442 1037 ἀλλὰ
484 983 577 1034 καὶ
608 978 896 1044 ἐνέπαιξαν
929 979 1098 1049 αὐτῷ,
1142 979 1209 1032 δι’
1242 978 1411 1048 ἄλλης
1437 977 1558 1031 ὁδοῦ
1589 976 1880 1046 ἀναχωρή-

286 1089 505 1135 σαντες
540 1073 621 1131 είς
658 1070 755 1142 τὴν
790 1071 974 1142 χώραν
1020 1069 1200 1124 αὐτῶν
1225 1085 1239 1099 °
1282 1069 1376 1123 καὶ
1411 1070 1510 1139 τήν
1559 1068 1740 1120 πίστιν
1780 1069 1883 1136 τῆς

287 1161 733 1234 αἱμορροούσης,
755 1163 896 1231 ἥτις,
918 1160 1291 1231 παρωσαμένη
1310 1162 1434 1222 τοὺς
1470 1159 1707 1228 ἰατροὺς,
1723 1157 1881 1211 bruc-

288 1253 396 1307 θεν
413 1254 596 1324 ἥψατο
623 1255 716 1308 τοῦ
750 1254 1057 1325 κρασπέδου
1076 1253 1170 1307 τοῦ
1200 1253 1415 1323 ίματίου
1430 1250 1525 1305 τοῦ
1549 1253 1773 1323 Κυρίου,
1791 1253 1885 1306 καὶ

291 1346 658 1415 παραχρῆμα
693 1346 839 1415 ίάθη.
871 1346 982 1399 Καὶ
1026 1346 1210 1415 ἡμεῖς,
1260 1347 1339 1408 εἰς
1375 1345 1467 1398 τὸν
1498 1344 1702 1415 Κύριον
1734 1343 1886 1413 ἕχον-

289 1454 396 1500 ·τες
436 1437 538 1500 τὰς
571 1436 813 1503 ἐλπίδας,
838 1434 1154 1509 δοξάσωμεν
1197 1437 1362 1491 αὑτὸν
1390 1438 1472 1501 είς
1511 1438 1637 1500 τοὺς
1660 1434 1882 1498 αἰῶνας.

306 1529 376 1583 ’Δ
384 1530 522 1601 μήν.

911 1728 1133 1782 ΛΟΓΟΣ
1163 1729 1284 1781 PA'.

410 1840 554 1910 Περὶ
582 1840 688 1895 τοῦ
711 1843 798 1910 μὴ
828 1840 1175 1895 πεποιθέναι
1205 1840 1302 1893 ἐπὶ
1332 1834 1407 1907 τῇ
1439 1839 1555 1906 ὶδιᾳ
1579 1840 1767 1907 ἰσχύϊ.

393 1954 488 2015 Ὠς
523 1954 807 2018 ἀπέδειξεν
840 1958 867 2007 ὁ
896 1954 1052 2022 λόγος
1089 1956 1170 2008 ὃτι
1199 1953 1456 2024 ἀθέμιτόν
1482 1956 1630 2008 ἐστιν
1654 1952 1893 2018 ἐλπίζειν

304 2043 405 2099 ἐπ’
458 2045 786 2113 ἄνθρωπον,
842 2047 938 2097 καὶ
983 2046 1424 2115 ὲπικατάρατον·
1467 2043 1639 2108 οὕτως
1696 2046 1895 2098 ὲπαναυ

299 2137 559 2192 τείνεται
594 2137 685 2189 τὸν
722 2137 1017 2189 πεποιθότα
1051 2138 1145 2189 ἐπὶ
1188 2140 1252 2207 τῇ
1300 2137 1403 2208 ίδίᾳ
1447 2136 1614 2207 ίσχύῖ.
1668 2136 1889 2207 Πρῶτος

302 2229 502 2281 τοίνυν
551 2229 791 2295 Μωῦσὴς
852 2230 1258 2299 παραγγέλλει,
1308 2226 1518 2295 λέγων,
1588 2247 1606 2278 ι
1654 2228 1894 2297 Πρόσεχε

305 2319 536 2390 σεαυτῷ
598 2321 670 2389 μὴ
713 2320 870 2391 εἴπῃς
898 2323 957 2371 ὲν
994 2323 1059 2391 τῇ
1102 2321 1300 2390 καρδίᾳ
1340 2337 1452 2383 σου,
1499 2319 1561 2372 Ἡ
1607 2300 1759 2388 laid;
1794 2335 1894 2389 μου

307 2412 413 2463 καὶ
451 2412 513 2463 τὸ
542 2414 740 2479 κράτος
772 2410 871 2478 τῆς
899 2411 1079 2480 ἰσχύος
1116 2428 1214 2479 μου
1241 2410 1496 2480 ἐποίησεν
1529 2412 1628 2477 τὴν
1666 2409 1897 2478 δύναμιν

308 2501 553 2568 ταύτην.
598 2500 706 2552 Καὶ
754 2499 1043 2570 μνησθήσῃ
1096 2500 1299 2571 Κυρίου
1332 2500 1423 2553 τοῦ
1473 2500 1606 2552 Θεοῦ
1656 2516 1770 2566 σου,
1815 2502 1898 2554 ὅτι

312 2591 488 2651 αὐτὸς
520 2590 704 2642 δῖδωσί
739 2605 819 2641 σοι
862 2593 1030 2659 ἰσχύν.
1062 2610 1080 2642 ι
1130 2591 1359 2659 Ὁμοίως
1408 2590 1498 2644 καί
1543 2594 1571 2644 6
1615 2594 1899 2662 προφήτης

328 2682 520 2750 Ἀμώς
548 2698 711 2749 φησιν
733 2697 747 2713 ο
786 2701 804 2731 ι
844 2681 902 2733 Ὀ
937 2684 1185 2752 μαχητὴς
1212 2684 1274 2736 οὐ
1309 2683 1382 2753 μὴ
1410 2681 1572 2735 σώσει
1599 2682 1698 2752 τὴν
1726 2682 1899 2752 ψυχὴν

316 2770 527 2825 αὑτοῦ·
562 2776 655 2823 καὶ
682 2774 708 2823 6
741 2772 866 2838 ὀξὺς
895 2776 1005 2834 τοῖς
1030 2774 1186 2826 ποσὶν
1205 2772 1369 2824 αὑτοῦ
1396 2774 1457 2825 οὑ
1487 2774 1561 2843 μὴ
1579 2774 1839 2845 διασωθῇ.
1875 2793 1894 2826 ι

316 2864 434 2916 Καὶ
476 2863 624 2931 ήτοῦ
661 2880 765 2933 προ
779 2867 938 2932 ιῑήτου
972 2864 1229 2934 Σαμουὴλ
1267 2866 1449 2935 μήτηρ
1482 2867 1648 2917 ’Δννα
1678 2867 1862 2934 ἔλεγεν
1884 2882 1897 2897 ·

323 2972 344 3003 ο
388 2953 484 3022 Μὴ
525 2954 819 3023 καυχάσθω
865 2958 893 3008 6
938 2955 1161 3019 δυνατὸς
1209 2959 1267 3009 ὲν
1314 2961 1381 3026 τῇ
1430 2957 1657 3026 δυνάμει
1698 2958 1897 3010 αὑτοῦ·

317 3047 407 3098 ὃτι
464 3047 563 3098 οὐκ
644 3049 700 3099 ὲν
759 3047 905 3116 ἰσχύϊ
957 3048 1179 3111 δυνατὸς
1236 3050 1408 3120 ἁνήρ·
1468 3052 1620 3115 τόξον
1677 3050 1900 3103 δυνατὸν

1984 798 2044 844 ut
2090 804 2210 843 cum
2265 789 2384 844 istis
2434 786 2669 842 terrenis
2727 783 2998 855 praesidiis
3042 782 3286 839 caelestia
3334 797 3553 852 quoque

1984 878 2386 949 possideamus.
2421 878 2708 932 Imitemur
2743 876 2867 929 illos
2904 876 3083 944 Magos
3119 874 3213 939 qui
3245 874 3385 928 adeo
3415 875 3553 928 nihil

1985 966 2256 1022 Herodem
2302 954 2698 1029 extimuerunt,
2731 975 2793 1020 ut
2838 966 3003 1019 etiam
3056 963 3427 1026 illuserintei,
3459 982 3557 1034 per

1986 1060 2150 1113 aliam
2207 1061 2350 1113 viam
2391 1058 2623 1129 regressi
2669 1058 2724 1111 in
2772 1057 3054 1111 civitatem
3083 1071 3236 1109 suam
3268 1056 3334 1107 ’³.
3368 1055 3557 1111 Fidem

1988 1151 2425 1220 contemplemur
2445 1150 2925 1212 haemorrhoousaz,
2950 1162 3093 1217 quae,
3118 1145 3348 1201 medicis
3370 1148 3526 1218 negle
3541 1179 3556 1190 -

1989 1243 2120 1295 etim
2175 1243 2378 1297 habitis
2427 1251 2482 1296 et
2540 1242 2900 1302 transmissis,
2950 1249 3099 1293 retro
3141 1238 3411 1294 accedens
3451 1238 3558 1293 Do-

1990 1337 2161 1400 mino,
2195 1349 2350 1388 oram
2379 1335 2557 1405 attigit
2609 1335 2780 1389 vestis
2831 1330 3149 1392 Dominicae,
3203 1338 3261 1382 et
3307 1329 3363 1383 in
3394 1332 3561 1385 vesti-

1990 1425 2080 1495 gio
2126 1425 2346 1481 sanitati
2394 1434 2482 1480 est
2513 1425 2766 1480 restituta
2800 1424 2866 1477 “.
2901 1423 3012 1478 Nos
3037 1424 3206 1494 igitur
3232 1422 3328 1495 qui
3367 1422 3466 1478 toti
3494 1439 3561 1479 ex

1991 1515 2215 1573 Christo
2265 1531 2360 1586 spe
2392 1517 2599 1586 optima
2644 1516 2971 1586 pendemus,
3015 1516 3387 1587 gloriﬁcemus
3433 1532 3561 1575 eum

1993 1607 2050 1663 in
2098 1608 2319 1663 saecula.
2381 1608 2576 1663 Amen.
3129 1614 3139 1624 '

2568 1722 2852 1779 HOMILIA
2893 1722 2977 1779 Cl.

2151 1838 2231 1893 Ne
2267 1855 2375 1910 qua
2403 1838 2600 1909 ﬁducia
2635 1839 2873 1893 nitamur
2921 1839 3148 1909 propriis
3192 1838 3407 1895 viribus.

2062 1953 2535 2019 Quemadmodum
2600 1969 2783 2010 sermo
2830 1954 2985 2023 prior
3031 1969 3288 2023 expresse
3351 1953 3561 2015 docuit.

1993 2045 2201 2099 nemini
2244 2046 2417 2100 licere
2442 2062 2594 2115 spem
2639 2062 2792 2101 suam
2831 2046 2885 2100 in
2919 2062 3091 2101 unum
3125 2047 3361 2115 aliquem
3392 2048 3566 2118 proji-

1995 2151 2124 2190 cere
2169 2137 2510 2201 mortaiium,
2559 2144 2616 2191 et
2656 2137 2748 2206 qui
2796 2134 2919 2190 talis
2964 2136 3056 2198 sit,
3085 2134 3378 2194 maledicto
3409 2134 3564 2189 reddi

1995 2227 2420 2281 obnoxium~:ita
2445 2236 2503 2281 et
2537 2227 2627 2282 hic
2660 2227 3050 2281 interminatur
3071 2227 3422 2296 etpercellit,
3455 2242 3565 2282 non

1996 2318 2200 2389 dispari
2229 2334 2460 2374 censura
2515 2334 2640 2375 eum
2676 2319 2772 2388 qui
2817 2318 3169 2389 prmfidenter
3211 2321 3451 2389 propriis
3481 2323 3568 2375 ni—

1998 2411 2135 2464 titur
2151 2411 2386 2465 viribus.
2412 2411 2630 2465 Primus
2654 2411 2837 2479 itaque
2862 2409 3038 2465 Moses
3071 2411 3318 2481 praecipit
3339 2412 3565 2468 dicens:

2005 2522 2024 2553 ι
2048 2506 2279 2557 Attende
2310 2503 2407 2556 tibi
2443 2518 2514 2557 ne
2538 2502 2691 2556 dicas
2721 2502 2776 2555 in
2810 2502 2975 2556 corde
3003 2513 3118 2563 tuo,
3153 2503 3419 2557 fortitudo
3449 2521 3568 2560 mea

1999 2606 2056 2649 et
2102 2594 2272 2649 robur
2332 2594 2678 2649 fortitudinis
2724 2608 2861 2647 mea:
2903 2593 3034 2647 fecit
3081 2594 3215 2647 mihi
3269 2596 3569 2664 potentiam

1999 2685 2181 2749 hanc;
2214 2685 2309 2739 sed
2345 2684 2638 2738 recordare
2685 2684 2902 2738 Domini
2946 2684 3043 2739 Dei
3080 2686 3158 2738 tui
3206 2686 3300 2754 qui
3336 2686 3450 2756 ipse
3478 2686 3573 2741 dat

2002 2778 2101 2832 tibi
2135 2776 2517 2831 fortitudinem
2553 2777 2619 2830 ”.
2658 2794 2676 2825 ι
2730 2776 2841 2830 Nec
2880 2777 2988 2831 alio
3041 2787 3251 2846 spectat
3281 2777 3416 2831 illud
3447 2793 3574 2848 pro-

2001 2869 2179 2939 pheta:
2223 2869 2391 2922 Amos
2432 2885 2447 2921 :
2504 2886 2524 2919 ι
2570 2869 2844 2938 Pugnator
2888 2884 2996 2922 non
3047 2869 3279 2923 salvabit
3332 2870 3569 2924 animam

2002 2977 2180 3026 suam,
2222 2970 2291 3021 ~et
2321 2960 2477 3015 velox
2525 2974 2645 3013 non,
2673 2959 2976 3015 saivabitur
3024 2960 3260 3029 pedibus
3292 2961 3407 3015 suis
3440 2962 3505 3015 “.
3544 2982 3564 3014 ι

2004 3052 2109 3106 Sed
2150 3061 2206 3107 et
2244 3053 2397 3106 Anna
2450 3053 2539 3106 illa
2589 3051 2861 3107 Samuelis
2910 3052 3188 3122 prophetae
3218 3060 3393 3108 mater
3419 3053 3574 3108 dice-

320 3137 652 3207 ἠσθένησεν,
691 3139 785 3190 καὶ
814 3139 862 3190 oi
894 3139 1249 3203 ἀσθενοῦντες
1295 3140 1697 3210 περιεζώσαντο
1738 3141 1896 3194 δύναο

2002 3142 2096 3196 bat
2130 3159 2143 3195 :
2198 3161 2215 3192 ι
2243 3141 2320 3196 Nc
2352 3141 2620 3211 glorietur
2662 3149 2858 3209 potens
2901 3115 2956 3195 in
2996 3115 3241 3210 potentia
3293 3157 3410 3204 sua,
3443 3144 3574 3213 quia

326 3244 447 3296 μιν.
467 3244 487 3276 ι
521 3229 628 3279 Καὶ
655 3230 713 3280 ὲν
744 3231 861 3290 ταῖς
886 3228 1212 3297 Παροιμίαις
1234 3247 1245 3255 ·
1280 3247 1297 3280 ι
1335 3231 1527 3292 Ἵππος
1558 3231 1900 3299 ἑτοιμάζεται

322 3325 406 3385 είς
444 3323 655 3392 ἡμέραν
692 3324 950 3392 πολέμου,
983 3325 1133 3395 παρὰ
1175 3325 1229 3378 δὲ
1273 3325 1473 3395 Κυρίου
1521 3327 1553 3396 ὴ
1601 3325 1842 3397 βοήθεια.
1877 3345 1895 3377 ι

324 3416 441 3468 Kal
473 3418 501 3467 6
539 3413 862 3486 Ψαλμῳδός·
903 3436 921 3466 ι
951 3418 1065 3471 Οὐκ
1104 3419 1161 3468 ὲν
1190 3421 1255 3488 τῇ
1290 3418 1576 3487 δυναστείᾳ
1604 3420 1698 3471 τοῦ
1735 3419 1901 3472 ἵππου

323 3506 565 3577 θελήσει,
599 3508 719 3559 οὐδὲ
766 3510 823 3559 ἐν
875 3512 995 3571 ταῖς
1024 3513 1261 3577 κνήμαις
1296 3511 1389 3562 τοῦ
1439 3510 1631 3579 ἀνδρὸς
1672 3512 1899 3566 εὐδοκεῖ.

326 3598 410 3650 Οὐ
452 3596 559 3664 γὰρ
585 3596 817 3659 σώζεται
850 3600 1105 3667 βασιλεὺς
1143 3601 1231 3653 διὰ
1273 3601 1476 3671 πολλὴν
1512 3603 1760 3672 δὶναμιν.
1796 3604 1904 3656 Καὶ

325 3687 497 3755 γίγας
527 3688 587 3739 οὐ
621 3688 927 3759 σωθήσεται
957 3693 1013 3743 ὲν
1042 3691 1239 3761 πλήθει
1271 3692 1453 3761 ἰσχύος
1478 3694 1665 3748 αὑτοῦ.
1687 3712 1706 3745 ι
1746 3694 1906 3748 Ἀλλὰ

326 3779 455 3840 καὶ,
493 3796 511 3828 ι
539 3777 755 3847 Ψευδὴς
803 3779 968 3843 ἵππος
1015 3780 1095 3842 είς
1143 3780 1449 3849 σωτηρίαν·
1499 3786 1556 3836 ἐν
1605 3783 1679 3835 δὲ,
1711 3783 1905 3852 πλήθει

326 3867 618 3935 δυνάμεως
650 3867 814 3919 αὐτοῦ
843 3870 903 3921 οὐ
937 3868 1263 3937 σωθήσεται.
1306 3868 1444 3922 Οὔτε
1484 3869 1544 3922 δὲ
1591 3869 1701 3939 ἐγὼ
1739 3870 1907 3923 ἐλπιῶ

326 3962 428 4012 ἐπὶ
473 3957 535 4011 τὸ
578 3959 730 4023 τόξον
779 3976 914 4028 μου·
967 3961 1027 4011 οὐ
1078 3960 1189 4029 γὰρ
1251 3959 1411 4023 σώζει
1466 3977 1534 4028 με
1580 3963 1610 4030 ή
1668 3961 1908 4030 ῥομφαία

330 4068 443 4121 μου
466 4067 481 4081 ο
522 4070 539 4100 ι
573 4049 708 4103 ἀλλὰ
744 4051 830 4114 σὺ,
860 4052 1051 4119 Κύριε,
1073 4052 1246 4104 σῶσόν
1279 4070 1345 4121 με
1382 4054 1443 4104 ἐκ
1470 4055 1578 4104 τῶν
1619 4053 1907 4106 θλιϐόντων

333 4155 426 4208 με,
467 4139 835 4206 Καταίσχυνον
878 4142 1009 4202 τοὺς
1048 4140 1338 4209 μισοῦντάς
1387 4160 1473 4208 με.
1517 4143 1597 4195 ὅτι
1649 4145 1711 4194 σὺ
1750 4144 1908 4211 μόνος

330 4223 385 4280 εἷ
416 4229 446 4279 ό
478 4227 740 4297 ῥυόμενος
766 4229 978 4297 πτωχὸν
1002 4230 1063 4281 ἐκ
1098 4228 1277 4299 χειρὸς
1306 4232 1685 4302 στερεωτέρων
1706 4232 1869 4285 αὑτοῦ
1894 4251 1905 4262 ·

332 4321 434 4372 καὶ
462 4321 672 4388 πτωχὸν
706 4320 799 4373 καὶ
847 4323 1054 4387 πένητα
1089 4323 1196 4375 ἀπὸ
1229 4323 1339 4374 τῶν
1376 4322 1782 4392 διαρπαζόντων
1811 4325 1910 4375 αὺ-

2001 3248 2110 3287 non
2150 3233 2202 3286 in
2248 3232 2573 3287 fortitudine
2620 3242 2816 3302 potens
2866 3232 2983 3295 vir;
3035 3248 3222 3287 arcum
3271 3235 3419 3288 enim
3475 3250 3574 3304 po-

2005 3324 2237 3376 tentium
2263 3322 2578 3386 iniirmavit,
2600 3321 2801 3374 infirmi
2819 3321 3053 3375 accincti
3085 3331 3208 3375 sunt
3234 3324 3433 3391 robore
3458 3324 3524 3376 ".
3548 3345 3568 3378 ι

2003 3413 2063 3468 in
2100 3414 2416 3468 Proverbiis
2449 3430 2462 3466 :
2500 3432 2517 3463 ι
2553 3412 2743 3479 Equus
2773 3421 3000 3478 paratur
3028 3411 3083 3463 in
3107 3411 3196 3465 die
3221 3411 3371 3474 belli,
3401 3427 3430 3465 a
3461 3411 3571 3465 Do-

2005 3502 2155 3555 mino
2206 3510 2390 3553 autem
2444 3501 2594 3552 venit
2643 3498 2908 3551 auxilium
2956 3498 3023 3551 ’⁸.
3060 3517 3079 3549 ι
3114 3499 3323 3552 Psaltes
3353 3501 3570 3570 regius:

2011 3609 2029 3641 ι
2066 3591 2184 3643 Non
2221 3591 2276 3642 in
2304 3589 2630 3643 fortitudine
2659 3588 2786 3656 equi
2829 3588 3165 3643 voluntatem
3202 3590 3445 3657 habebit,
3475 3608 3575 3649 nec

2006 3678 2063 3733 in
2119 3679 2270 3733 tibiis
2321 3679 2422 3732 viri
2480 3678 2884 3746 beneplacitum
2916 3689 3001 3734 est
3050 3680 3102 3734 ei
3137 3681 3200 3733 ³⁸.
3261 3681 3380 3736 Νοιι
3425 3684 3573 3738 enim

2006 3772 2244 3826 salvatur
2289 3787 2382 3825 rex
2417 3787 2514 3841 per
2551 3775 2775 3826 multam
2829 3774 3112 3837 virtutem,
3161 3783 3220 3829 et
3265 3775 3415 3845 gigas
3464 3791 3573 3831 non

2007 3863 2310 3916 salvabitur
2335 3864 2387 3916 in
2419 3863 2773 3919 multitudine
2801 3864 3148 3919 fortitudinis
3178 3880 3291 3920 sua:
3315 3867 3381 3919 ³ο.
3414 3887 3433 3916 ι
3467 3868 3571 3922 Sed

2007 3964 2109 4009 et:
2149 3974 2168 4006 ι
2204 3955 2433 4025 Mendax
2475 3971 2656 4024 equus
2706 3955 2773 4010 ad
2822 3956 3077 4022 salutem,
3119 3956 3175 4010 in
3221 3957 3577 4015 multitudine

2008 4047 2232 4101 virtutis
2267 4062 2382 4101 sua:
2424 4061 2533 4100 non
2587 4047 2894 4101 salvabitur
2938 4047 3024 4097 ηε
3073 4063 3252 4116 neque
3284 4050 3433 4102 enim
3475 4063 3577 4119 ego

2008 4138 2248 4207 sperabo
2301 4138 2355 4191 in
2404 4152 2533 4191 arcu
2568 4152 2692 4191 meo
2723 4154 2736 4190 :
2769 4154 2877 4191 non
2904 4138 3051 4191 enim
3087 4139 3317 4192 salvabit
3345 4154 3431 4194 me
3460 4141 3577 4211 gla-

2008 4229 2140 4282 dius
2170 4243 2327 4282 meus
2368 4228 2446 4293 ³²;
2479 4248 2497 4278 ι
2520 4229 2621 4281 ‘sed
2649 4238 2728 4287 tu.
2759 4229 3009 4294 Domine,
3059 4232 3268 4282 salvum
3297 4245 3384 4284 me
3427 4232 3514 4285 fac
3540 4248 3577 4288 a

2012 4316 2409 4370 tribulautibus
2435 4330 2544 4377 ιιιθ,
2582 4321 2794 4385 pudore
2818 4325 2875 4368 et
2911 4315 3236 4370 confusione
3259 4332 3356 4370 eos
3387 4332 3580 4387 asper-

329 4411 453 4464 τόν.
504 4411 590 4462 Ἐν
623 4413 706 4463 συὶ
736 4414 845 4481 γὰρ
877 4410 1078 4481 ζῶμεν,
1110 4415 1203 4465 καὶ
1240 4411 1556 4483 κινούμεθα,
1598 4415 1690 4467 καὶ
1722 4416 1899 4482 ἐσμεν,

2012 4420 2146 4477 gens
2178 4407 2272 4475 qui
2325 4406 2564 4459 oderunt
2597 4421 2706 4469 me,
2730 4406 2859 4475 qui.)
2890 4417 2946 4460 tu
2979 4408 3131 4460 solus
3155 4421 3218 4461 es
3248 4407 3342 4475 qui
3378 4408 3583 4478 recipis

331 4504 437 4557 καὶ
464 4502 497 4571 ή
525 4504 676 4571 ἰσχὺς
708 4505 863 4572 ήμῶν
895 4505 987 4557 καὶ
1018 4508 1044 4571 ἡ
1090 4505 1364 4575 εὐρωστία
1410 4506 1557 4573 παρὰ
1598 4504 1690 4558 σοῦ
1725 4508 1905 4558 ἐστιν·

332 4595 439 4647 καὶ
469 4591 592 4660 θρὶξ
617 4597 682 4644 ἐκ
716 4594 809 4661 τῆς
856 4595 1098 4665 κεφαλῆς
1129 4598 1286 4664 ήμῶν
1321 4594 1382 4649 οὐ
1423 4598 1665 4648 πεσεῖται
1692 4596 1784 4648 ἐπὶ
1814 4595 1912 4666 τὴν

334 4686 448 4755 γῆν
482 4686 608 4737 ἄνευ
637 4684 731 4737 σοῦ
759 4686 853 4738 τοῦ
901 4686 1276 4757 πλαστουργοῦ
1343 4688 1437 4741 καὶ
1478 4687 1687 4758 Πατρὸς
1734 4687 1910 4757 ἡμῶν.

336 4776 533 4829 Ταῦτα
561 4772 653 4827 οὖν
688 4776 947 4845 μιοόιτες
981 4780 1045 4830 ὲκ
1079 4779 1175 4846 τῆς
1220 4777 1368 4840 θείας
1409 4779 1649 4848 Γραερῆς.
1685 4777 1758 4847 μὴ
1797 4778 1909 4830 τολ-

340 4870 613 4938 μήσιυμεν
655 4869 789 4931 ὅλως
840 4868 1157 4920 πεποιθέναι
1199 4868 1231 4937 ἢ
1273 4875 1411 4936 μέγα
1456 4873 1673 4937 φρονεῖν
1724 4869 1813 4919 ἐπὶ
1845 4868 1910 4937 τῇ

337 4958 572 5025 δυνάμει
606 4958 931 5027 ἢεὺρωστίμ
962 4957 1052 5010 τοῦ
1080 4958 1325 5026 σώματος
1358 4958 1542 5025 ἡμῶνο
1599 4957 1684 5009 ἶνα
1721 4957 1794 5026 μὴ
1819 4958 1915 5023 τὴν

343 5054 594 5113 κατάραν
617 5050 708 5101 τού
748 5050 1090 5119 στηρίζοντος
1121 5050 1298 5117 σάρκα
1330 5044 1612 5119 βραχίονῖις
1640 5047 1805 5100 αὐτοῦ
1833 5045 1916 5115 ἐφ’

344 5143 559 5202 ἑαυτοῖς
588 5144 985 5212 ἐπενέγκαιμεν
1004 5208 1007 5211 δ
1029 5143 1216 5195 [Ιολλώ⁸
1242 5144 1348 5213 γάρ
1377 5144 1513 5194 εἰσιν
1536 5144 1585 5194 oi
1624 5141 1913 5208 καυχώμε-

344 5249 430 5284 νοι
475 5238 568 5284 καὶ
599 5233 814 5300 λέγοντε
852 5274 868 5299 ,
910 5234 972 5285 Al
1003 5234 1181 5303 χεῖρές
1215 5251 1316 5301 μου
1377 5236 1664 5303 τρέφουσιν
1698 5233 1788 5284 καὶ
1819 5230 1916 5299 ἐμὲ

346 5325 445 5375 καὶ
474 5324 660 5387 ἄλλους
686 5339 698 5352 ·
731 5325 823 5377 καὶ
852 5324 990 5393 ἔχων
1025 5325 1121 5387 τὰς
1148 5325 1336 5395 χεῖράς
1379 5342 1501 5392 μου,
1547 5324 1782 5390 δύναμαι
1822 5321 1918 5384 {'71-

350 5429 465 5466 σαι.
500 5409 659 5467 Οὗτοί
699 5417 836 5467 εἰσιν
866 5414 1080 5484 ἀληθῶς
1110 5398 1179 5469 οἱ
1228 5416 1642 5484 ματαιόφρονες,
1687 5414 1780 5465 καὶ
1818 5428 1918 5481 μα-

419 5576 463 5607 ¹¹
507 5572 1047 5638 Matth.vr,:25,32."
1080 5573 1212 5628 Luc.
1254 5591 1345 5631 xu.
1382 5576 1469 5630 51.
1546 5569 1785 5626 “Matth.
1831 5570 1945 5629 11.2
1970 5586 2118 5637 sein.

440 5645 592 5675 Annus
650 5664 682 5675 η
758 5648 809 5675 ιι
912 5646 1002 5675 1⁸11
1051 5646 1161 5675 nm.
1248 5661 1282 5675 ιι
1355 5648 1384 5675 ’κ
1458 5648 1476 5675 ι
1577 5646 1622 5675 ’τ
1671 5644 1808 5675 Dii-nu
1881 5655 1964 5675 tn
2051 5644 2107 5675 ".4

782 5648 832 5699 4.
912 5646 1002 5698 ³⁷1
1051 5646 1179 5715 lleg.
1248 5661 1306 5709 ιι,
1353 5648 1407 5707 '5,
1451 5648 1504 5700 4.
1577 5646 1622 5675 ²¹
1669 5644 1827 5696 Prov.
1880 5655 1987 5703 xxi,
2050 5644 2134 5693 Si.
2220 5644 2263 5671 ’³
2311 5644 2445 5695 Psal.

776 5716 818 5746 "
847 5714 990 5771 Psal.
1031 5729 1176 5778 me,
1218 5715 1271 5767 7.
1348 5717 1393 5747 ³³
1442 5718 1552 5772 Act.
1590 5728 1715 5777 xvu,
1761 5712 1850 5763 28.
1928 5710 1971 5741 ³⁸
2022 5711 2208 5762 Statili.
2265 5726 2313 5773 λ,
2347 5711 2445 5762 ‘29.

428 5645 596 5715 Amos
650 5664 705 5710 ιι,
757 5648 832 5699 14.
912 5646 1002 5715 "’i
1051 5646 1179 5715 Reg.

353 5710 399 5746 ⁸⁸
442 5714 577 5771 ibid.
616 5717 702 5770 l7.

632 5808 900 5869 ΡΑτιιοι..
948 5810 1064 5866 Gn.
1104 5810 1453 5871 LXXXIX.

2012 4511 2311 4568 pauperem
2350 4506 2408 4550 et
2445 4510 2683 4559 egenum
2725 4508 2758 4549 a
2794 4495 3190 4565 diripienlibus
3229 4510 3399 4561 euri);
3433 4499 3491 4553 in
3527 4506 3581 4553 te

2006 4589 2283 4659 siquidem
2327 4588 2566 4644 vivimus
2611 4602 2668 4645 et
2713 4602 3003 4644 movemur
3062 4596 3119 4645 et
3168 4605 3363 4646 sumus
3402 4589 3470 4648 ⁸³τ
3517 4593 3582 4648 Β.

2007 4684 2280 4740 fortitudo
2332 4694 2522 4738 nostra
2577 4690 2637 4738 et
2684 4681 2859 4737 robur
2905 4682 3006 4738 abs
3040 4692 3092 4740 te
3121 4692 3230 4748 est,
3276 4683 3579 4742 νεύοιεν»

2009 4776 2176 4845 pilius
2214 4775 2283 4830 de
2329 4776 2511 4845 capite
2558 4784 2748 4829 nostro
2796 4788 2904 4829 non
2950 4774 3114 4829 cadet
3156 4789 3325 4847 super
3376 4784 3583 4833 terram

2012 4867 2219 4935 absque
2259 4876 2354 4920 tuo
2392 4875 2526 4919 nutu
2547 4863 2616 4930 δ’,
2644 4881 2677 4919 o
2708 4866 3007 4934 plasmator
3030 4875 3218 4922 uoster
3238 4870 3296 4921 et
3330 4867 3584 4924 humana:

2013 4959 2211 5013 salutis
2266 4957 2546 5012 assertor!
2613 4956 2824 5027 1187
2877 4956 3003 5013 Haec
3034 4957 3203 5026 igitur
3249 4971 3378 5013 cum
3413 4960 3593 5028 probe.

2014 5050 2351 5110 noverimus,
2411 5049 2597 5103 divina
2645 5062 2749 5101 nos
2807 5048 3096 5103 erudiente
3143 5047 3449 5116 Scriptura,
3512 5046 3582 5100 de

2013 5140 2187 5194 nostri
2237 5140 2487 5208 corporis
2536 5147 2633 5193 aut
2688 5139 2903 5193 viribus
2964 5148 3058 5191 aut
3110 5137 3323 5205 integra
3375 5136 3585 5191 valetu-

2014 5231 2140 5286 dine
2197 5231 2330 5284 nihil
2369 5231 2594 5285 omnino
2651 5238 2859 5284 temere
2912 5243 2977 5281 ac
3011 5227 3359 5296 pratlidenter
3409 5227 3582 5283 susti-

2014 5338 2242 5376 neamns
2293 5336 2646 5391 praesumere,
2695 5327 2792 5373 aut
2844 5318 3217 5386 praegestienti
3258 5320 3445 5374 animo
3494 5319 3585 5374 in-

2016 5413 2313 5479 solescere,
2375 5421 2437 5467 ut
2483 5426 2552 5467 ne
2602 5410 2752 5463 illius
2800 5408 3241 5464 maledictionem
3288 5410 3577 5466 adversum

2200 5571 2244 5600 ”
2264 5570 2447 5624 iintth.
2488 5585 2559 5631 ix,
2600 5568 2670 5623 20
2702 5585 2856 5640 seqq.
2882 5558 2895 5566 κ

2050 5644 2134 5693 Si.
2220 5641 2263 5671 ’θ
2311 5640 2453 5695 Psal.
2521 5654 2695 5703 exim,
2740 5640 2824 5693 ll).

2953 5570 2999 5604 ”
3024 5571 3182 5625 Deut.
3217 5586 3329 5629 vm.
3369 5571 3457 5634 17,
3497 5571 3583 5625 i8.

2957 5641 3002 5675 ⁸⁸
3042 5641 3185 5696 Psal.
3255 5655 3420 5707 xxxn,
3503 5641 3583 5699 ιθ.

3267 5803 3347 5865 55
