3918 6106
467 290 604 352 1739

1736 286 2101 347 ANTIOCHI
2145 288 2487 350 MONACHI

3575 286 3691 363 tuo

462 415 568 458 nos
589 402 959 473 reporteiuus,
987 410 1084 467 qui
1105 395 1398 452 conﬁrmat
1426 409 1652 451 cautem
1684 396 1899 451 brachii
1928 398 2039 453 sui.

2147 399 2437 467 ταιολόγοι,
2460 403 2509 453 ot
2537 401 3019 472 ἐπιλανθανόμενοι
3044 403 3140 459 τοῦ
3176 406 3503 478 ποιήσαντος
3521 409 3691 469 aurci):

463 493 720 564 Plerique
774 493 923 555 enim
963 498 1093 545 sunt
1136 488 1232 560 qui
1276 487 1583 559 gloriantcr
1629 501 1689 543 se
1738 487 1825 543 bis
1852 489 2046 544 vcndi-

463 595 582 644 tant
608 585 795 640 verbis
822 599 837 637 :
868 582 1063 637 Manus
1094 581 1179 635 hae
1228 594 1365 634 meae
1395 588 1454 634 et
1488 592 1578 634 me
1612 578 1765 634 alunt
1798 589 1855 634 et
1884 581 2046 645 alios;

2143 490 2302 556 Θεοῦ,
2326 490 2420 544 τοῦ
2442 493 2772 564 παρέχοντος
2790 495 2987 563 ὑγείαν
3011 497 3106 550 καὶ
3129 497 3338 568 τροφὴν
3361 501 3510 574 πάσῃ
3533 504 3691 567 σαρκὶ.

2143 581 2237 632 καὶ
2276 581 2603 642 πεποιθότες
2650 582 2744 634 ἐπὶ
2785 587 2850 655 τῇ
2895 585 3122 655 δυνάμει
3158 587 3361 644 αὑτῶν.
3404 589 3694 661 Turonos-

464 678 562 736 sed
610 686 666 733 et
706 688 870 745 quem
920 681 1148 728 tuentur
1183 686 1381 725 manus
1432 685 1590 733 mea,
1625 671 1810 724 vivere
1841 680 2041 740 potest.

2147 673 2263 727 θίαν
2292 673 2404 743 γάρ
2456 676 2604 728 νοσεῖ
2645 674 2675 726 6
2703 676 3021 746 ἀποστήσας
3060 679 3251 731 ἑαυτὸν
3292 681 3391 734 τοῦ
3433 681 3586 746 Θεοῦ,
3619 687 3695 738 καὶ

466 771 631 825 Plane
681 768 820 822 tales
863 765 1151 820 verissime
1197 778 1354 818 vanas
1403 772 1534 817 sunt
1578 763 1780 818 mentis
1830 777 1895 817 ac
1949 776 2046 816 va.

466 861 698 929 alloqui,
741 871 926 912 crassa
965 856 1243 911 oblivione
1272 853 1635 933 negligentes.
1671 854 1842 908 Deum
1867 854 2043 907 facto-

467 966 582 1008 rem
615 964 803 1009 suum.
850 946 946 1017 qui
982 946 1273 1001 sanitatem
1325 945 1571 1016 impartit
1619 953 1676 999 et
1728 944 2044 1015 alimoniam

465 1040 615 1098 omni
675 1038 828 1094 carni
860 1055 873 1090 :
904 1044 961 1091 et
994 1034 1284 1091 conﬁdunt
1315 1035 1371 1089 in
1396 1036 1601 1089 virtute
1630 1049 1749 1088 sua.
1782 1033 1886 1100 Qui
1920 1034 2045 1088 talis

466 1144 572 1199 est,
614 1147 733 1189 non
787 1128 1023 1199 simplici
1058 1124 1331 1196 superbiae
1356 1126 1549 1179 morbo
1571 1125 1805 1188 laborat,
1839 1124 2043 1194 quippe

466 1222 562 1300 qui
620 1239 651 1280 α
704 1225 817 1280 Deo
867 1237 925 1277 se
962 1221 1256 1275 ultroneus
1304 1217 1527 1272 diremit
1581 1231 1645 1271 ac
1669 1216 1902 1271 descivit
1951 1230 2044 1270 re-

464 1318 629 1388 fuga,
675 1315 807 1371 dum
866 1313 1039 1383 priva:
1086 1325 1201 1365 suae
1228 1309 1423 1364 virtuti
1469 1308 1696 1364 ascribit
1724 1323 1846 1378 quae
1875 1309 2046 1377 gessit

466 1424 595 1466 eum
639 1406 824 1464 laude.
848 1400 1334 1471 Quemadmodum
1378 1410 1563 1456 autem
1597 1410 1820 1464 aranea,
1852 1400 1946 1453 ubi
1975 1399 2042 1455 ad

466 1502 590 1558 tela
641 1513 753 1555 sua
794 1496 1071 1567 fastigium
1128 1494 1471 1557 conscendit,
1511 1494 1664 1547 velut
1709 1506 2045 1547 evanescens

466 1600 749 1649 momento
796 1590 906 1643 ruit
942 1602 1206 1658 prmceps,
1234 1585 1307 1639 ita
1349 1593 1406 1639 et
1434 1584 1527 1654 qui
1560 1591 1769 1638 temere
1802 1582 2045 1652 propriis

466 1687 664 1743 nititur
702 1682 938 1743 viribus,
970 1678 1272 1740 moxsidit,
1300 1685 1356 1731 et
1384 1676 1453 1731 ad
1500 1676 1740 1746 priorem
1792 1675 2041 1729 habitum

466 1776 735 1833 evanidus
764 1773 1050 1828 relabitur.
1086 1770 1247 1825 Tales
1278 1768 1456 1823 videri
1476 1768 1695 1838 possint
1723 1769 2041 1837 neutiquam

469 1862 689 1923 audisse
731 1863 835 1919 Job
860 1862 1135 1917 dicentem
1173 1878 1187 1913 :
1224 1879 1240 1909 ι
1268 1856 1322 1913 Si
1343 1868 1524 1913 autem
1547 1870 1601 1913 et
1625 1864 1844 1911 manum
1871 1873 2044 1912 meam

390 2024 393 2027 _
471 1960 755 2028 imponens
809 1953 893 2007 ori
943 1948 1294 2006 deosculatus
1345 1964 1490 2010 sum,
1525 1957 1581 2003 et
1636 1947 1740 2001 hoc
1770 1948 1907 2000 mihi
1939 1948 2042 2002 uti-

469 2063 575 2118 que
599 2058 798 2115 magna
821 2041 1084 2111 iniquitas
1123 2040 1426 2109 imputetur
1464 2039 1537 2103 ³⁸,
1569 2057 1586 2089 ι
1624 2038 1753 2108 quin
1781 2037 2048 2093 mentitus

469 2153 591 2193 sum
636 2150 821 2191 coram
854 2134 1088 2188 Domino
1136 2132 1425 2187 altissimo.
1470 2127 1578 2183 Sed
1618 2142 1805 2197 neque
1855 2126 2045 2183 Eccle-

471 2230 707 2293 siaSten;
747 2228 795 2282 is
825 2228 975 2281 enim
1018 2225 1097 2279 ait
1128 2241 1142 2277 :
1187 2243 1204 2273 ι
1242 2223 1394 2277 Vcrti
1430 2237 1517 2276 me
1547 2229 1604 2275 et
1630 2220 1744 2273 vidi
1771 2220 1899 2289 quia
1932 2236 2042 2274 non

470 2329 557 2377 cst
592 2319 882 2375 velocibus
929 2332 1146 2379 cursus,
1207 2330 1317 2369 non
1345 2325 1430 2368 est
1464 2313 1788 2383 potentibus
1817 2313 2042 2379 bellum,

472 2410 567 2469 sed
614 2426 718 2467 nec
762 2409 993 2480 sapienti
1026 2408 1205 2479 panis,
1237 2405 1677 2476 intelligentibus
1703 2420 1813 2459 non
1846 2406 2046 2459 adsunt

471 2501 701 2565 divitiae,
736 2510 916 2569 neque
948 2494 1409 2567 cognoscentibus
1432 2493 1625 2561 gratia:
1656 2493 1719 2545 ³⁸.
1750 2513 1766 2544 ι
1786 2494 2043 2548 'lndncit:

476 2604 498 2637 ι
532 2587 685 2642 Bona
756 2594 843 2640 est
892 2584 1166 2653 sapientia
1218 2597 1331 2652 ιιι-αι
1379 2581 1533 2635 soliis
1583 2582 1711 2636 belli
1753 2584 1871 2635 ".1
1928 2582 2044 2637 Et:

476 2698 498 2729 ο
533 2672 777 2735 Peccans
822 2692 969 2732 unus
1013 2676 1208 2747 perdet
1278 2674 1583 2727 bonitatem
1642 2674 1869 2729 multam
1918 2675 1981 2729 ”.
2021 2695 2039 2727 ι

471 2771 735 2827 Dominus
780 2774 1001 2839 quoque
1048 2769 1165 2822 suis
1208 2766 1285 2819 ait
1327 2766 1658 2835 discipulis:
1699 2785 1717 2816 ι
1751 2765 1961 2822 Maneto
1988 2768 2046 2821 in

471 2874 581 2925 me,
629 2868 687 2914 et
728 2874 830 2928 ego
883 2858 940 2912 in
999 2856 1178 2910 vobis.
1234 2854 1394 2910 Sicut
1439 2856 1650 2923 palmes
1706 2872 1814 2910 non
1866 2867 2048 2926 potest

2147 763 2255 834 ἰδίᾳ
2291 763 2516 833 δυνάμει
2571 766 2894 835 ἐπιγράφων
2946 768 3018 822 τὰ
3070 771 3481 841 κατορθώματα
3535 775 3695 830 αὑτοῦ.

2146 854 2360 926 Ὥσπερ
2411 855 2469 908 δὲ
2500 856 2530 906 6
2574 857 2771 921 ἐπιϐὰς
2822 860 3037 930 ἀράχνῃ
3083 861 3362 915 διαπεσὼν
3418 867 3695 937 κατηνέχθη

2145 945 2297 999 κάτω
2318 963 2331 975 ·
2364 945 2542 1010 οὕτως
2569 949 2871 1018 συμπίπτει
2901 953 2927 1002 6
2975 949 3194 1021 θαρῤὦν
3223 955 3291 1021 τῇ
3342 951 3451 1022 ίδίᾳ
3480 953 3694 1023 δυνάμει.

2147 1036 2282 1090 Οὐδὲ
2312 1037 2417 1090 κᾶν
2444 1036 2541 1090 τοῦ
2590 1039 2710 1091 Ἰὼϐ
2749 1040 2988 1111 ἥκουσαν
3033 1041 3284 1110 λέγοντος
3305 1060 3331 1091 ἰ
3358 1063 3382 1096 ι
3424 1045 3489 1097 El
3536 1045 3589 1099 δδ
3619 1045 3698 1097 καὶ

2144 1124 2305 1196 χεῖρά
2339 1144 2444 1197 μου
2474 1128 2686 1192 ἐπιθεὶς
2714 1130 2811 1182 ἐπὶ
2860 1131 3090 1202 στόματι
3138 1134 3400 1202 ἐφίλησα,
3434 1135 3527 1186 καὶ
3563 1133 3699 1187 τοῦτο

2145 1217 2252 1287 ἀρα
2282 1235 2373 1286 μοι
2403 1218 2614 1288 μεγάλη
2658 1219 2858 1289 ἀνομία
2903 1220 3205 1290 λογισθείη,
3237 1241 3257 1274 s
3294 1224 3380 1276 ὅτι
3413 1223 3703 1294 ἐψευσάμην

2145 1309 2325 1362 ἔναντι
2356 1310 2560 1377 Κυρίου
2601 1311 2695 1364 τοῦ
2734 1313 2982 1379 ὑψίστου.
3028 1315 3304 1379 Ὡσαύτως
3351 1316 3447 1368 καὶ
3490 1314 3582 1369 τοῦ
3601 1317 3703 1370 Ἐκ-

2144 1400 2474 1470 κλησιαστοῦ
2500 1418 2516 1434 ⁸
2552 1405 2716 1473 φησὶν
2748 1404 2860 1475 γὰρ
2890 1407 3123 1469 ἐκεῖνος
3144 1423 3203 1457 ἰ
3238 1407 3605 1478 Ἕπέστρεψα.
3627 1409 3704 1461 καὶ

2146 1491 2255 1543 ῖδον
2283 1493 2365 1546 ὃτι
2391 1494 2450 1544 ού
2481 1495 2594 1557 τοῖς
2631 1493 2856 1562 κούφοις
2882 1497 2911 1549 6
2937 1495 3159 1567 δρόμος,
3188 1496 3311 1549 οὐδὲ
3341 1500 3458 1559 τοῖς
3483 1497 3705 1560 δυνατοῖς

2144 1585 2172 1635 ὁ
2204 1584 2457 1653 πόλεμος.
2499 1585 2611 1638 Καί
2643 1602 2707 1652 γε
2753 1589 2813 1640 οὑ
2859 1586 2937 1657 τῷ
2981 1587 3129 1656 σοφῶ
3150 1589 3337 1658 ἄρτος,
3373 1590 3471 1642 καὶ
3509 1591 3570 1643 ού
3611 1591 3707 1650 τοῖς

2150 1676 2390 1734 συνετοῖς
2425 1676 2453 1727 6
2493 1675 2722 1739 πλοῦτος
2746 1692 2760 1706 ⁸
2801 1681 2895 1729 καὶ
2926 1678 2988 1730 οὐ
3015 1680 3127 1741 τοῖς
3165 1678 3535 1747 γινώσκουσιν
3565 1683 3595 1752 ἡ
3623 1683 3707 1750 1&-

2080 1731 2118 1787 ῃ
2155 1783 2257 1834 ρις.
2301 1784 2318 1816 ι
2355 1731 2465 1817 Καὶ
2498 1731 2718 1835 ἐπάγει,
2752 1786 2770 1819 ι
2801 1768 3011 1839 ’Ᾱγαθὴ
3054 1731 3213 1837 σοφία
3243 1731 3387 1840 ὑπὲρ
3423 1731 3595 1841 ἐξιεύῆ
3622 1731 3709 1826 ito-

2150 1856 2334 1924 λέμου.
2372 1875 2390 1907 ι
2430 1857 2557 1921 Καὶ,
2591 1875 2610 1908 ι
2658 1858 3015 1931 Ἀμαρτάνων
3053 1855 3154 1925 εἷς,
3208 1863 3468 1917 ἀπολέσει
3511 1864 3709 1931 ἀγαθω-

2153 1949 2318 2018 σύνην
2346 1948 2567 2019 πολλήν.
2603 1970 2621 2002 ι
2654 1951 2764 2005 Καὶ
2786 1953 2813 2005 6
2842 1953 3048 2026 Κύριος
3077 1957 3189 2018 τοῖς
3216 1955 3414 2009 ἑαυτοῦ
3458 1956 3708 2028 μαθηταῖς

2151 2057 2334 2109 φησιν,
2370 2060 2386 2091 ι
2419 2040 2658 2095 Μείνατε
2689 2045 2747 2097 ὲν
2790 2044 2935 2113 ἐμοὶ,
2969 2045 3123 2108 κάγὼ
3161 2048 3218 2099 ἐν
3253 2047 3407 2117 ὑμῖν.
3444 2046 3633 2110 Καθὼς
3657 2053 3710 2099 τὸ

2151 2133 2337 2202 κλῆμα
2365 2133 2423 2186 οὐ
2451 2133 2671 2187 δύναται
2708 2136 2917 2206 καρπὸν
2944 2139 3129 2205 φέρειν
3156 2138 3247 2206 ἀφ’
3276 2139 3498 2204 ἑαυτοῦ,
3530 2140 3620 2192 ἐὰν
3644 2141 3707 2210 μὴ

2153 2226 2308 2295 μείνῃ
2348 2226 2413 2281 ὲν
2439 2228 2501 2295 τῇ
2550 2226 2781 2298 ἀμπέλῳ
2803 2244 2817 2258 ·
2864 2228 3038 2293 οὕτως
3074 2232 3194 2284 οὐδὲ
3226 2232 3405 2302 ὑμεῖς,
3441 2235 3535 2286 ἐὰν
3566 2233 3636 2303 μὴ
3664 2236 3710 2285 ἑν

2148 2316 2269 2384 ἐμοὶ
2299 2319 2521 2388 μείνητε
2545 2334 2561 2349 ο
2602 2317 2713 2387 ἐγώ
2764 2321 2880 2391 εἰμι
2913 2324 2945 2391 ἡ
2995 2323 3254 2392 ἄμπελος,
3287 2325 3450 2393 ὑμεῖς
3486 2325 3555 2379 τὰ
3599 2324 3711 2392 κλή-

2155 2424 2302 2475 ματα
2323 2422 2338 2437 ⁶
2374 2410 2401 2462 6
2432 2408 2611 2476 μένων
2644 2412 2699 2463 ὲν
2730 2414 2872 2482 ἐμοὶ,
2903 2413 3057 2481 κάγὼ
3090 2415 3147 2466 ἐν
3176 2416 3347 2483 αὐτῷ,
3387 2411 3545 2479 οὗτος
3573 2416 3710 2486 φέρει

2152 2501 2362 2568 καρπον
2398 2501 2597 2553 πολύν’
2650 2503 2729 2557 ὅτι
2778 2505 2945 2576 χωρὶς
2981 2506 3116 2581 ἐμοῦ
3166 2508 3226 2560 οὐ
3269 2507 3505 2561 δύνασθε
3555 2509 3712 2559 ποιεῖν

2147 2590 2319 2643 οὐδέν.
2364 2609 2382 2641 ι
2421 2593 2531 2645 Καὶ
2562 2595 2824 2659 είκότως’
2859 2599 3019 2660 αὑτὸς
3055 2599 3165 2670 γάρ
3209 2601 3356 2652 ἐστιν
3384 2599 3449 2653 τὸ
3494 2600 3604 2668 φῶς
3630 2601 3711 2652 καὶ

2147 2681 2179 2749 ἡ
2203 2681 2315 2749 ζωὴ
2340 2681 2449 2736 τῶν
2475 2684 2798 2754 ἀνθρώπων,
2821 2689 2914 2740 καὶ
2944 2708 2961 2738 ι
2990 2688 3171 2744 Πάντα
3198 2689 3265 2742 δι’
3292 2690 3464 2742 αὑτοῦ
3491 2690 3710 2758 ἐγένετο,

2148 2773 2242 2825 καὶ
2268 2774 2436 2843 χωρὶς
2468 2775 2635 2829 αὑτοῦ
2665 2778 2883 2845 ἐγένετο
2920 2781 3041 2833 οὐδὲ
3079 2781 3138 2834 ἓν
3169 2782 3198 2835 ὃ
3232 2783 3482 2850 γέγονεν.
3518 2803 3536 2834 ι
3569 2779 3712 2851 Δὺτῷ

2148 2864 2181 2932 ἠ
2215 2865 2342 2928 δόξα
2369 2867 2449 2930 είς
2479 2870 2608 2931 τοὺς
2641 2871 2866 2934 αἰῶνας.
2898 2872 3095 2944 ’Δμήν.

472 2953 616 3006 terre
656 2949 907 3004 'fructum
944 2964 980 3003 'a
1022 2946 1342 3017 semetipso,
1389 2946 1496 2999 nisi
1536 2947 1800 3000 manserit
1835 2948 1889 3002 in
1922 2949 2055 3014 vite,
2100 2953 2179 3008 sic
2229 2972 2332 3011 nec
2359 2973 2457 3012 vos
2489 2960 2597 3014 nisi
2665 2961 2720 3016 in
2763 2979 2850 3017 me
2882 2966 3212 3020 manseritis.
3257 2964 3373 3033 Ego
3402 2978 3546 3021 'sum
3573 2965 3707 3028 vitis,

471 3052 571 3096 ros
610 3040 867 3111 palmites
929 3055 945 3091 :

1015 3038 1110 3108 qui
1168 3044 1355 3090 manet
1395 3036 1452 3089 in
1509 3050 1617 3099 me,
1669 3046 1726 3091 et
1768 3052 1872 3107 ego
1920 3039 1975 3093 in
2027 3056 2115 3109 eo,
2157 3044 2249 3099 hic
2293 3045 2401 3101 fert
2448 3048 2689 3104 fructum
2721 3053 2976 3117 multum,
3020 3054 3150 3124 quia
3183 3054 3300 3109 sine
3332 3071 3421 3110 me
3462 3056 3595 3110 nihil
3623 3070 3710 3125 po-

474 3136 631 3193 testis
662 3133 859 3189 Tacere
899 3133 966 3186 ".
1004 3148 1025 3183 ι
1059 3132 1192 3187 Jure
1220 3129 1444 3199 quidem
1479 3147 1492 3181 :
1526 3129 1644 3199 ipse
1679 3131 1825 3184 enim
1862 3132 2145 3190 hominum
2177 3146 2259 3193 est
2284 3139 2377 3194 lux
2410 3150 2466 3196 et
2528 3144 2658 3209 vita,
2686 3154 2761 3209 et,
2808 3165 2827 3196 ι
2855 3144 3050 3200 Omnia
3111 3146 3354 3217 denique
3403 3165 3507 3219 per
3537 3151 3701 3220 ipsum

473 3229 803 3292 facta'sunt,
848 3232 908 3279 et
959 3222 1079 3277 sine
1132 3221 1253 3291 ipso
1299 3219 1505 3276 factum
1552 3229 1641 3276 est
1685 3222 1823 3275 nihil
1875 3225 2024 3292 quod
2082 3227 2287 3284 factum
2330 3241 2416 3287 est
2442 3233 2509 3287 ⁸⁸.
2550 3254 2569 3286 ι
2612 3235 2720 3305 lpsi
2788 3237 2958 3307 gloria
3005 3238 3060 3292 in
3104 3240 3302 3294 saecula
3368 3219 3707 3297 saeculorum.

472 3319 667 3373 Amen.

1037 3420 1322 3479 HOMlLlA
1365 3418 1473 3476 Cll.

612 3542 986 3613 Importunum
1015 3535 1448 3608 familiaritatem
1474 3548 1585 3587 esse
1608 3536 1902 3592 vitandam.

538 3654 728 3713 inlimis
754 3665 923 3723 quam
953 3651 1186 3714 bonum,
1209 3663 1316 3703 nec
1344 3647 1538 3701 minus
1577 3646 1713 3703 utile
1748 3647 1936 3714 fuerit,
1966 3650 2049 3707 in-

476 3746 858 3818 tempestivam
880 3776 885 3779 Α
909 3742 1197 3797 hominum
1254 3737 1716 3794 consuetudinem
1752 3740 2044 3812 defugere,

473 3850 532 3896 et
550 3839 627 3895 de
652 3850 847 3894 eorum
877 3834 969 3888 via
998 3831 1296 3897 demdere,
1320 3837 1497 3900 atque
1524 3830 1772 3884 aversari
1800 3830 1927 3885 illos
1948 3832 2047 3901 qui

474 3932 612 3988 nihil
651 3939 763 3983 tam
788 3925 1065 3995 resipiant
1094 3937 1261 3992 quam
1293 3936 1417 3992 quas
1459 3929 1589 3976 sunt
1636 3922 1851 3987 mundi,
1881 3923 2048 3978 modo

473 4020 625 4078 nulla
688 4016 999 4073 intercedat
1056 4015 1251 4084 ingens
1308 4014 1634 4068 necessitas.
1660 4012 1846 4083 Longe
1895 4013 2046 4067 enim

473 4112 619 4168 alius
660 4116 835 4178 urget
889 4105 1121 4160 aﬂ‘eotus
1176 4118 1294 4169 eos,
1320 4103 1425 4172 qui
1474 4103 1688 4158 mundo
1735 4104 1871 4159 huic
1921 4106 2045 4161 vale

472 4203 664 4258 dixere
705 4208 1052 4268 supremum,
1085 4204 1143 4250 et
1172 4195 1318 4249 alius
1352 4209 1454 4249 eos
1486 4210 1629 4264 quos
1671 4203 1821 4251 totos
1851 4198 2044 4253 mundi

472 4307 629 4348 umor
675 4290 781 4346 sibi
830 4287 1099 4343 devinxit.
1125 4284 1601 4351 Quemadmodum
1648 4287 1806 4341 enim
1845 4289 1952 4342 bos
1995 4287 2043 4342 si

471 4388 684 4446 accidat
741 4383 969 4448 bubulo,
1019 4382 1068 4436 si
1112 4395 1327 4451 onagro
1376 4381 1696 4434 veterinum
1743 4382 2042 4452 quodpiam

470 4479 783 4541 adhinniat,
814 4475 966 4530 nulla
1017 4473 1218 4528 edetur
1268 4485 1376 4525 vox
1438 4471 1546 4525 nisi
1598 4473 1926 4543 obstrepera
1979 4489 2044 4531 ac

470 4573 715 4632 dissonas
752 4566 976 4637 .1188
997 4565 1099 4629 sic,
1127 4565 1175 4619 si
1213 4564 1543 4619 familiarius
1565 4578 1693 4620 cum
1726 4566 2045 4621 hominibus

469 4661 663 4717 mundi
684 4659 940 4715 monachi
962 4657 1410 4727 congrediemur.
1438 4656 1739 4712 Monachus
1764 4659 1850 4713 sui
1872 4660 2045 4729 ipsius

2750 3436 2970 3490 ΛΟΓΟΣ
2998 3437 3121 3490 PB'.

2148 3545 2285 3613 Περὶ
2326 3545 2434 3599 τοῦ
2462 3547 2883 3615 παραιτεῖσθαι
2908 3549 3019 3616 τὰς
3048 3551 3337 3620 ἀκαίρους
3364 3560 3704 3626 συντυχίας.

2218 3655 2399 3709 Καλὸν
2427 3656 2567 3724 ἀγαν
2607 3658 2702 3713 καὶ
2738 3658 2860 3711 λίαν
2908 3662 3209 3730 ὲπωιρελὲς,
3234 3666 3295 3717 τὸ
3339 3670 3707 3738 παραιτεῖσθαι

2147 3746 2243 3809 τὰς
2265 3747 2528 3817 ἀκαίρους
2563 3750 2859 3820 συντυχίας
2886 3767 2900 3781 ·
2934 3753 3030 3805 καὶ
3059 3756 3427 3824 ἐκτρέπεσθαι
3461 3761 3588 3821 τοὺς
3623 3778 3706 3812 κο·

2147 3838 2488 3909 σμόφρονας,
2513 3841 2647 3911 ἀτερ
2681 3843 2928 3913 μεγάλης
2959 3845 3228 3916 ἀνάγκης,
3261 3849 3436 3921 Ἄλλη
3471 3854 3578 3921 γὰρ
3600 3851 3695 3904 διάι

2146 3929 2295 3993 θεσις
2342 3934 2451 3993 τοῖς
2511 3930 2616 3996 Ιξω
2672 3932 2767 3986 τοῦ
2831 3935 3062 4004 κόσμου,
3095 3938 3191 3991 καὶ
3233 3938 3369 4011 ἄλλη
3400 3944 3518 4003 τοῖς
3560 3943 3614 3994 ὲν
3638 3941 3706 4010 τῷ

2145 4021 2355 4093 κόσμῳ.
2383 4023 2596 4094 Ὠσπερ
2623 4021 2718 4080 οὖν
2763 4027 3095 4098 ἀσύμφωνος
3118 4031 3157 4101 νή
3190 4031 3412 4095 σύνοδος
3449 4032 3544 4087 τοῦ
3574 4032 3701 4103 βοὸς,

2145 4114 2241 4167 καὶ
2265 4114 2359 4167 τοῦ
2388 4115 2672 4183 βουϐάλου,
2702 4119 2797 4171 καὶ
2844 4120 3163 4190 ὑποζυγίου,
3195 4124 3290 4176 καὶ
3315 4124 3554 4196 όνάγρου
3579 4142 3592 4154 ο
3623 4124 3703 4178 oi»

2142 4220 2251 4267 τως
2278 4206 2374 4258 καὶ
2401 4206 2566 4277 ἡτῶν
2599 4208 2871 4278 μοναχῶν,
2900 4211 2997 4263 καὶ
3038 4210 3152 4265 τῶν
3196 4212 3339 4267 κατά
3386 4216 3611 4283 κόσμον.
3652 4214 3702 4267 '0

2148 4297 2382 4366 μοναχὺς
2421 4297 2673 4361 ἐξουσίαν
2718 4301 2915 4354 ἑαυτοῦ
2944 4303 3044 4355 οὑκ
3076 4302 3215 4372 ἔχει’
3255 4303 3581 4359 δεδούλωται
3606 4306 3701 4373 γὰρ

2143 4387 2219 4455 τῷ
2283 4390 2774 4462 στρατολογήσαντι
2831 4394 3030 4459 αὑτὸν,
3060 4395 3144 4447 ὅτι
3215 4397 3581 4451 ὑποκέκλικεν
3622 4398 3699 4449 τὸν

2143 4482 2346 4551 αὐχένα
2398 4483 2567 4536 αὑτοῦ
2611 4488 2677 4555 τῇ
2738 4486 2942 4559 ζεύγλῃ
2970 4488 3065 4540 τοῦ
3093 4488 3523 4561 ἐξελαυνομένου
3557 4491 3699 4545 αὑτὸν

2143 4572 2361 4643 τέμνειν
2401 4575 2816 4644 ἀμεταστρεπτὶ
2883 4578 3011 4641 τοὺς
3060 4579 3120 4631 ὲν
3156 4583 3276 4643 ταῖς
3300 4582 3578 4654 κοιλότησι
3616 4580 3697 4649 τῆς

2143 4665 2643 4736 ταπεινοφροσύνης
2676 4666 3051 4736 πληθύνοντας
3074 4671 3168 4723 τὸν
3194 4670 3338 4724 θεῖον
3367 4676 3521 4726 σῖτον
3548 4671 3698 4726 c.512-

468 4761 799 4821 putestatem
840 4764 961 4805 .non
1010 4749 1182 4802 habet
1215 4765 1230 4800 :
1270 4748 1422 4803 illius
1453 4748 1604 4803 enim
1643 4764 1704 4803 se
1729 4749 1942 4804 addixit
1975 4765 2041 4807 ac

2147 4771 2267 4817 καις,
2304 4754 2431 4816 τοὺς
2493 4754 2934 4826 μεθυσκομένους
2991 4761 3057 4812 ἐκ
3110 4760 3210 4829 τῆς
3269 4762 3579 4834 ἐπομϐρίας
3621 4760 3695 4814 τοῦ

469 4843 802 4912 mancipavit
830 4841 1109 4905 servituti,
1138 4842 1301 4911 cujus
1327 4854 1599 4895 accensus
1630 4849 1717 4893 est
1748 4835 1958 4895 militiae
1983 4851 2041 4898 et

466 4933 859 5005 aseriptitius:
893 4932 1168 4986 cervicem
1221 4934 1372 4988 enim
1406 4931 1558 4987 illius
1584 4931 1885 4985 substravit
1910 4934 2043 5003 iugo

467 5027 562 5098 qui
603 5028 783 5098 ipsum
814 5024 1040 5094 delegit,
1068 5034 1129 5079 ut
1157 5038 1257 5079 eos
1305 5023 1567 5085 demetat.
1600 5023 1901 5078 nniversim
1940 5026 2041 5078 de-

466 5126 638 5183 cedet,
662 5118 764 5188 qui
794 5117 850 5171 in
877 5115 1138 5171 cont-avis
1159 5114 1398 5195 vallibus
1423 5113 1684 5168 modesta:
1712 5114 2042 5171 humilitatis

466 5210 657 5264 divino
697 5208 983 5263 abundant
1033 5206 1335 5267 frumento,
1363 5205 1513 5257 rivos
1538 5220 1736 5275 nempe
1778 5207 1831 5259 in
1867 5207 2036 5264 intum

465 5300 724 5366 devexus,
739 5299 947 5369 pluviis
967 5312 999 5351 e
1028 5295 1171 5351 οωιο
1193 5305 1251 5350 et
1274 5294 1583 5350 vivificante
1612 5296 1821 5366 Spiritu
1854 5297 2038 5353 siden-

466 5390 614 5445 tibus
661 5390 991 5453 inebriatos,
1025 5388 1183 5459 cujus
1222 5385 1458 5441 roscidis
1506 5388 1738 5457 g'uttulis
1788 5388 2037 5444 stillatim

464 5482 605 5536 cmlo
636 5481 955 5537 labentibus
984 5479 1168 5533 anima
1209 5478 1471 5542 hominis,
1503 5478 1777 5548 ejusmodi
1829 5481 2035 5550 germi-

533 5621 575 5649 ¹⁵
609 5620 711 5671 .lob
744 5636 909 5681 nsi,
957 5619 1047 5682 27,
1085 5618 1176 5672 98.
1289 5619 1336 5650 ³⁸
1370 5619 1554 5672 Ecclc.
1598 5636 1671 5682 Ix,
1735 5620 1817 5673 ll.

468 5703 506 5746 ι,
548 5685 598 5738 ὅ.

1930 5621 1972 5652 ³⁷
2020 5622 2153 5677 ibid.

2142 4844 2394 4914 ούρανοῦ,
2417 4846 2511 4898 καὶ
2536 4845 2891 4917 ζωοπαρόχου
2918 4847 3059 4902 Πνεύ
3068 4868 3259 4919 ματος.
3278 4848 3356 4906 Ui}
3381 4857 3502 4917 τοῖς
3528 4854 3699 4920 σταγό-

2144 4954 2228 4989 σιν
2251 4936 2605 5007 εὐφραίνεται
2633 4939 2670 5007 ή
2698 4940 3070 4995 ἀνατέλλουσα
3094 4943 3165 4995 τὰ
3193 4942 3315 4997 θεῖα
3340 4946 3595 5014 νοήματα
3618 4941 3696 4994 τοῦ

2140 5026 2433 5096 ἀνθρώπου
2492 5030 2661 5099 ψυχή.
2706 5031 2766 5083 Ὀ
2792 5032 2902 5102 γὰρ
2954 5032 3283 5103 ὀρεγόμενος
3332 5036 3590 5106 ἡσυχίας,
3618 5035 3695 5088 καὶ

2140 5122 2565 5189 ἀπερισπάστως
2599 5122 2923 5191 βουλόμενος
2953 5126 3307 5196 προσομιλεῖν
3335 5126 3412 5196 τῷ
3447 5128 3588 5197 Θεῷ,
3612 5126 3695 5179 οὑκ

2141 5213 2347 5280 ὀφείλει
2401 5213 2540 5275 ὅλως
2586 5219 2864 5284 συντυχεῖν
2918 5235 3020 5269 τινι
3064 5218 3125 5271 τὸ
3174 5219 3389 5273 σύνολον
3415 5236 3432 5250 ·
3469 5220 3579 5274 τῶν
3604 5217 3695 5287 γὰρ

2139 5303 2362 5357 τελείων
2409 5306 2558 5357 ἐστὶν
2605 5305 2667 5358 τὸ
2716 5307 2916 5377 μέτρον
2951 5310 3109 5363 τοῦτο
3154 5312 3264 5364 τῶν
3320 5313 3695 5382 νεκρωσὰντων

2142 5397 2369 5460 ἑαυτοὺς
2399 5397 2478 5469 τῷ
2507 5399 2720 5472 κόσμῳ,
2759 5403 3181 5464 κεκολλημένων
3208 5407 3267 5459 δὲ
3294 5410 3357 5476 τῇ
3393 5408 3588 5479 ἀγάπῃ
3613 5405 3691 5459 τοῦ

2141 5485 2299 5540 Θεοῦ.
2336 5488 2395 5540 Et
2430 5488 2489 5541 δὲ
2526 5491 2620 5542 καὶ
2659 5492 2817 5563 χρεία
2857 5493 3083 5563 γένοιτα.
3120 5498 3409 5568 συντυχίας
3435 5539 3453 5565 ,
3490 5496 3688 5566 [1.1th-

2269 5627 2312 5658 ³⁸
2361 5628 2496 5683 ibid.
2551 5630 2630 5686 l8.

2748 5633 2792 5664 ”
2835 5633 2993 5689 Joan.
3048 5648 3137 5695 xv,
3192 5635 3246 5699 4,
3283 5633 3334 5688 5.
3456 5635 3507 5668 "
3554 5635 3687 5692 Joau.
