3918 6106
407 210 567 275 ,1743

1692 205 2061 269 ANTIOCHI
2100 204 2443 269 MONACHI

3554 197 3684 267 174-5

420 324 611 387 nibus,
639 321 805 390 inque
842 314 1037 372 cellula
1058 316 1314 387 quapiam
1337 314 1510 371 dedas
1538 322 1592 370 te
1621 314 1909 383 custodiae,
1941 331 2008 372 ac

2114 315 2247 371 ἀλλὰ
2293 315 2419 370 τότε
2472 313 2645 380 λαλεῖ,
2680 314 2811 368 ὅταν
2843 313 2980 388 θέλῃ
3014 313 3178 368 αὐτὸν
3204 313 3234 366 ό
3257 311 3401 375 Θεὸς
3430 311 3683 382 λαλῆσαι.

420 404 654 472 salvcris
706 425 809 466 ceu
860 422 1059 478 caprea
1105 408 1296 464 vitatis
1352 407 1568 478 laqueis
1647 407 1888 474 assolet,
1947 416 2004 463 et

421 506 576 579 quasi
610 505 728 560 avis
756 518 788 556 e
828 500 1059 555 reticulo
1090 499 1343 570 aucupis.
1377 498 1583 570 Laquei
1613 500 1763 555 enim
1806 509 1864 555 et
1910 516 2006 571 pe-

420 602 557 656 dicas
577 594 706 655 sunt
725 592 1103 664 aspirantibus
1118 591 1188 646 ad
1208 593 1468 658 salutem,
1495 594 1844 648 saecularium
1876 609 2007 648 con-

422 704 664 762 gressus,
694 702 759 741 ac
792 685 1020 756 prolixa:
1084 699 1280 739 eorum
1329 683 1812 739 confabulationes
1846 699 2005 738 men-

425 786 533 838 tc'm
562 794 794 850 prorsus
823 785 1054 831 avocant
1096 791 1127 829 a
1166 775 1263 831 Dei
1290 774 1704 846 .glorilicatione
1749 785 1807 832 et
1837 774 2001 846 spiri-

423 874 554 931 tuali
585 871 795 925 lzetitia.
829 870 908 924 Eo
931 869 1234 924 etiamnum
1278 868 1451 938 ipsam
1489 868 1720 940 adigunt
1757 868 2005 924 necessi-

425 965 573 1028 tatis,
607 970 669 1015 ut
724 960 875 1015 aliud
940 960 1079 1014 nihil
1134 960 1543 1029 contempletur
1574 974 1739 1029 quam
1782 959 2005 1015 illorum

425 1054 765 1124 vaniloquia,
817 1053 973 1122 juxta
1016 1051 1414 1106 Parmmiasten
1446 1068 1458 1103 :
1498 1069 1516 1101 ι
1556 1051 1786 1119 Decepit
1821 1059 2005 1105 autem

420 1165 549 1204 eum
595 1147 769 1203 multo
803 1158 1079 1205 sermone.
1119 1129 1306 1197 verbis
1356 1151 1539 1196 autem
1592 1142 1865 1197 labiorum
1902 1143 2006 1197 im-

425 1242 573 1311 pegit
604 1255 732 1294 eum
759 1239 823 1290 ⁸³.
870 1257 888 1288 ι
929 1236 1088 1303 Quod
1134 1235 1180 1290 si
1240 1236 1468 1306 propius
1515 1250 1616 1289 nos
1659 1236 1886 1300 adeunt,
1938 1235 2006 1292 de

424 1334 622 1389 anima:
655 1331 881 1387 salutari
916 1325 1154 1384 utilitate
1184 1328 1671 1393 consulturi,cum
1701 1328 1820 1384 istis
1845 1328 2009 1384 liceat

427 1434 614 1478 texere
645 1435 960 1476 sermonem
998 1434 1123 1473 cum
1156 1418 1452 1473 verborum
1486 1418 1816 1488 compendio
1839 1462 1854 1485 ,
1885 1434 2009 1489 qua:

426 1515 633 1584 alioqui
665 1513 857 1567 divino
883 1509 1106 1566 condita
1138 1509 1250 1565 sint
1283 1510 1418 1574 sale,
1461 1518 1517 1565 et
1540 1510 1691 1564 illinc
1727 1526 1831 1565 nos
1856 1518 2010 1565 actu-

428 1616 543 1661 tum
595 1602 990 1673 proripiamus.
1027 1600 1160 1654 Plus
1213 1600 1363 1653 enim
1407 1599 1511 1652 hac
1542 1607 1730 1654 nostra
1765 1599 2007 1653 brevilo-

2110 403 2399 463 Ὀτανοῦν
2430 423 2574 470 τινες
2598 404 3021 476 παρασάλλωσιν
3085 404 3360 474 ὠφελείας
3390 404 3581 475 χάριν,
3600 408 3687 460 καὶ

2107 498 2325 569 ἔχουσιν
2360 497 2543 550 πίστιν
2586 496 2733 550 θείου
2768 496 3117 565 Πνεῦματος,
3153 498 3212 548 έν
3246 495 3503 567 πρώτοις
3534 496 3690 563 γένη-

2105 607 2195 641 ται
2222 586 2460 652 ἔντευξις
2483 587 2620 658 πρὸς
2644 587 2735 640 τὸν
2764 586 2898 640 Θεὸν
2920 587 3050 657 περῖ⁹
3072 587 3315 640 πάντων.
3342 586 3464 639 Καὶ
3494 585 3612 638 τότε
3634 587 3689 639 τὸ

2107 676 2251 729 θεῖον
2299 675 2528 745 Πνεῦμα
2552 675 2757 747 πληροῖ
2783 676 2879 727 τὸν
2900 674 3214 746 ἄνθρωπον,
3247 677 3348 729 καὶ
3372 673 3687 747 πληρωθεὶς

2107 767 2279 833 λαλεῖ,
2303 769 2484 832 καθὼς
2528 771 2559 822 ὁ
2599 767 2806 838 Κύριος
2856 767 3151 836 βούλεται·
3194 767 3459 838 βούλεται
3501 768 3561 822 δὲ
3601 766 3686 821 τοῦ

2110 860 2347 930 σωθῆναι
2373 860 2551 913 πάντα
2577 858 2888 930 ἄνθρωπον.
2918 859 3096 912 Καλὸν
3143 861 3245 930 μὲν
3273 860 3336 912 τὸ
3383 859 3482 913 διὰ
3529 859 3690 927 λόγων

2107 951 2338 1020 ὠφελεῖν
2387 952 2517 1015 τοὺς
2577 951 3019 1023 πυνθανομένους
3043 969 3056 983 ·
3096 955 3357 1021 κρεῖσσον
3407 951 3473 1004 δὲ
3526 951 3588 1004 τὺ
3626 950 3686 1004 δι’

2110 1045 2310 1114 ἀρετῆς
2348 1046 2444 1096 καὶ
2496 1044 2808 1115 προσευχῆς
2867 1047 3150 1114 συνεργεῖν
3187 1045 3407 1107 αὐτοῖς.
3443 1043 3570 1115 Χρὴ
3606 1040 3690 1098 οὖν

2109 1137 2235 1198 τοὺς
2284 1136 2538 1199 θέλοντας
2577 1135 2884 1205 κτήσασθαι
2938 1136 3002 1189 τὸ
3065 1137 3273 1207 πλῆθος
3311 1138 3438 1190 τῶν
3463 1138 3689 1208 ἀρετῶν,

2113 1230 2251 1299 μήτε
2301 1227 2461 1298 δόξης
2514 1228 2789 1297 ἐφίεσθαι,
2827 1229 2971 1299 μήτε
3014 1229 3230 1293 πολλοῖς
3274 1232 3689 1301 συντυγχάνειν,

2110 1321 2292 1385 καθὼς
2327 1321 2544 1392 εἴρηται
2576 1337 2591 1353 ο
2628 1322 2766 1392 μήτε
2797 1321 3047 1391 προόδοις
3073 1322 3326 1392 συνεχέσι
3365 1321 3689 1393 κεχρῆσθαι,

2108 1414 2142 1485 ἢ
2180 1414 2441 1484 λοιδορεῖν
2468 1430 2643 1477 τινας,
2670 1415 2718 1465 εί
2747 1412 2844 1467 καὶ
2879 1414 2928 1468 οί
2964 1414 3374 1485 λοιδορούμενοι
3402 1416 3508 1486 τῆς
3536 1414 3695 1468 λοιδο-

2113 1507 2234 1579 ρίας
2288 1509 2428 1562 εἰσὶν
2470 1509 2634 1576 ἄξιον
2681 1505 2821 1581 μήτε
2877 1508 3049 1564 πολλὰ
3093 1511 3324 1581 ὁμιλεῖν.
3357 1510 3472 1563 κᾶν
3527 1512 3695 1564 πάντα

2111 1601 2255 1655 καλὰ
2282 1601 2463 1669 λέγειν
2503 1601 2779 1658 δύναιντο.
2823 1603 2890 1657 Ἠ
2916 1602 3027 1672 γὰρ
3059 1603 3358 1671 πολυλογία
3379 1606 3415 1673 ἡ
3436 1604 3691 1674 ἄμετρος,

426 1696 655 1767 quentia
712 1693 1156 1757 mdificabuntur,
1184 1706 1348 1761 quam
1399 1691 1447 1745 si
1481 1691 1859 1761 longissimam
1883 1706 2011 1744 ora-

2114 1691 2499 1762 διαφθείρουσα
2515 1693 2605 1745 τὸν
2633 1692 2783 1756 νοῦν,
2801 1694 2862 1746 οῦ
2897 1694 3058 1764 μόνον
3094 1696 3226 1766 περὶ
3255 1708 3361 1764 την
3390 1712 3695 1763 πνευματιο·

430 1791 639 1847 tionem
698 1801 1061 1857 prorogemus
1120 1784 1189 1841 de
1246 1786 1415 1842 rebus
1472 1784 1686 1839 mundi.
1746 1782 1904 1849 Quod
1966 1783 2011 1837 si

426 1881 704 1952 quispiam
755 1880 1002 1950 objiciat,
1030 1878 1164 1949 quid
1221 1877 1413 1948 utique
1462 1876 1667 1932 Paulus
1704 1878 1772 1930 ad
1796 1888 2010 1931 noctem

332 1962 367 1971 ”
430 1989 608 2044 usque
635 1973 1022 2043 intempestam
1053 1971 1254 2039 legitur
1281 1971 1630 2042 protendisse
1655 1984 1966 2024 sermonem
1995 1986 2014 2033 ;

429 2067 668 2136 primum
706 2065 837 2120 huic
880 2063 1294 2134 responderim,
1324 2063 1473 2133 quod
1503 2063 1573 2117 ab
1596 2063 1679 2117 eis
1705 2070 1853 2117 esset
1889 2076 2012 2115 mox

430 2158 743 2219 soluturus,
781 2154 985 2210 deinde
1036 2155 1164 2224 quia
1206 2168 1400 2209 recens
1432 2160 1592 2208 erant
1620 2152 1802 2207 edocti
1835 2152 2013 2230 prima

433 2249 563 2304 ﬁdei
596 2248 935 2303 rudimenta.
965 2246 1123 2302 Tunc
1150 2245 1300 2301 enim
1326 2246 1564 2323 primum
1590 2245 1699 2315 jaci
1734 2251 2016 2315 cmperant

433 2341 790 2396 fundamenta
828 2338 954 2393 lidei
995 2354 1095 2408 per
1150 2336 1598 2407 praedicationem
1644 2334 1904 2389 ferendae.
1932 2333 2014 2388 Ad

434 2436 572 2498 lucc,
598 2433 799 2488 Paulus
833 2431 1043 2502 Spiritu
1073 2440 1266 2486 sancto
1296 2438 1417 2483 erat
1441 2429 1658 2500 plenus,
1685 2442 1811 2481 nam
1833 2436 1889 2481 et
1919 2441 2018 2495 per

433 2541 560 2580 eum
588 2525 704 2594 ipse
728 2524 971 2594 Spiritus
992 2522 1345 2593 loquebatur.
1369 2522 1766 2591 Argumentum
1788 2517 2017 2573 evidens

435 2617 584 2690 quod
613 2619 738 2688 quis
771 2617 1038 2686 Spiritum
1065 2624 1315 2670 sanctum
1348 2614 1572 2678 habeat,
1605 2613 1842 2682 primum
1896 2610 2020 2681 qui-

434 2711 560 2765 dem
590 2710 636 2763 si
670 2717 992 2765 mansuetus
1018 2716 1124 2773 est,
1154 2706 1198 2762 si
1226 2706 1535 2776 requietus,
1573 2715 1631 2760 et
1661 2705 1729 2759 de
1758 2720 1817 2759 se
1849 2717 2015 2774 quam

437 2802 847 2856 modestissime
886 2800 1095 2854 sentiat
1125 2817 1140 2865 ;
1166 2798 1213 2853 si
1271 2798 1377 2853 sibi
1435 2805 1707 2866 temperat
1749 2796 1818 2850 ab
1865 2793 2016 2848 omni

436 2906 580 2945 vana
612 2890 917 2958 cupiditate
942 2889 1129 2944 saeculi
1166 2888 1353 2958 hujus,
1389 2903 1559 2956 seque
1587 2887 1765 2956 ipsum
1805 2884 2019 2940 caneris

439 2982 760 3039 hominibus
793 2981 969 3034 multo
993 2981 1227 3035 aestimet
1250 2976 1591 3034 inferiorem.
1624 2978 1729 3033 Sed
1755 2993 1933 3048 neque
1972 2977 2020 3030 is

437 3072 532 3142 qui
571 3070 787 3124 afﬂatus
808 3078 893 3124 est
921 3069 1130 3139 Spiritu
1171 3078 1384 3134 sancto,
1419 3069 1641 3139 quando
1684 3070 1802 3123 vult
1845 3068 2029 3138 loqui,

436 3164 687 3234 loquitur
737 3161 1004 3232 Spiritus,
1055 3162 1153 3216 sed
1210 3170 1341 3215 tunc
1382 3161 1666 3230 loquitur,
1699 3160 1744 3215 si
1797 3160 2020 3229 quando

443 3253 642 3309 siverit
692 3252 847 3306 illum
889 3251 1041 3322 loqui
1071 3253 1236 3308 Deus.
1266 3251 1402 3307 Cum
1436 3252 1605 3322 igitur
1636 3253 1889 3306 nonnulli
1916 3267 2021 3308 nos

440 3345 683 3400 adierint
733 3342 991 3398 utilitatis
1046 3342 1334 3413 captanda;
1386 3342 1588 3414 gratia,
1618 3341 1664 3398 si
1713 3342 1805 3397 isti
1848 3341 2018 3398 fidem

440 3438 684 3494 habeant
714 3437 892 3497 divini
936 3436 1106 3508 hujus
1136 3436 1398 3507 Spiritus,
1434 3438 1489 3491 in
1516 3438 1712 3508 primis
1739 3437 1808 3492 ad
1842 3437 2017 3492 Deum

439 3546 540 3601 pro
600 3530 920 3585 horninibus
992 3528 1257 3585 fundatur
1324 3529 1732 3600 interpellatrix
1794 3529 2021 3584 oratio:

438 3634 566 3673 nam
625 3628 759 3675 tunc
787 3618 1029 3690 Spiritus
1069 3620 1163 3676 ille
1182 3619 1405 3675 divinus
1434 3620 1700 3690 adimplet
1718 3619 2020 3687 hominem,

438 3713 532 3782 qui
560 3712 739 3781 gratia
773 3711 1043 3782 impletus
1060 3713 1318 3784 loquitur
1349 3713 1466 3783 jam
1491 3714 1646 3785 juxta
1679 3713 1900 3768 Domini
1928 3727 2026 3769 vo-

437 3804 707 3858 luntatem
737 3821 751 3858 :
782 3806 904 3860 vult
936 3814 1124 3861 autem
1153 3804 1307 3876 ipse,
1336 3821 1561 3861 omnem
1601 3806 1883 3861 hominem
1913 3806 2024 3862 sal-

437 3908 566 3951 vum
624 3894 744 3950 fieri
766 3896 832 3950 “.
866 3896 1009 3952 Sane
1040 3905 1101 3952 ut
1124 3896 1334 3975 bonum
1355 3897 1428 3952 sit
1453 3897 1658 3952 auxilio
1683 3912 1806 3953 esse
1835 3896 2022 3953 verbis

2115 1781 2215 1852 κήν
2240 1783 2504 1853 ἐργασίαν
2529 1785 2699 1854 ἀργὸν
2727 1785 2889 1842 αὐτὸν
2904 1782 3300 1853 απεργάζεται,
3325 1786 3475 1839 ἀλλὰ
3506 1789 3600 1839 καὶ
3624 1784 3696 1854 τῷ

2114 1875 2211 1944 τῆς
2250 1876 2479 1945 ἀκηδίας
2520 1877 2685 1930 αὐτὸν
2720 1877 3060 1949 παραδίδωσι
3086 1877 3320 1949 δαίμονι.
3361 1880 3589 1949 Ὥσπερ
3610 1874 3697 1933 οὖν

2114 1966 2172 2018 αἱ
2203 1965 2366 2036 θύραι
2392 1965 2485 2019 τοῦ
2528 1966 2813 2038 βαλανείου
2873 1967 3116 2038 συνεχῶς
3172 1970 3570 2039 ἀνοιγόμεναι.
3604 1972 3695 2039 τὴν

2115 2055 2262 2109 ἐνδοθ
2276 2057 2555 2128 ενθέρμην
2585 2056 2778 2112 θᾶττον
2798 2057 3065 2112 ὠθοῦνται
3096 2059 3232 2130 πρὸς
3257 2061 3324 2114 τὰ
3346 2061 3463 2127 ἔξω
3486 2079 3500 2090 ’
3532 2061 3697 2125 οὕτως

2116 2147 2213 2200 καὶ
2245 2148 2278 2217 ἡ
2308 2147 2454 2217 ψυχὴ
2485 2150 2613 2202 ὅταν
2643 2149 2812 2202 πολλὰ
2839 2150 2985 2203 θέλει
3015 2151 3387 2221 διαλέγεσθαι,
3419 2157 3520 2207 καὶ
3570 2157 3693 2208 πᾶν·

2115 2255 2237 2292 τοτε
2270 2239 2409 2292 καλὰ
2436 2239 2611 2308 λέγει,
2643 2239 2743 2311 τὴν
2766 2242 2966 2311 ἑαυτῆς
3002 2245 3245 2313 μνήμην,
3269 2245 3357 2299 διὰ
3376 2250 3488 2313 τῆς
3526 2264 3694 2317 φωνη-

2115 2332 2276 2400 τικῆς
2331 2329 2510 2401 πύλης
2556 2331 2953 2402 διαφθείρεται.
2989 2334 3143 2406 Καλὴ
3203 2331 3296 2388 οὖν
3345 2337 3504 2389 ἐστιν
3562 2338 3694 2390 κατὰ

2118 2424 2297 2475 πάντα
2323 2424 2356 2491 ἡ
2386 2424 2562 2494 σιωπή
2589 2441 2600 2453 ·
2623 2424 2891 2495 θησαυροὶ
2921 2426 3033 2497 γὰρ
3062 2426 3333 2497 βασιλικοὶ
3354 2431 3696 2501 πλησθήσον-

2098 2530 2208 2573 ¹ται
2239 2513 2483 2584 χρυσίου,
2508 2514 2602 2566 καὶ
2642 2516 2760 2579 νόες
2811 2518 2921 2569 τῶν
2970 2520 3187 2589 ἀληθῶς
3219 2522 3501 2592 μοναχῶν,
3537 2522 3693 2574 πλου-

2120 2604 2241 2667 σίας
2285 2605 2691 2675 πλησθήσονται
2751 2608 3005 2674 γνώσεως
3030 2612 3115 2663 ἐἰ
3150 2611 3208 2664 δὲ
3259 2614 3354 2665 καὶ
3397 2611 3693 2681 ἀναγκαῖόν

2119 2701 2267 2751 ἐστιν
2299 2699 2358 2752 τὸ
2399 2699 2695 2765 διδάσκειν,
2746 2703 2885 2773 πρὸς
2940 2705 3311 2775 ἐπανόρθωσιν
3339 2708 3526 2778 ψυχῆς
3552 2707 3692 2774 γινέ-

2122 2791 2255 2845 σθω.
2282 2788 2577 2864 Χρῄξομεν
2629 2789 2723 2847 οὖν
2774 2796 2832 2847 ὲν
2872 2799 2941 2867 τῇ
2963 2796 3280 2868 διδασκαλίᾳ
3312 2798 3689 2873 ἀδιαφτίορίαν,

2122 2882 2428 2952 σεμνότητα
2449 2925 2464 2949 ,
2527 2884 2684 2953 λόγον
2751 2887 2875 2957 ὐγιῆ
2901 2928 2916 2953 ,
2979 2889 3425 2958 ἀκατάγνωστον,
3489 2892 3572 2944 ἵνα
3626 2890 3691 2943 δι’

2121 2976 2278 3046 ἡμῶν
2333 2973 2563 3048 δοξασθῇ
2608 2979 2636 3029 ὁ
2678 2977 2811 3041 Θεὸς
2868 2980 2926 3032 ἐν
2987 2982 3171 3034 πᾶσιν.
3199 2999 3219 3031 ι
3258 2982 3339 3035 Τὰ
3374 2983 3503 3054 -γὰρ
3560 2982 3691 3035 ὅπλα

2120 3066 2302 3137 ἡμῶν,
2335 3068 2397 3120 οὐ
2469 3069 2728 3140 σαρκικὰ.
2770 3088 2790 3121 ι
2829 3071 2963 3123 ἀλλὰ
3022 3071 3223 3124 δυνατὰ
3273 3072 3354 3144 τῷ
3391 3072 3517 3143 Θεῷ
3565 3073 3689 3142 πρὸς

2123 3159 2440 3230 καθαίρεσιν
2491 3159 2862 3232 ὀχυρωμάτων
2899 3179 2911 3193 ·
2968 3163 3263 3232 λογισμοὺς
3319 3165 3688 3235 καθαίροντες,

2123 3252 2218 3306 καὶ
2246 3254 2355 3306 πᾶν
2386 3252 2587 3322 ὕψωμα
2617 3255 2981 3325 ἐπαιρόμενον
3013 3256 3155 3309 κατὰ
3183 3257 3286 3324 τῆς
3316 3257 3573 3324 γνώσεως
3600 3256 3686 3308 τοῦ

2120 3344 2278 3410 Θεοῦ,
2323 3345 2473 3409 ὅπως
2520 3344 2776 3413 ἀθολώτῳ
2822 3346 2989 3419 ψυχῇ,
3014 3349 3110 3402 καὶ
3147 3349 3349 3420 πραείᾳ
3374 3348 3592 3419 καρδίᾳ.
3620 3347 3687 3409 ὡς

2120 3438 2327 3501 εὐῶδες-
2341 3438 2591 3508 θυμίαμα
2617 3440 2650 3509 ἡ
2684 3439 2816 3509 εὐχὴ
2845 3438 3003 3508 ἡμῶν
3029 3439 3193 3510 δεκτὴ
3217 3441 3450 3510 γένηται
3476 3439 3554 3512 τῷ
3574 3439 3688 3492 ἐτά-

2122 3530 2266 3596 ζοντι
2300 3532 2529 3600 καρδίας
2561 3533 2656 3584 καὶ
2680 3532 2912 3600 νεφροὺς
2941 3532 3080 3602 Θεῷ.
3107 3534 3279 3603 Φησὶν
3306 3532 3362 3586 δὲ
3393 3533 3491 3587 καὶ
3521 3534 3551 3585 ὁ
3579 3530 3680 3583 Kri-

2125 3626 2392 3694 ptoqxoic
2425 3624 2623 3677 ἑαυτοῦ
2677 3622 2949 3694 μαθηταῖς
2978 3640 2992 3655 ο
3024 3642 3043 3675 ‹
3089 3624 3278 3694 Ὑμεῖς
3310 3624 3414 3679 οῦκ
3463 3625 3582 3676 ἐστε
3627 3623 3683 3673 ἐκ

2119 3716 2216 3771 τοῦ
2268 3716 2472 3785 κόσμου
2503 3714 2721 3780 τούτου,
2754 3714 2870 3770 ἀλλ’
2894 3715 3007 3783 ἐγὼ
3052 3715 3391 3786 ἐξελεξάμην
3447 3717 3586 3786 ὑμᾶς
3621 3717 3681 3767 ἐκ

2123 3808 2216 3859 τοῦ
2272 3805 2480 3876 κόσμου
2513 3822 2526 3837 ⁸
2554 3807 2657 3859 οὐκ
2688 3805 2769 3859 ἐτι
2827 3805 3001 3859 πολλὰ
3049 3804 3272 3877 λαλήσω
3316 3805 3436 3877 μεθ’
3467 3805 3631 3875 ὑμῶν.
3658 3822 3676 3854 ι

2120 3896 2282 3969 Αὐτῷ
2310 3900 2344 3968 ἡ
2371 3897 2498 3963 δόξα
2530 3900 2609 3961 εἰς
2629 3899 2756 3963 τοὺς
2785 3900 3009 3963 αἰῶνας.
3044 3901 3236 3971 Ἀμήν.

439 3984 549 4039 tuis
580 3985 632 4040 ei
657 3987 752 4056 qui
783 3996 836 4043 te
861 3988 1124 4057 quiddam
1160 3996 1336 4058 rogat,
1362 3989 1460 4043 sed
1488 3988 1813 4059 praestiterit
1839 3990 1914 4050 ei,
1986 3998 2046 4044 ut
2083 4004 2384 4060 cooperere
2442 4005 2546 4061 per
2597 3991 2862 4046 virtutem
2928 4000 2984 4047 et
3028 3995 3356 4049 orationem.
3391 3991 3498 4060 Qui
3527 3991 3680 4063 igitur

439 4077 959 4137 voletnumerosam
981 4082 1201 4152 assequi
1229 4083 1502 4136 virtutum
1563 4083 1803 4153 copiam,
1862 4099 2095 4139 necesse
2129 4086 2203 4139 sit
2256 4084 2506 4156 defugiat
2551 4086 2732 4142 inanis
2786 4087 2973 4157 glorire
3003 4088 3384 4158 cupiditatem,
3412 4104 3523 4143 non
3565 4100 3675 4141 cum

437 4169 625 4240 aliquo
661 4173 852 4229 multis
878 4172 1252 4237 conflictetur,
1279 4188 1381 4229 ceu
1417 4172 1625 4227 dictum
1664 4175 1776 4244 jam
1817 4182 1925 4239 est,
1993 4190 2062 4230 ne
2102 4175 2409 4230 continenti
2465 4190 2568 4230 usu
2631 4184 2959 4231 consuescat
3011 4191 3242 4247 pergere
3290 4179 3414 4233 aliis
3460 4177 3673 4232 obvius:

438 4264 605 4319 nullis
630 4264 998 4331 convicietur,
1032 4265 1339 4334 quamlibet
1366 4264 1516 4335 digni
1541 4250 1660 4319 sint
1682 4265 1891 4334 quibus
1939 4264 2251 4331 retalietur,
2289 4264 2385 4334 qui
2450 4264 2737 4319 incessunt
2802 4268 3033 4334 priores.
3065 4267 3184 4320 Non
3245 4267 3319 4322 ita
3345 4282 3470 4322 cum
3511 4265 3677 4321 multis

438 4359 867 4424 sermocinetur,
918 4359 1136 4414 etiamsi
1189 4358 1369 4414 videri
1425 4358 1643 4428 possint
1706 4359 1852 4412 bona
1919 4372 2042 4413 esse
2079 4373 2203 4428 qua:
2249 4358 2435 4413 dicere
2486 4358 2728 4413 instituit
2784 4360 2989 4413 omnia.
3049 4361 3412 4416 immoderata
3451 4361 3593 4417 enim
3629 4365 3676 4412 et

437 4450 664 4519 elfrenis
692 4450 989 4509 verborum
1021 4452 1280 4521 prolatio,
1313 4467 1422 4522 qua
1450 4451 1796 4521 periclitatur
1817 4451 2019 4506 mentis
2057 4451 2448 4522 tranquillitas,
2487 4452 2702 4522 1190
2758 4468 2870 4507 non
2932 4453 3107 4506 solum
3136 4453 3286 4508 circa
3320 4455 3674 4525 operationem

436 4542 781 4611 spiritualem
811 4543 1118 4599 lentescere
1179 4542 1310 4598 facit
1375 4556 1494 4595 eam
1529 4556 1597 4596 ac
1649 4540 1924 4605 desidere,
1992 4540 2089 4596 scd
2127 4550 2183 4595 et
2207 4541 2596 4596 molestissimo
2629 4541 2863 4596 daemoni
2913 4541 3118 4597 acedia:
3144 4545 3420 4614 mancipat
3449 4547 3589 4601 illam
3623 4556 3677 4597 ac

438 4633 613 4688 dedit.
649 4634 796 4690 Sane
824 4634 1293 4706 quemadmodum
1347 4633 1705 4688 exaestuantis
1754 4633 1936 4688 balnei
2003 4631 2155 4688 fores
2203 4634 2557 4708 continenter
2630 4642 2833 4703 apertae
2894 4633 2941 4687 si
2989 4644 3140 4695 sunt,
3187 4634 3442 4691 intimum
3475 4638 3674 4692 illorum

438 4727 681 4781 calorem
715 4725 872 4780 ocius
899 4725 1087 4781 efﬂant
1133 4734 1192 4780 et
1227 4726 1510 4794 expellunt
1540 4726 1597 4779 in
1635 4740 1701 4780 ea
1729 4740 1853 4794 qua:
1882 4732 2013 4781 sunt
2049 4725 2424 4790 extrinsecus;
2468 4725 2652 4779 ita‘et
2715 4725 2896 4779 anima
2922 4726 2967 4780 si
3032 4728 3255 4797 quando
3293 4729 3463 4784 multa
3491 4742 3677 4785 sermo-

439 4818 614 4877 cinari
664 4818 835 4879 volet,
889 4817 1100 4873 tametsi
1144 4818 1302 4872 'nihil
1341 4833 1453 4873 non
1489 4818 1636 4874 dicat
1676 4817 1940 4872 decorum
2004 4825 2061 4871 et
2101 4818 2415 4880 honestum,
2451 4817 2772 4871 memoriam
2834 4828 3019 4872 tamen
3062 4819 3149 4873 sui
3176 4820 3349 4889 ipsius
3380 4822 3561 4892 perdit
3594 4835 3675 4890 per

441 4911 646 4969 vocalis
672 4920 847 4982 portae
880 4926 1171 4981 organum.
1210 4911 1504 4967 Silentium
1575 4911 1744 4981 igitur
1814 4925 1914 4980 per
1971 4909 2157 4964 omnia
2188 4910 2392 4964 bonum
2430 4924 2494 4963 ac
2563 4908 2707 4979 frugi
2729 4919 2835 4965 est.
2898 4910 3130 4981 Regales
3178 4912 3403 4981 quidem
3452 4909 3673 4968 thesauri

440 5002 1018 5074 lmplebunturauro,
1050 5016 1106 5060 et
1127 5021 1324 5061 sensus
1350 5021 1545 5060 eorum
1570 5004 1666 5073 qui
1701 5018 1815 5058 non
1872 5004 2060 5057 fucate
2097 5013 2228 5058 sunt
2264 5003 2545 5067 monachi,
2577 5005 2979 5058 saturabuntur
3027 5004 3275 5060 scientiae
3299 5007 3595 5076 opulentia.
3624 5001 3671 5058 Si

439 5114 546 5167 qua
578 5099 798 5155 interim
826 5099 1060 5155 docendi
1091 5101 1365 5171 ingruerit
1393 5100 1718 5163 necessitas,
1743 5098 1811 5153 ad
1825 5099 2022 5155 animae
2055 5101 2484 5165 correctionem,
2519 5100 2739 5155 docete.
2800 5099 2860 5154 ln
2922 5100 3025 5153 hac
3054 5107 3239 5153 tamen
3262 5098 3499 5155 docendi
3528 5099 3669 5155 ratio-

455 5209 524 5250 ne
548 5194 806 5248 volumus
857 5195 1052 5249 adesse
1095 5194 1359 5247 doctrinae
1404 5192 1704 5262 legitimam
1755 5194 2250 5262 incorruptionem,
2278 5195 2626 5263 gravitatem,
2693 5194 2923 5249 verbum
2983 5209 3176 5248 sanum
3246 5202 3303 5248 et
3348 5196 3650 5265 irreprehen

439 5282 623 5346 sibJe,
679 5291 739 5338 ut
794 5298 892 5353 per
925 5297 1026 5337 nos
1086 5280 1425 5352 glorificetur
1482 5281 1629 5337 Deus
1679 5282 1737 5337 in
1789 5285 2070 5340 omnibus.
2130 5306 2148 5338 ι
2202 5288 2369 5341 Arma
2428 5305 2445 5338 ι
2485 5288 2633 5341 enim
2690 5306 2708 5338 σ
2764 5296 2951 5342 nostra
2986 5306 3094 5344 non
3135 5303 3268 5345 sunt
3298 5294 3555 5353 carnalia,
3592 5287 3669 5344 sed

450 5378 697 5448 potentia
735 5378 867 5443 Deo,
920 5378 985 5430 ad
1018 5375 1453 5430 destructionem
1489 5375 1863 5431 munitionum
1905 5394 1918 5430 :
1951 5378 2181 5433 consilia
2216 5378 2572 5434 destruentes
2601 5380 2644 5411 ”
2671 5447 2683 5457 .
2705 5402 2722 5433 ι
2763 5396 2821 5436 ut
2850 5382 3031 5437 anima
3074 5384 3242 5438 nullis
3263 5386 3462 5456 agitata
3495 5388 3666 5440 intem-

447 5468 633 5537 peziis,
664 5484 729 5524 ac
758 5469 874 5524 miti
912 5469 1098 5536 corde,
1146 5479 1334 5524 nostra
1371 5469 1548 5525 oratio
1581 5471 1727 5525 sicut
1762 5470 2045 5524 incensum
2077 5484 2246 5527 aliave
2278 5474 2546 5543 fragrans,
2582 5476 2825 5542 acreptai
2850 5476 2933 5529 ilis
2977 5475 3027 5531 ei
3077 5476 3168 5531 fiat
3206 5479 3301 5546 qui
3332 5481 3498 5534 rorda
3537 5492 3668 5533 scru-

516 5630 558 5657 "‘
590 5626 749 5682 I‘rov.
788 5644 965 5693 xxvut,
997 5628 1083 5681 '25.
1166 5628 1208 5659 ""
1241 5628 1256 5682 Ι
1292 5629 1432 5682 Tim.
1472 5646 1531 5694 ll,
1570 5631 1613 5683 i.

1699 5630 1735 5659 ’³⁵
1774 5629 1816 5682 ll
1848 5627 1975 5683 Cor.
2015 5646 2066 5696 x,
2098 5632 2150 5685 4.
