3918 6106
314 374 453 443 1745

1348 390 1681 449 HOMILIA
1719 391 1882 450 CIII.
1924 416 1990 425 —
2031 393 2127 451 DE
2168 386 2547 451 SlLENTlO.

3445 385 3581 448 lito

305 505 461 550 tatur
490 504 548 551 et
580 512 761 566 renes,
783 515 979 570 nempe
1022 499 1160 557 Deo.
1186 500 1295 557 Sed
1341 511 1400 557 et
1455 504 1721 560 Dominus
1771 505 1887 561 suis
1924 504 2064 560 dixit
2117 503 2410 575 discipulis
2449 520 2462 556 :
2500 522 2519 555 ι
2558 502 2670 557 Vos
2720 518 2830 556 nou
2886 501 3022 556 estis
3070 501 3140 556 de
3207 500 3412 557 uiuudo
3450 499 3576 562 hoc,

305 591 407 643 sed
454 607 559 662 ego
597 594 743 665 elegi
770 609 871 651 vos
906 594 976 651 de
1014 596 1228 652 mundo
1262 615 1275 651 :
1312 613 1424 655 non
1452 600 1567 671 jam
1594 599 1770 656 multa
1798 601 1999 672 loquar
2038 600 2332 658 vobiscum
2361 598 2425 653 “.
2467 617 2485 652 ι
2524 598 2639 668 Ipsi
2710 597 2885 669 gloria
2951 598 3025 652 in.
3079 597 3283 653 sarcula
3346 595 3578 652 sarculo—

302 697 459 738 rum.
487 685 684 740 Amen.

909 827 1128 880 ΛΟΓΟΣ
1181 827 1301 883 PI".

881 940 1017 1015 Περὶ
1044 941 1333 1010 ἡσυχίας.

395 1050 631 1121 Ἡσλχία
675 1049 896 1118 ὠφελεῖ,
926 1052 1035 1106 τῶν
1072 1054 1260 1109 κακῶν
1298 1056 1609 1129 ἀργήσασα.
1653 1059 1780 1114 Ἐὰν
1832 1060 1892 1114 δὲ

295 1141 405 1194 καὶ
434 1142 540 1205 τὰς
562 1141 836 1213 τέσσαρας
871 1144 1074 1212 ἀρετὰς
1112 1148 1170 1199 ὲν
1201 1150 1476 1220 προσευχῇ
1510 1149 1891 1221 πῳσλάδηται

297 1232 594 1302 βοήθημα,
620 1234 911 1304 τοῦτέστι,
942 1237 1041 1306 τὴν
1065 1238 1444 1311 μακροθυμίαν
1465 1243 1561 1295 καὶ
1580 1242 1680 1310 τὴν
1697 1259 1892 1297 ταπειτ

298 1326 684 1397 νοφροσύνην,
703 1328 1014 1399 ἀγρυπνίαν
1028 1348 1087 1385 τε
1105 1334 1197 1387 καὶ
1221 1334 1569 1404 ἐγκράτειαν,
1584 1335 1735 1389 οὐδὲν
1755 1336 1893 1408 αὐτῇ

302 1414 732 1487 συντομώτερον
756 1419 890 1487 πρὸς
919 1420 1208 1477 ἀπάθειαν.
1244 1423 1398 1495 Καλὴ
1427 1419 1521 1478 οῦν
1555 1427 1589 1494 ή
1639 1423 1897 1496 εὔκαιρος

302 1509 530 1576 σιωπὴ.
557 1509 714 1562 οὐδὲν
761 1509 949 1582 ἕτερον
993 1511 1148 1575 οὖσα,
1179 1514 1213 1585 ἥ
1249 1517 1435 1587 μήτηρ
1468 1500 1687 1571 ἐννοιῶν
1714 1535 1894 1587 σοφω-

301 1601 503 1652 τάτων
530 1618 542 1630 ·
575 1601 765 1673 ἐπειδὴ
797 1604 890 1657 καὶ.
921 1604 982 1657 τὸ
1003 1606 1206 1673 ἀγαθὸν
1232 1607 1454 1678 Πνεῦμα
1495 1610 1759 1678 ἐκφεύγει
1796 1611 1898 1683 τὴν

303 1691 675 1760 πολυλογίαν,
701 1695 776 1757 ώς
815 1698 1057 1768 ταραχῆς
1084 1699 1264 1767 πάσης
1293 1701 1387 1753 καὶ
1410 1701 1711 1769 φαντασίας
1742 1701 1899 1766 ἐκτὸς

300 1782 397 1834 ὃν.
444 1782 511 1834 Ἦ
544 1779 638 1836 οὖν
668 1784 867 1853 ήσοχία
895 1785 970 1848 ὡς
1000 1785 1139 1854 καλὴ
1168 1784 1301 1841 οὖσα
1355 1791 1538 1860 μήτηρ
1574 1790 1762 1843 πασῶν
1790 1789 1900 1843 τῶν

304 1869 536 1939 ἀρετῶν
561 1874 839 1942 τυγχάνει.
885 1875 940 1926 Ἀ
953 1879 1183 1948 πογεννᾷ
1203 1878 1313 1948 γάρ
1335 1879 1502 1943 αὐτὰς
1530 1879 1616 1934 διὰ
1639 1880 1740 1949 τῆς
1765 1881 1901 1950 πρὸς

309 1961 460 2015 Θεὸν
493 1963 839 2018 ἀδιαλείπτου
868 1968 964 2025 καὶ
987 1971 1399 2039 ἀπερισπάστου
1433 1972 1679 2043 ἡσυχίας.
1698 1972 1757 2025 ’0
1782 1972 1903 2037 φιλ-

310 2057 533 2124 ήσυχος
597 2058 830 2127 μοναχὸς
881 2060 1165 2128 ἀγαπᾶται
1204 2062 1309 2114 ὑπὸ
1355 2062 1451 2114 τοῦ
1493 2063 1651 2127 Θεοῦ,
1711 2065 1899 2135 ἐπειδὴ

1921 790 1971 849 Α

2570 827 2855 885 HOMILIA
2886 828 3018 884 Cll].

2627 941 2706 997 De
2733 942 2962 1009 silentio.

2067 1060 2166 1119 γει
2197 1060 2303 1115 hoc
2327 1058 2555 1115 nomine
2585 1058 2749 1113 nobis
2774 1057 3153 1124 emolumento
3184 1064 3267 1111 est
3296 1055 3583 1110 silentium

1999 1161 2056 1210 et
2082 1152 2325 1222 adjuvat,
2350 1151 2497 1223 quod
2526 1151 2722 1207 doceat
2744 1167 2775 1204 a
2802 1149 2962 1205 malis
2987 1148 3175 1204 feriari
3196 1147 3581 1217 etinterquie-

2001 1245 2347 1313 scere.Quod
2370 1246 2417 1301 si
2439 1244 2676 1300 virtutes
2701 1250 2942 1314 quatuor
2966 1243 3023 1298 in
3052 1242 3305 1298 oratione
3321 1240 3586 1307 colicilia-

2002 1339 2076 1395 rit
2096 1338 2203 1394 sibi
2225 1347 2283 1393 et
2300 1338 2580 1403 asciverit,
2605 1337 2810 1408 quibus
2834 1338 3066 1400 nitatur,
3091 1335 3360 1405 nimirum
3384 1335 3582 1404 longa-

2001 1433 2208 1489 nimem
2277 1431 2662 1493 tolerantiam.
2697 1429 2868 1485 animi
2897 1427 3249 1493 modestiam,
3312 1425 3583 1497 vigiliam,

2004 1519 2425 1590 temperantiam
2451 1535 2466 1585 ;
2496 1517 2637 1572 nihil
2668 1517 2887 1587 uspiam
2920 1515 3167 1573 inveniet
3191 1513 3341 1585 quod
3365 1513 3589 1569 brevio-

2005 1625 2067 1666 re
2115 1608 2447 1679 compendio
2494 1606 2735 1661 animam
2794 1606 2989 1661 reddat
3047 1604 3194 1660 circa
3238 1603 3589 1659 turbulentas

2004 1702 2293 1775 passiones
2336 1701 2439 1757 sic-
2464 1700 2740 1765 stabilem,
2777 1707 2838 1755 ut
2875 1698 3179 1755 silentium.
3205 1696 3379 1763 Quam
3418 1695 3588 1766 igitur

2007 1793 2259 1869 speciosa
2300 1806 2579 1861 quamque
2615 1799 2957 1860 opportuna,
2995 1796 3051 1843 et
3097 1786 3456 1844 accommoda
3503 1793 3591 1842 est

2007 1885 2172 1940 nobis
2220 1884 2403 1938 virtus
2456 1881 2705 1936 silentii?
2739 1880 2903 1935 Aliud
2954 1894 3186 1950 prorsus
3237 1878 3379 1933 nihil
3421 1892 3587 1948 quam

2009 1976 2547 2048 sapientissimarum
2605 1973 3004 2045 cogitationum
3060 1980 3260 2026 mater.
3307 1971 3591 2041 Benignus

2010 2069 2217 2125 etenim
2283 2068 2377 2123 ille
2449 2066 2693 2137 Spiritus
2749 2066 2843 2121 vix
2907 2064 3056 2120 aliud
3122 2072 3232 2119 tam
3301 2070 3592 2131 aversatur
3656 2108 3665 2111 ν

310 2148 417 2200 καὶ
469 2148 633 2212 αὐτὸς
669 2149 899 2217 ἀγαπῶν
930 2152 1020 2204 τὸν
1044 2153 1177 2206 Θεὸν
1207 2154 1356 2226 αὐτῷ
1393 2155 1539 2224 μόνῳ
1566 2154 1707 2208 θέλει
1734 2172 1902 2226 προσ*

2013 2170 2066 2216 et
2108 2159 2269 2230 fugit,
2312 2168 2375 2214 ut
2406 2158 2745 2229 multiloquii
2780 2159 3111 2222 vanitatem,
3134 2155 3589 2228 quandoquidem

310 2239 540 2309 ομιλεῖν
585 2241 675 2294 διά
720 2241 818 2311 τῆς
862 2241 1110 2313 καθαρᾶς
1162 2246 1491 2316 προσευχῆς,
1521 2248 1618 2300 καὶ
1662 2247 1759 2299 ἐπὶ
1801 2248 1905 2316 γῆς

311 2327 531 2395 διάγων
584 2328 653 2382 τὰ
708 2331 937 2411 οὐρᾴνια
984 2332 1336 2400 φαντάζεται.
1380 2334 1542 2398 Ὀλος
1573 2336 1682 2405 γὰρ
1717 2338 1746 2389 ὁ
1782 2336 1907 2398 νοῦς

313 2417 494 2489 αὑτοῦ
548 2421 789 2491 μεριμνᾷ
818 2421 880 2473 τὸ
925 2422 1042 2485 πῶς
1072 2423 1257 2492 ἀρέσει
1297 2424 1377 2495 τῷ
1403 2424 1544 2496 Θεῷ,
1610 2425 1705 2478 καὶ
1754 2425 1909 2494 γενέ-

310 2510 446 2563 σθαι
502 2511 639 2573 ναδς⁵
671 2511 765 2564 τοῦ
807 2512 1162 2580 ἀγίουιαὺτοῦ
1193 2515 1528 2585 Πνεῦματος.
1564 2516 1622 2569 '0
1667 2517 1909 2581 τοιοῦτος

306 2602 400 2654 ἀεὶ
443 2601 741 2655 ὐποκλίνει
769 2603 858 2656 τὸν
881 2604 1082 2674 αὐχένα
1113 2606 1278 2660 αὑτοῦ
1303 2608 1379 2678 τῷ
1409 2608 1631 2679 ἐλαφρῷ
1659 2609 1754 2663 καὶ
1779 2627 1911 2681 χρη-

310 2694 432 2764 στῷ
468 2693 621 2763 ζυγῷ
644 2696 737 2747 τοῦ
753 2697 989 2765 Χριστοῦ
1015 2714 1028 2728 ·
1054 2699 1147 2754 καὶ
1175 2700 1351 2752 πάντα
1389 2702 1458 2755 τὰ
1486 2700 1740 2771 ὁρώμενα
1763 2718 1906 2772 παρ-

311 2784 500 2856 ορῶν,
534 2786 642 2838 τῶν
685 2787 932 2856 ἀοράτων
991 2789 1223 2858 ἐφίεται.
1252 2791 1469 2845 Μᾶλλον
1502 2792 1558 2845 δὲ
1610 2793 1771 2845 αὑτὸν
1818 2792 1909 2845 τὸν

313 2879 567 2948 ἀόρατον
585 2879 658 2942 ὡς
695 2879 840 2946 ὁρῶν
862 2897 1033 2950 καρτε
1043 2884 1145 2952 psi.
1176 2883 1241 2935 Ol
1265 2882 1499 2936 τοιοῦτοι
1522 2887 1635 2947 τοῖς
1655 2884 1909 2952 ἀγγέλοις

316 2971 402 3041 τῷ
457 2969 564 3040 βίῳ
604 2972 1038 3040 συναμιλλῶνται
1071 2990 1082 3001 ·
1122 2974 1354 3028 πάντοτε
1376 2974 1477 3038 τὰς
1508 2977 1752 3045 ἐρήμους
1780 2976 1909 3029 διώ-

318 3076 547 3124 κοντες,
574 3060 661 3115 ἵνα
692 3063 750 3114 ἐν
779 3061 948 3133 πολλῇ
984 3064 1184 3133 ἠσυχίᾳ
1218 3064 1313 3117 καὶ
1348 3065 1654 3136 ἀμεριμνίᾳ
1682 3065 1761 3134 τῷ
1788 3065 1909 3136 Θεῷ

321 3152 801 3222 προσομιλοῦντες
827 3154 920 3207 τὸν
945 3154 1154 3208 ἑαυτῶν
1183 3154 1307 3208 νοῦν
1347 3154 1616 3224 ἔσοπτρον
1640 3156 1910 3225 ἀκηλίδω-

319 3261 421 3298 τον
477 3245 900 3315 ἀπεργάσωνται
918 3287 932 3310 ,
958 3247 1099 3300 κιτὰ
1128 3246 1220 3300 τὸν
1249 3247 1424 3317 μέγαν
1461 3248 1670 3312 Ἠλίαν,
1695 3248 1791 3302 καὶ
1818 3249 1912 3302 τὸν

323 3336 646 3407 πρόδρομον
704 3339 799 3391 καὶ
852 3337 1154 3409 βαπτιστήν
1209 3337 1303 3393 τοῦ
1355 3340 1560 3409 Κυρίου
1632 3339 1907 3411 Ἰωάννην.

320 3428 614 3499 Μακάριοι
641 3429 692 3481 οἱ
738 3427 968 3482 τοιοῦτοι
997 3432 1090 3482 καὶ
1127 3431 1220 3483 ἐπὶ
1266 3430 1371 3499 γ’ἧς
1402 3434 1496 3484 καὶ
1524 3433 1583 3484 ὲν
1611 3432 1862 3502 οὐρανοῖς
1895 3447 1909 3463 °

323 3519 536 3579 οἵτινες
599 3519 668 3571 τὰ
716 3520 893 3573 πάντα
945 3519 1207 3588 ἡγοῦνται
1233 3520 1503 3584 σκύϐαλα,
1547 3521 1634 3573 [va
1679 3521 1914 3588 Χριστὸν
1941 3519 1973 3554 "-

326 3610 671 3682 κερδήσωσι,
700 3612 795 3662 καὶ
825 3610 1129 3680 εὑρεθῶσιν
1157 3614 1215 3663 ἐν
1249 3611 1327 3682 τῷ
1352 3613 1539 3683 πραὲῳ
1574 3612 1668 3665 xal
1707 3612 1917 3682 ήσυχίῳ

327 3702 615 3771 πνεύματι
657 3702 986 3771 βαδίζοντες,
1024 3704 1119 3756 καὶ
1164 3704 1399 3773 μάλιστα
1430 3707 1511 3767 εἰς
1542 3703 1636 3764 οὒς
1677 3704 1920 3771 ἐφθάσα-

330 3811 442 3866 μεν
471 3794 722 3863 καιρούςο
766 3794 949 3857 καθὼς
972 3798 1000 3848 ό
1036 3798 1319 3866 προφήτης
1360 3796 1539 3865 Ἀμὼς
1564 3799 1634 3850 τὰ
1661 3797 1792 3866 περὶ
1822 3795 1917 3850 τοῦ

326 3887 637 3950 ἐνεστῶτος
685 3887 877 3956 καιροῦ
926 3890 1075 3958 ἡμᾶς
1113 3888 1389 3942 παιδεύων
1431 3889 1617 3960 φησιν,
1654 3907 1674 3941 ι
1720 3890 1808 3942 Ἐν
1843 3888 1920 3959 τῷ

325 3975 522 4047 καιρῷ
551 3975 746 4047 ἐκείνῳ
771 3979 799 4029 ὁ
824 3976 1019 4031 συνιὼν
1046 3979 1404 4050 σιωπήσεται,
1427 3980 1509 4033 ὅτι
1539 3981 1732 4051 καιρὸς
1755 3982 1922 4050 πονη-

330 4073 433 4145 pd;
467 4073 610 4125 ἐστι.
645 4088 665 4122 ι
708 4070 818 4125 Kal
846 4073 875 4124 ό
919 4072 1167 4135 Ἡσαΐας,
1207 4091 1224 4124 ι
1263 4073 1452 4127 Μισῶν
1506 4075 1795 4144 πονηρίαν,
1826 4073 1922 4126 καὶ

322 4162 440 4225 τὰς
517 4162 729 4229 χεῖρας,
774 4160 1161 4232 ἀποσειόμενος
1218 4163 1326 4216 ἀπὺ
1377 4162 1586 4235 δώρων,
1644 4166 1919 4234 καμμύων

326 4252 677 4322 ὀφθαλμοὺς,
699 4252 787 4306 ἵνα
816 4252 890 4322 μὴ
910 4253 994 4325 ῐδῃ
1024 4253 1257 4319 ἀδικίαν,
1277 4250 1431 4319 οὗτος
1453 4258 1667 4327 οἰκήσει
1697 4260 1756 4310 ὲν
1781 4275 1924 4330 σπη-

326 4346 501 4416 λαίῳ,
530 4346 690 4415 ἀρτος
746 4345 895 4416 αὐτῷ
944 4346 1256 4416 δοθήσεται,
1298 4348 1393 4400 καὶ
1435 4349 1495 4402 τὸ
1554 4347 1699 4421 ὕδωρ
1758 4351 1921 4406 αὑτοῦ

329 4436 558 4493 πιστόν.
600 4457 618 4489 ι
646 4438 758 4492 Kal
810 4440 876 4492 ὲκ
928 4438 1221 4509 προσώπου
1268 4440 1474 4511 Κυρίου
1518 4439 1703 4511 φησιν,
1741 4460 1759 4492 ι
1803 4443 1925 4495 Ἐπὶ

326 4532 470 4587 τίνα
504 4529 803 4600 ἐπιϐλέψω,
838 4531 955 4585 ἀλλ’
986 4533 1019 4603 ἢ
1051 4532 1144 4586 ἐπὶ
1167 4533 1259 4587 τὸν
1287 4532 1542 4586 ταπεινὸν
1559 4534 1652 4587 καὶ
1681 4535 1885 4605 ἥσυχον
1908 4577 1920 4599 ,

329 4626 443 4681 καὶ
491 4623 767 4693 τρέμοντά
807 4642 906 4695 μου
945 4630 1072 4689 τοὺς
1094 4626 1285 4694 λόγους
1317 4643 1332 4691 ;
1372 4644 1391 4677 ι
1424 4626 1538 4679 Kal
1565 4630 1594 4679 ὁ
1627 4627 1921 4698 Ἱερεμίας,

338 4738 361 4772 ι
399 4717 505 4777 Τίς
533 4714 695 4769 δώσει
721 4732 830 4786 μοι,
855 4715 1052 4782 λέγων,
1078 4721 1135 4770 ὲν
1163 4720 1230 4788 τῇ
1259 4720 1470 4788 ἐρήμῳ,
1502 4718 1745 4789 σταθμὸν
1764 4720 1928 4790 ἔσχα-

2009 2253 2058 2308 is
2115 2253 2185 2307 ab
2246 2251 2785 2307 omni~turbulenta
2842 2265 2901 2305 se
2964 2251 3259 2317 submovet
3321 2250 3595 2319 intempe-

2008 2343 2089 2398 rie
2118 2352 2286 2413 atque
2317 2343 2686 2398 ludificatoria
2727 2344 3143 2413 imaginatione.
3171 2341 3465 2397 Silentium
3495 2339 3593 2411 igi-

2007 2445 2100 2491 tur
2123 2445 2281 2491 tanto
2308 2452 2439 2491 cum
2466 2436 2759 2506 splendeat
2791 2435 3013 2496 decore,
3071 2443 3251 2489 mater
3289 2434 3416 2505 jure
3457 2447 3590 2487 cen-

2008 2535 2163 2582 setur
2190 2527 2462 2583 virtutum
2494 2527 2755 2581 monachi
2789 2545 2802 2579 :
2833 2541 2928 2581 eas
2949 2525 3099 2579 enim
3126 2531 3467 2592 progenerat
3496 2536 3596 2592 per

2005 2619 2195 2690 jugem
2240 2627 2300 2675 et
2334 2619 2671 2674 indivulsam
2721 2618 2789 2674 ad
2837 2619 3011 2673 Deum
3064 2613 3593 2684 interpellationem.

2010 2710 2314 2767 Monachus
2346 2711 2553 2766 silentii
2583 2720 2640 2765 et
2663 2709 2867 2780 quietis
2891 2717 3104 2764 amator
3133 2723 3244 2762 non
3266 2715 3454 2776 potest
3483 2720 3593 2759 nou

2009 2817 2041 2855 a
2076 2802 2190 2856 Deo
2254 2800 2433 2870 diligi.
2463 2798 2604 2855 Cum
2658 2800 2808 2854 enim
2861 2799 2959 2854 Dei
3008 2813 3200 2852 amore
3258 2796 3593 2857 inardescat,

2010 2892 2114 2948 soli
2146 2893 2302 2962 cupit
2324 2891 2440 2947 Deo
2463 2892 2708 2963 colloqui
2741 2908 2840 2963 per
2861 2891 3140 2947 sinceram
3167 2890 3497 2945 orationem.
3524 2887 3595 2950 Is,

2009 2985 2115 3039 etsi
2137 2985 2190 3038 in
2206 2992 2350 3039 terra
2372 2991 2644 3049 moretur,
2660 2984 2907 3040 cmlestia
2934 2992 3120 3037 tamen
3146 2980 3494 3036 transcendit
3510 2978 3598 3049 pia

2012 3076 2407 3145 imaginatione
2432 3094 2445 3131 :
2472 3085 2588 3133 tota
2628 3076 2778 3132 enim
2807 3076 2975 3132 istius
2995 3090 3151 3130 mens
3181 3073 3238 3128 in
3276 3073 3384 3127 hac
3417 3087 3526 3126 una
3545 3082 3600 3126 et

2011 3168 2172 3223 anxia
2194 3168 2528 3239 cogitatione
2544 3179 2818 3233 versatur,
2837 3177 2898 3223 ut
2914 3169 3028 3223 Deo
3040 3182 3099 3221 se
3119 3165 3395 3235 probetac
3408 3162 3605 3218 reddat

2011 3261 2326 3326 amabilem,
2356 3261 2645 3330 sanctique
2670 3261 2911 3331 Spiritus
2935 3258 3202 3328 templum
3221 3262 3607 3327 promereatur

2012 3346 2394 3422 eﬁici.1191
2422 3352 2521 3407 llic
2542 3353 2815 3408 cervicem
2837 3366 2991 3406 suam
3016 3364 3281 3419 perquam
3309 3347 3421 3403 leui
3447 3347 3607 3402 Chri-

2015 3444 2085 3500 sti
2110 3446 2242 3515 jugo
2284 3454 2344 3500 et
2390 3445 2545 3499 suavi
2581 3443 2889 3498 substernit
2928 3441 3157 3497 acclinis
3189 3454 3428 3510 semper.
3458 3439 3605 3496 Visiv

2017 3535 2152 3589 bilia
2185 3544 2383 3589 cuncta
2420 3533 2825 3595 transmittens,
2862 3531 2929 3586 ad
2968 3529 3334 3585 invisibilium
3390 3528 3606 3599 rapitur

2017 3638 2285 3683 amorem,
2307 3624 2481 3694 magis
2500 3638 2633 3677 vero
2654 3622 3019 3677 invisibilium
3059 3628 3359 3691 (quatenus
3382 3635 3448 3674 ea
3474 3633 3608 3675 con-

2019 3715 2345 3785 templatur)
2377 3716 2749 3785 aliquousque
2787 3729 3018 3783 compos
3039 3714 3151 3782 jam
3184 3718 3290 3767 est.
3340 3709 3447 3777 Qui
3471 3710 3606 3766 tales

2019 3811 2171 3866 sunt,
2217 3802 2461 3871 puritate
2509 3803 2637 3857 vita:
2690 3817 2817 3857 cum
2876 3801 3088 3870 angelis
3144 3798 3603 3867 congrediuntur.

2020 3895 2115 3950 lsti
2162 3896 2318 3950 nullo
2349 3910 2461 3949 non
2499 3900 2749 3964 tempore
2799 3899 3069 3962 expetunt
3120 3889 3436 3958 adeuntque
3478 3886 3610 3943 soli.-

2023 3986 2268 4052 tudines,
2317 3993 2381 4063 ut
2437 3985 2704 4041 taciturni
2767 3999 2832 4040 ac
2874 3981 3160 4052 tranquilli
3210 3980 3368 4051 prius
3419 3978 3606 4035 divina

2020 4078 2382 4149 perfruantur
2402 4077 2759 4142 allocutione,
2802 4090 3066 4145 suamque
3095 4073 3338 4143 ipsorum
3369 4081 3605 4127 mentem

2022 4170 2311 4241 speculum
2374 4169 2615 4225 efﬁciant
2668 4169 2821 4223 nulla
2873 4168 2996 4222 labe
3046 4167 3458 4236 intrrpunctum
3513 4173 3609 4219 aut

2021 4277 2331 4333 aspersum,
2381 4278 2639 4333 maguum
2672 4262 2826 4316 illum
2880 4260 3080 4315 imitati
3127 4259 3303 4314 Elian:
3360 4272 3607 4327 asprat-

2021 4372 2308 4413 cursorem
2330 4364 2387 4411 et
2408 4355 2702 4425 baptistam
2721 4352 2939 4408 Domini
2958 4351 3248 4407 Joannem.
3274 4347 3427 4403 Beati
3448 4347 3608 4418 plane

2026 4448 2189 4514 tales,
2212 4463 2339 4502 cum
2376 4461 2545 4516 super
2572 4455 2802 4507 terram,
2839 4454 2956 4499 tum
2981 4452 3040 4499 et
3063 4444 3120 4498 in
3152 4441 3328 4505 caelis,
3363 4440 3459 4510 qui
3485 4440 3611 4510 qui-

2024 4539 2150 4595 dem
2172 4539 2359 4594 omnia
2389 4538 2603 4594 ducunt
2636 4538 2793 4608 quasi
2826 4547 3092 4601 stercora,
3120 4534 3403 4592 Christum
3437 4542 3498 4587 ut
3524 4533 3609 4587 lu-

2025 4631 2311 4686 crifaciaut
2350 4630 2814 4699 invenianturque
2872 4630 2929 4684 in
2971 4629 3095 4684 miti
3137 4644 3203 4683 ac
3240 4625 3611 4696 requietotin-

2028 4723 2226 4777 cedere
2260 4722 2483 4792 Spiritu.
2520 4721 2690 4791 quue
2723 4737 2829 4776 nos
2879 4720 3125 4775 omnium
3164 4718 3400 4773 maxime
3430 4716 3609 4773 facere

329 4824 477 4873 τον;
514 4807 609 4859 καὶ
636 4805 946 4875 καταλείψω
979 4807 1070 4860 τὸν
1084 4808 1222 4861 κλαὺν
1249 4809 1480 4875 τοῦτον;
1524 4829 1543 4861 ι
1575 4812 1687 4864 Kal
1717 4812 1880 4864 πάλιν
1906 4851 1909 4861 ι

2030 4811 2281 4876 addecet,
2326 4812 2513 4881 quiin
2556 4812 2674 4866 haec
2724 4811 3083 4882 pervenimus
3110 4818 3380 4879 tempora.
3427 4806 3521 4863 Sic
3553 4816 3612 4861 et

338 4922 360 4955 ι
399 4901 524 4955 Οὐκ
554 4899 811 4952 suam
885 4900 1023 4970 μετά
1099 4900 1521 4972 συμπαιζόντων
1570 4902 1777 4970 αὐτῶν,
1802 4904 1909 4956 ἀλλ

2021 4904 2292 4975 propheta
2338 4903 2538 4967 Amos,
2601 4918 2726 4972 quae
2792 4890 3020 4957 instanti
3067 4910 3321 4971 tempore
3359 4897 3609 4966 contige-

334 4990 697 5063 εὐλαῦούμην
730 4991 839 5044 ἀπὸ
866 4992 1160 5063 προσώπου
1198 4995 1381 5063 χειρός
1415 5011 1530 5049 σου.
1567 4994 1724 5048 Κατὰ
1755 4995 1909 5065 μόνας

2026 5004 2179 5061 runt,
2221 5010 2323 5050 suo
2347 5010 2450 5050 nos
2479 4994 2863 5064 praeerudiens
2892 4993 3140 5058 oraculo,
3171 4992 3250 5046 ait
3285 5010 3297 5044 :
3335 5009 3351 5040 ι
3389 4989 3446 5042 lu
3478 4996 3612 5042 tem-

317 5082 658 5168 ἐκαθήμην,
686 5084 770 5136 ὅτι
811 5082 1039 5151 πικρίας
1089 5082 1447 5154 ἐνεπλήσθην.
1484 5102 1503 5135 ι
1534 5085 1646 5137 Kal
1681 5086 1710 5138 ὀ
1736 5083 1902 5141 Δαυῒδ

2028 5102 2162 5157 pore
2209 5086 2305 5141 illo
2353 5086 2670 5156 intelligens
2710 5084 2920 5149 silebit,
2966 5084 3092 5153 quia
3131 5090 3370 5149 tempus,
3404 5076 3609 5131 malum

346 5197 367 5228 ‹
405 5174 727 5245 Ἐμάκρυνα
746 5175 1089 5244 φυγαδεύων,
1112 5177 1207 5229 καὶ
1225 5175 1494 5246 ηὐλίσθην
1513 5177 1574 5230 ὲν
1588 5181 1652 5246 τῇ
1677 5178 1774 5247 ὲρή
1785 5194 1909 5247 μῳ.ι

2026 5185 2112 5233 est
2160 5178 2227 5231 ⁸⁷.
2260 5196 2278 5228 ι
2313 5177 2479 5232 Isaias
2523 5192 2748 5247 quoque
2783 5194 2797 5230 :
2840 5195 2855 5225 ι
2884 5174 2987 5240 Qui
3031 5172 3150 5226 odit
3180 5168 3524 5240 iniquitatem
3556 5176 3611 5222 et

342 5268 488 5332 Kal,
519 5264 790 5339 [Ἐθέμην
812 5267 873 5320 τὸ
905 5267 1110 5338 ἔνδυμά
1138 5285 1261 5339 μου,
1291 5267 1540 5341 cauom]
1567 5287 1586 5320 ι
1623 5269 1831 5339 ἐθέμην
1853 5269 1909 5338 τᾷ

2035 5284 2236 5324 manus
2276 5268 2490 5324 excutit
2525 5284 2556 5323 a
2590 5266 2963 5330 muneribus;
3021 5262 3113 5332 qui
3155 5261 3365 5316 claudit
3418 5260 3609 5315 oculos

343 5359 588 5428 στόματί
620 5376 723 5429 μου
775 5359 1021 5428 φυλακὴν
1064 5361 1123 5413 ἐν
1149 5359 1226 5429 τῷ
1252 5364 1512 5432 συστῆναι
1532 5340 1632 5414 ντδν
1669 5361 1901 5433 ἁμαρτω

2030 5376 2101 5415 ne
2145 5359 2331 5414 videat
2364 5340 2738 5429 iniquitatem,
2790 5356 2884 5413 hic
2925 5353 3199 5409 habitabit
3248 5353 3303 5405 in
3346 5351 3607 5431 spelunca

345 5449 452 5504 λδν
496 5449 736 5503 ἐναντίον
766 5467 868 5521 μου
899 5449 1223 5523 [ὲκωφώθην
1278 5450 1371 5505 καὶ
1417 5450 1790 5521 ὲταπεινώθην
1839 5469 1909 5506 κα

2031 5452 2283 5517 excelsa;
2334 5451 2496 5521 panis
2542 5449 2596 5504 ei
2644 5447 2890 5506 dabitur.
2939 5454 2995 5501 et
3026 5459 3167 5514 aqua
3212 5443 3334 5513 ejus
3381 5442 3604 5496 ﬁdelis:

349 5541 596 5612 ἐσίγησα
623 5541 682 5609 ἐξ
712 5541 957 5611 ἀγαθῶν.
982 5543 1113 5599 Kal.
1126 5542 1330 5618 πάλιν,]
1367 5544 1672 5613 ὲκωφώθην
1705 5544 1802 5597 καὶ
1834 5544 1909 5597 ob:

2032 5544 2235 5615 Regem
2289 5557 2416 5596 cum
2475 5540 2649 5612 gloria
2697 5539 2936 5604 videbit,
2993 5546 3049 5593 et
3103 5536 3247 5593 oculi
3303 5533 3470 5588 vestri
3530 5532 3610 5587 vi»

350 5633 554 5707 ἥξθοιξα
580 5634 641 5688 τὸ
663 5634 842 5706 στόμα
874 5650 999 5706 μου,
1029 5636 1113 5690 ὅτι
1143 5637 1206 5691 σὺ
1229 5638 1509 5704 ἐποίησας.
1544 5655 1560 5685 ι
1596 5635 1725 5697 Kal,
1764 5653 1782 5686 ι
1824 5634 1905 5688 Κῦ

2035 5635 2244 5707 debunt
2274 5643 2479 5690 terram
2508 5632 2576 5686 dc
2611 5632 2790 5702 longe,
2824 5631 3003 5686 anima
3032 5636 3210 5684 vestra
3252 5625 3596 5681 ineditabitm

436 5791 484 5828 “
513 5790 670 5847 Joan.
701 5806 788 5855 xv,
825 5790 920 5852 l9;
946 5797 1056 5852 xw,
1081 5781 1168 5840 50.
1199 5781 1240 5811 "
1270 5783 1435 5837 Amos
1463 5797 1511 5847 v,
1546 5782 1625 5837 l3.
