3918 6106
328 258 473 325 1749

1383 260 1710 321 HOMILIA
1748 261 1857 321 CV.
1889 283 1958 293 υ·
1982 260 2079 320 DE
2120 249 2578 319 PSALMODIA.

3447 249 3587 313 1750

326 371 530 427 ἀσπίδα
549 387 610 424 τε
633 370 727 425 καὶ
757 367 903 442 δόρυ,
934 364 1039 438 τὴν
1078 370 1160 434 είς
1202 370 1362 423 αὐτὸν
1398 372 1642 442 ἀγάπην,
1677 373 1771 424 καὶ
1792 370 1889 439 τὴν

2024 370 2231 426 vadere
2270 366 2571 440 possimus.
2618 367 2758 424 Cum
2795 366 3098 423 sobrietate
3143 376 3275 432 ergo
3300 369 3357 418 et
3383 361 3580 415 alacri-

326 465 609 537 μάχαιραν
651 463 745 518 τοῦ
789 464 1129 534 Πνεύματος,
1163 464 1192 518 ό
1224 465 1340 517 ἐστι
1387 464 1458 517 τὰ
1504 464 1661 532 λόγια
1710 460 1895 517 αὑτοῦ.

326 556 443 610 Καὶ
478 553 691 624 στῶμεν
723 553 866 607 κατά
893 552 989 607 τοῦ
1021 552 1317 607 ἀντιπάλου
1359 553 1435 616 ὡς
1458 554 1697 621 γενναῖοι
1740 568 1901 621 στρα-

319 646 560 708 τιῶται,
589 644 657 698 δι’
705 643 1046 715 ἀγρυπνιῶν,
1089 643 1186 696 καὶ
1234 641 1518 713 νηστειῶν,
1549 642 1645 696 καὶ
1672 657 1900 712 προσευ-

322 738 460 808 χῶν·
491 736 672 800 καθὼς
703 737 799 790 καὶ
821 737 878 789 ἐν
909 738 1031 798 ταῖς
1054 735 1379 805 Παροιμίαις
1402 735 1732 803 γέγραπται,
1767 751 1785 782 ι
1813 732 1904 797 Μὴ

316 824 437 896 δῷς
493 823 661 878 ὕπνον
707 826 820 887 σοῖς
868 823 1199 892 ὀφθαλμοῖς,
1248 822 1370 893 μηδ’
1400 822 1763 892 ἐπινυστάξῃς
1795 824 1904 882 σοῖς

322 916 650 988 βλεφάροις,
682 915 770 981 ἵνα
802 915 950 989 σώζῃ
987 915 1177 986 ῶσπερ
1210 913 1412 982 δορκὰς
1439 915 1503 965 ἐκ
1549 912 1782 982 βρόχων,
1812 914 1908 973 καὶ

317 1006 524 1076 ὥσπερ
550 1006 737 1077 δρνεον
763 1007 828 1058 ἐκ
856 1005 1102 1074 παγίδος.
1136 1024 1161 1061 ο
1201 1005 1308 1057 Καὶ
1338 1006 1367 1057 ό
1409 1001 1572 1055 Δαυῒδ
1601 1003 1661 1055 δέ
1718 1014 1909 1071 φησιν,

330 1118 353 1152 ι
396 1100 468 1153 El
496 1097 652 1152 δώσω
682 1098 850 1152 ὕπνον
879 1101 994 1160 τοῖς
1032 1097 1330 1167 ὀφθαλμοῖς
1367 1113 1469 1167 μου
1505 1097 1598 1148 καὶ
1635 1097 1747 1157 τοῖς
1792 1094 1910 1164 βλεσ-

323 1193 533 1263 φάροις
566 1208 669 1261 μου
702 1190 1030 1261 νυσταγμὸν,
1070 1189 1175 1252 ἕως
1214 1180 1276 1241 οὗ
1322 1188 1469 1259 εὕρω
1494 1187 1656 1241 τόπον
1686 1185 1762 1256 τῷ
1804 1188 1914 1239 Κυν

324 1285 462 1356 ρίῳ.
510 1303 529 1338 ι
567 1285 679 1339 Καὶ
725 1282 908 1348 πάλιν,
950 1302 970 1335 ι
1011 1282 1389 1354 Ἢγρύπνησα,
1417 1281 1512 1334 καὶ
1549 1280 1814 1350 ἐγενόμην
1838 1278 1912 1343 ὡς

326 1375 623 1445 στρουθίον
656 1376 889 1445 μονάζον
919 1375 1012 1427 ἐπὶ
1040 1374 1314 1443 δώματος.
1353 1393 1373 1425 ι
1408 1400 1475 1413 -ο-
1510 1390 1529 1423 ι
1570 1372 1769 1440 Ἐγγὺς
1804 1369 1913 1441 γὰρ

324 1468 546 1538 Κύριος
592 1470 705 1531 τοῖς
758 1465 1245 1538 συντετριμμένοις
1287 1466 1354 1536 τῇ
1403 1463 1621 1534 καρδίᾳ,
1652 1465 1748 1516 καὶ
1790 1464 1913 1525 τοὺς

325 1559 632 1621 ταπεινοὺς
675 1558 753 1630 τῷ
788 1557 1060 1627 πνεύματι
1105 1555 1290 1610 σώσει.
1322 1574 1342 1607 ι
1386 1555 1495 1609 Καὶ
1528 1551 1707 1618 αὖθις,
1752 1572 1769 1605 ι
1804 1554 1917 1607 Με-

329 1650 624 1705 σονύκτιον
664 1648 1035 1719 ἐξηγειρόμην
1077 1646 1171 1699 τοῦ
1208 1645 1651 1717 ἐξομολογεῖσθαι
1704 1661 1787 1697 σοι
1824 1644 1918 1696 ἐπὶ

326 1740 403 1795 τὰ
433 1741 681 1813 κρίματα
709 1741 806 1811 τῆς
830 1737 1173 1807 δικαιοσύνης
1208 1754 1324 1791 σου.
1364 1754 1384 1788 ι
1422 1737 1530 1790 Καὶ
1563 1736 1746 1799 πάλιν,
1784 1753 1803 1787 ι
1848 1736 1910 1801 ῘΟ

325 1832 496 1898 Θεὸς,
536 1834 564 1886 6
602 1831 732 1895 Θεός
770 1847 895 1901 μου,
920 1830 1055 1900 πρὸς
1102 1829 1165 1881 σὲ
1220 1827 1719 1900 ὀρθρίζω,ἐδίψησέ
1777 1843 1837 1881 σε
1876 1828 1909 1897 ἡ

327 1925 488 1994 ψυχή
538 1941 666 1993 μου.
700 1942 718 1974 ι
757 1921 889 1987 Καὶ,
930 1939 950 1973 ι
989 1919 1317 1990 Προέφθασα
1373 1921 1431 1973 ἐν
1467 1918 1646 1990 ἀωρίᾳ
1672 1919 1763 1972 καὶ
1792 1918 1912 1970 ἐκέ-

332 2018 543 2089 κραξα.
578 2036 596 2069 ι
627 2016 760 2079 Καὶ,
792 2034 808 2069 ι
846 2013 1205 2085 Προέφθασαν
1238 2013 1287 2065 οἱ
1314 2010 1583 2081 ὀφθαλμοί
1618 2027 1721 2080 μου
1777 2009 1913 2080 πρὸς

331 2108 542 2182 ὄρθρον
572 2108 665 2161 τοῦ
704 2106 933 2176 palatii;
963 2106 1028 2160 τά
1057 2103 1216 2172 λόγιά
1247 2120 1365 2158 σου.
1407 2122 1428 2156 ι
1474 2103 1585 2156 Καὶ
1628 2103 1741 2165 τοῖς
1787 2117 1915 2171 μετ-

331 2200 487 2268 όχοις
530 2197 697 2253 αὐτοῦ
732 2198 941 2266 ἔλεγεν,
1002 2216 1020 2248 ι
1070 2197 1158 2248 Ἐν
1203 2198 1324 2258 ταῖς
1368 2194 1516 2261 νυξὶν
1549 2193 1789 2262 ἐπάρατε
1816 2191 1916 2255 τὰς

333 2292 533 2360 χεῖρας
567 2288 722 2358 ὑμῶν
753 2289 833 2351 είς
856 2287 928 2340 τὰ
948 2285 1100 2354 ἅγια,
1130 2275 1527 2353 καὶέὑλογεῖτε
1546 2285 1636 2337 τὸν
1655 2284 1874 2355 Κύριον.
1890 2303 1910 2336 ι

335 2380 454 2433 Καὶ
485 2382 514 2432 6
566 2379 921 2443 Ἀπόστολος,.
948 2397 966 2430 ι
1006 2379 1085 2449 Τῇ
1114 2380 1403 2449 προσευχῇ
1427 2378 1912 2449 προσκαρτερεῖτε,

334 2468 738 2538 γρηγοροῦντες
783 2470 841 2521 ἐν
876 2469 1013 2538 αὐτῇ
1049 2469 1107 2519 ὲν
1139 2467 1488 2538 εὐχαριστίᾳ..
1533 2486 1553 2518 ι
1589 2468 1701 2521 Καὶ
1731 2467 1914 2532 πάλιν,

343 2576 364 2609 ι
404 2559 841 2629 Προσευχόμενοι
877 2560 936 2611 ὲν
966 2559 1130 2611 παντὶ
1174 2558 1352 2629 καιρῷ
1385 2560 1442 2612 ἐν
1491 2559 1791 2628 πνεύματι,
1825 2557 1921 2617 καὶ

339 2650 423 2712 τίς
454 2649 587 2702 αὐτὸ
602 2646 767 2702 τοῦτο
792 2648 1200 2718 ἀγρυπνοῦντες
1232 2651 1289 2702 ἐν
1316 2649 1462 2721 πάσῃ
1496 2648 1920 2721 προσκαρτερή-

343 2758 430 2795 σει
459 2743 556 2795 καὶ
587 2741 794 2812 δεήσει.
832 2760 850 2791 ι
882 2741 992 2794 Καὶ
1021 2742 1149 2811 περὶ
1175 2739 1391 2804 ἐαυτοῦ,
1430 2759 1447 2791 ι
1503 2740 1589 2794 Ἐν
1620 2739 1831 2801 κόποις,
1865 2741 1921 2790 ἐν

339 2832 696 2904 ἀγρυπνίαις,
744 2835 802 2885 ἐν
835 2832 1130 2902 νηστείαις.
1163 2851 1182 2882 ι
1212 2832 1322 2884 Καὶ
1369 2831 1589 2900 ἐπάγει,
1629 2850 1648 2883 ι
1698 2830 1836 2901 Περὶ
1865 2829 1924 2882 δέ

338 2922 456 2978 τῶν
486 2923 693 2993 χρόνων
745 2923 839 2976 καὶ
881 2922 991 2976 τῶν
1052 2923 1299 2994 καιρῶν,
1341 2907 1599 2991 «ἀδελφοὶ,
1634 2924 1694 2976 ού
1734 2921 1922 2993 χρείαν

2002 471 2112 518 tate
2134 462 2311 531 ipsam
2333 460 2653 531 expleamus
2672 458 2913 530 vigiliam
2944 456 2997 511 in
3024 453 3338 511 humilitate
3355 459 3413 507 et
3432 465 3581 507 com-

2001 554 2302 625 punctione
2348 554 2551 619 cordis,
2600 569 2670 609 ne
2702 552 2813 606 ulla
2840 550 2895 604 in
2931 564 2991 604 re
3007 548 3256 605 obtineat
3288 545 3581 601 adversum

2004 662 2104 701 nos
2168 645 2522 701 inl‘ensissimi
2570 641 2854 701 venatoris
2909 650 3073 709 atque
3131 636 3304 692 invidi
3367 633 3576 690 diaboli

2004 739 2335 794 veteratoria
2364 737 2695 806 malignitas.
2726 733 2831 800 Qui
2862 732 3011 787 enim
3047 737 3310 784 strenuus
3357 733 3445 781 est
3475 725 3581 780 mi-

2003 831 2107 894 les,
2172 830 2323 883 omni
2383 844 2440 883 se
2503 840 2790 881 armorum
2847 837 3052 895 genere
3106 818 3435 880 communit,
3482 831 3583 871 nec

2007 920 2311 990 quidquam
2343 919 2475 974 facit
2500 918 2700 987 reliqui
2739 932 2809 971 ex
2851 922 3118 985 apparatu
3144 918 3436 966 armaturae
3469 906 3581 979 spi-

2010 1013 2228 1067 ritualis
2266 1026 2377 1082 quo
2406 1026 2519 1081 non
2570 1025 2630 1065 se
2663 1006 3059 1075 circumsepiat
3099 1019 3163 1059 ac
3192 1004 3472 1058 obarmet.
3518 997 3584 1055 Et

2010 1122 2112 1161 nos
2172 1106 2341 1176 igitur
2394 1105 2691 1159 induamur
2736 1102 3045 1164 thoracem,
3107 1097 3271 1153 tidem
3330 1094 3587 1153 videlicet

2009 1199 2240 1260 Christi.
2292 1207 2348 1253 et
2380 1197 2591 1268 galeam
2643 1209 2870 1250 crucem
2920 1193 3122 1263 ipsius,
3164 1198 3493 1258 scutumque
3528 1195 3588 1244 ot

2012 1293 2249 1355 haStam,
2307 1290 2590 1347 ardentem
2648 1303 2780 1358 erga
2848 1286 3030 1355 ipsum
3093 1282 3460 1349 charitatem,
3534 1290 3589 1336 et

2014 1382 2259 1455 gladium
2304 1380 2568 1450 Spiritus,
2627 1379 2803 1447 ipsius
2831 1376 3063 1447 spiritus
3095 1372 3315 1442 eloquia
3357 1370 3590 1440 :sicque

2015 1473 2250 1531 accincti
2298 1473 2564 1529 adversus
2604 1470 3020 1526 colluctatorem
3071 1465 3458 1527 cunsistamus,
3502 1475 3591 1518 ar-

2017 1568 2186 1622 rectis
2215 1566 2416 1623 animis
2458 1574 2720 1633 tanquam
2747 1559 3001 1632 generosi
3039 1557 3268 1617 milites,
3294 1553 3462 1624 idque
3491 1567 3589 1624 per

2017 1657 2257 1728 vigilias,
2305 1655 2608 1714 orationes.
2634 1668 2702 1708 ac
2732 1650 2966 1723 jejunia,
3005 1648 3151 1704 sicut
3177 1656 3236 1703 et
3266 1646 3323 1700 in
3354 1645 3583 1700 Prover-

2021 1749 2127 1803 biis
2186 1746 2458 1817 scriptum
2497 1753 2586 1801 est
2619 1761 2634 1797 :
2683 1760 2704 1794 ι
2737 1743 2814 1799 Ne
2865 1739 3089 1796 dederis
3130 1751 3383 1811 somnum
3418 1732 3596 1789 oculis

2017 1839 2148 1902 tuis,
2202 1853 2384 1907 neque
2434 1835 2703 1893 dormites
2745 1832 3019 1903 palpebris
3082 1829 3212 1893 tuis,
3273 1825 3485 1899 1193
3536 1834 3596 1879 ut

2017 1929 2249 1987 salveris
2294 1938 2555 1998 tanquam
2603 1925 2823 1981 damula
2869 1922 3192 1993 exlaqueis,
3223 1928 3278 1977 et
3334 1927 3595 1989 tanquam

2018 2024 2138 2078 avis
2166 2037 2235 2078 ex
2267 2022 2373 2078 reti
2406 2023 2472 2076 σί.
2509 2039 2529 2073 ι
2580 2020 2674 2075 Ait
2710 2019 2844 2073 item
2889 2023 2946 2073 et
2987 2014 3162 2070 David
3200 2031 3215 2068 :
3250 2032 3268 2064 ι
3292 2010 3351 2068 Si
3392 2009 3599 2067 dedero
3692 1998 3698 2008 “

2019 2128 2275 2169 somnum
2319 2110 2498 2166 oculis
2552 2109 2713 2174 meis,
2747 2116 2805 2169 et
2844 2104 3127 2177 palpebris
3158 2100 3298 2157 meis
3330 2097 3599 2163 dormita—

2022 2204 2251 2268 tionem,
2287 2202 2465 2263 donec
2504 2199 2784 2256 inveniam
2810 2198 2997 2253 locum
3034 2193 3274 2253 Domino
3324 2192 3391 2246 “.
3423 2209 3443 2242 ι
3485 2189 3599 2244 Ιιοε

2022 2312 2188 2351 rum:
2232 2313 2251 2346 ι
2281 2293 2516 2363 Vigilavi
2561 2299 2619 2346 et
2650 2289 2830 2345 factus
2881 2303 3004 2343 sum
3052 2286 3199 2342 sicut
3244 2278 3604 2354 passerculus

2024 2386 2307 2444 solitarius
2335 2385 2390 2438 in
2439 2393 2586 2439 tecto
2611 2383 2680 2434 ”.
2718 2399 2737 2432 ι
2771 2380 2843 2437 Et
2885 2396 2899 2433 :
2936 2397 2954 2431 ι
2989 2378 3168 2446 Prope
3222 2383 3308 2430 est
3336 2371 3604 2428 Dominus

2025 2477 2095 2531 iis
2155 2476 2250 2545 qui
2295 2473 2534 2529 contrito
2600 2478 2731 2527 sunt
2773 2468 2961 2533 corde,
3008 2469 3066 2523 et
3117 2464 3356 2519 humiles
3404 2460 3603 2532 spiritu

2026 2563 2266 2620 salvabit
2294 2562 2360 2616 “.
2393 2581 2411 2613 ι
2464 2562 2680 2625 Rursus
2713 2576 2726 2612 :
2762 2577 2781 2610 ι
2818 2556 2996 2623 Media
3026 2563 3191 2610 nocte
3218 2551 3509 2622 surgebam
3536 2547 3605 2605 ad

2027 2654 2402 2712 conﬁtendum
2438 2652 2541 2707 tibi
2582 2666 2752 2721 super
2786 2647 2997 2729 judicia
3041 2643 3274 2716 iustitia:
3324 2652 3432 2709 tua:
3469 2640 3536 2693 “.
3582 2659 3598 2688 ι

2028 2753 2235 2809 lterum
2272 2768 2286 2804 :
2333 2770 2351 2803 ι
2372 2750 2548 2815 Βουε,
2583 2747 2731 2803 Deus
2768 2760 2950 2813 meus,
2982 2741 3053 2815 ad
3080 2750 3133 2810 te
3175 2739 3389 2799 deluce
3416 2735 3603 2807 vigilo.

2032 2843 2225 2897 Sitivit
2277 2840 2346 2896 ad
2393 2847 2447 2896 te
2495 2839 2683 2894 anima
2719 2852 2843 2895 mea
2888 2834 2954 2889 “.
2988 2855 3006 2885 ι
3042 2833 3110 2888 Ει
3142 2850 3158 2887 :
3194 2850 3213 2883 ι
3266 2828 3510 2887 Pratveni
3548 2829 3605 2883 in

2029 2934 2381 2999 maturitate,
2420 2940 2475 2990 et
2515 2930 2780 2998 clamavi;
2819 2932 3211 3001 praevenerunt
3231 2922 3375 2979 oculi
3399 2919 3508 2977 mei
3539 2920 3607 2983 ad

340 3014 502 3086 ἔχετε
528 3015 656 3084 ὑμῖν
684 3014 942 3084 γράφειν.
974 3012 1137 3066 Αὐτοὶ
1168 3014 1277 3086 γὰρ
1319 3013 1567 3084 ἀκριϐῶς
1608 3013 1787 3066 οἴδατε
1842 3014 1919 3066 ὅτι

2031 3026 2355 3089 diluculum,
2383 3034 2443 3078 ut
2462 3021 2761 3079 meditarer
2787 3018 3006 3088 eloquia
3034 3027 3124 3073 tua
3159 3017 3224 3067 ⁸⁷.
3256 3034 3272 3067 ι
3309 3014 3359 3069 ls
3380 3014 3436 3069 in
3461 3028 3610 3075 com-

342 3106 377 3177 ἡ
408 3104 595 3177 ἡμέραν
631 3105 837 3172 Κυρίου
874 3105 950 3164 ὡς
977 3104 1217 3171 κλέπτης
1286 3104 1346 3159 ἐν
1379 3101 1738 3166 vox-timbers;
1769 3102 1926 3174 ἔρχε.

346 3213 465 3251 ται.
517 3196 685 3248 Ὅταν
720 3195 776 3248 δὲ
810 3196 1066 3264 λέγωσιν,
1101 3197 1304 3267 Εἰρήνη
1334 3196 1431 3250 καὶ
1472 3196 1776 3265 ἀσφάλεια,
1804 3196 1926 3250 τότε

348 3288 616 3359 αἰφνίδιος
641 3288 826 3351 αὐτοῖς
855 3287 1074 3357 ὄλεθρος
1097 3288 1408 3356 ἐφίσταται,
1437 3286 1628 3358 ὥσπερ
1655 3290 1689 3357 ἡ
1711 3287 1837 3341 ὠδὶν
1859 3289 1925 3358 τῇ

348 3382 407 3433 ἰν
444 3380 641 3450 γαστρὶ
661 3378 882 3451 ἐχούσῃ,
906 3379 1004 3434 καὶ
1032 3380 1093 3433 06
1121 3380 1197 3450 μὴ
1227 3379 1535 3448 ἐκφύγωσι.
1565 3398 1585 3431 ι
1616 3379 1727 3432 Kal
1748 3375 1927 3445 αὖθις,

354 3473 534 3542 (Ἀρα
560 3467 656 3524 οὖν
678 3470 753 3541 μὴ
771 3469 1127 3540 καθεύδωμεν
1157 3468 1230 3532 ὡς
1257 3468 1457 3534 λοιποὶ,
1484 3469 1620 3524 ἀλλὰ
1646 3470 1933 3540 γρηγορῶ-

354 3580 457 3631 μεν
478 3563 568 3615 καὶ
586 3563 897 3632 νήφωμεν.»
922 3562 1071 3614 Καὶό
1101 3559 1695 3631 Κύριος,ιΓρηγορεῖτε
1717 3557 1831 3626 οὖν,
1853 3562 1932 3614 ὅτι

349 3656 454 3709 οὐκ
481 3653 661 3709 οἴδατε
689 3653 819 3723 ποίᾳ
848 3651 968 3724 ὥρᾳ
994 3654 1023 3705 6
1045 3650 1248 3721 Κύριος
1271 3651 1425 3722 ὑμῶν
1453 3649 1692 3722 ἔρχεται.
1723 3652 1932 3707 Ἐκεῖνο

349 3745 409 3798 δέ
444 3743 766 3813 γινώσκετε,
806 3742 892 3796 ὅτι
914 3743 963 3795 εί
996 3741 1113 3813 ᾔδει
1139 3744 1168 3794 6
1191 3740 1575 3812 οἰκοδεσπότης
1603 3742 1936 3813 ποίᾳεφυλα-

351 3838 424 3908 κῇ
447 3836 477 3888 6
502 3835 742 3906 κλέπτης
767 3833 1013 3905 ἔρχεται,
1042 3832 1420 3903 ἐγρηγόρησεν
1441 3831 1528 3895 ἂν,
1555 3833 1648 3885 καὶ
1668 3833 1768 3887 οὐκ
1787 3832 1934 3887 εἴασε

352 3928 672 4000 διορυγῆναι
711 3927 813 3998 τὴν
853 3925 1032 3981 οἰκίαν
1085 3923 1278 3978 αὐτοῦ.
1318 3943 1337 3976 ι
1376 3924 1484 3976 Καὶ
1519 3923 1705 3987 πάλιν,
1744 3942 1762 3975 ι
1803 3924 1937 3994 Γρη-

353 4023 590 4093 γορεῖτε,
620 4020 716 4074 καὶ
735 4015 1127 4091 προσεύχεσθε,
1161 4014 1250 4069 ἵνα
1280 4016 1356 4086 μὴ
1390 4014 1674 4085 εἰσέλθητε
1706 4016 1787 4079 εἰς
1812 4032 1936 4067 πει-

358 4111 593 4185 ρασμόν.
634 4130 654 4164 ι
692 4111 808 4164 Καὶ
841 4109 1026 4174 πάλιν,
1068 4128 1088 4162 ι
1123 4108 1413 4183 Μακάριος
1438 4107 1675 4171 ὁδοῦλος
1705 4108 1933 4175 ἐκεῖνος,

352 4203 415 4258 δν
444 4202 614 4258 ἐλθὼν
645 4202 675 4256 6
708 4201 915 4272 Κύριος
981 4199 1150 4254 αὐτοῦ
1197 4199 1419 4272 εὑρήσει
1458 4197 1602 4253 οὕτω
1656 4197 1933 4264 ποιοῦντα.

357 4297 689 4367 Γρηγορεῖτε
729 4289 844 4356 οὖν,
892 4295 977 4348 ὅτι
1026 4292 1128 4345 οὐκ
1181 4291 1359 4345 οἴδατε
1401 4291 1501 4362 τὴν
1543 4290 1778 4362 ἡμέραν,
1811 4289 1936 4345 οὗτε

2028 3133 2195 3173 mune
2221 3117 2338 3171 suis
2372 3114 2595 3169 dicebat
2628 3129 2642 3165 :
2685 3130 2702 3161 ι
2728 3111 2789 3166 In
2836 3109 3099 3163 noctibus
3127 3105 3373 3169 extollite
3416 3112 3633 3159 manus'

2027 3220 2241 3265 vestras
2282 3207 2339 3261 in
2386 3213 2575 3261 sancta
2618 3221 2631 3257 :
2668 3210 2724 3258 et
2778 3201 3093 3257 benedicite
3151 3198 3443 3261 Dominum
3496 3195 3562 3247 “.
3589 3218 3603 3242 ι

2028 3299 2325 3370 Apostolus
2360 3315 2373 3351 :
2410 3316 2429 3349 ι
2465 3293 2735 3361 Orationi
2769 3293 2993 3353 instate,
3038 3290 3331 3361 vigilantes
3355 3288 3413 3342 in
3459 3300 3525 3340 ca
3554 3283 3608 3337 in

2030 3388 2332 3459 gratiarum
2366 3385 2587 3439 actione
2609 3384 2677 3436 θ’.
2718 3401 2736 3433 ι
2764 3383 2972 3436 lterum
3001 3396 3015 3432 :
3058 3397 3074 3429 ι
3114 3382 3350 3433 Orantes
3379 3376 3435 3430 in
3460 3374 3610 3429 omni

2031 3487 2280 3546 tempore
2340 3476 2402 3541 in
2450 3474 2647 3544 spiritu
2686 3490 2701 3527 :
2751 3481 2808 3526 et
2851 3472 2906 3526 in
2953 3471 3059 3524 hoc
3106 3469 3288 3539 ipsum
3324 3465 3614 3536 vigilantes

2033 3564 2091 3619 in
2138 3563 2289 3618 omni
2332 3563 2594 3618 instantia
2652 3570 2709 3617 et
2754 3559 3138 3617 obsecratione
3162 3558 3231 3612 "°.
3274 3576 3294 3609 ι
3342 3555 3492 3612 Idem
3544 3553 3614 3611 do

2033 3656 2216 3726 seipso
2246 3673 2315 3735 ει(
2349 3654 2411 3709 1η
2450 3654 2760 3717 laboribus,
2794 3654 2852 3708 in
2882 3652 3109 3723 vigiliis,
3138 3650 3194 3707 in
3223 3648 3452 3720 jejuniis
3491 3647 3560 3701 τί.
3590 3664 3608 3693 ι

2033 3746 2296 3804 lnducit:
2338 3766 2357 3798 ι
2405 3747 2482 3803 De
2534 3745 2886 3816 temporibus
2926 3752 2984 3799 et
3036 3741 3355 3806 momentis,
3392 3739 3613 3804 fratres,

2035 3855 2146 3895 non
2189 3854 2415 3895 necesse
2458 3824 2675 3894 habetis
2702 3847 2764 3895 ut
2815 3835 3055 3893 scribam
3092 3834 3252 3889 vobis
3286 3852 3300 3887 :
3336 3831 3440 3902 ipsi
3468 3830 3614 3885 enim

2036 3933 2333 4004 diligenter
2382 3931 2558 3996 scitis,
2613 3932 2745 4001 quia
2792 3929 2913 3989 dies
2948 3927 3191 3989 Domini,
3233 3926 3378 3981 sicut
3421 3923 3512 3983 fur
3560 3923 3616 3980 in

2037 4034 2221 4090 nocte,
2255 4024 2331 4091 ita
2366 4025 2572 4080 veniet.
2632 4024 2773 4079 Cum
2805 4020 2956 4079 enim
2992 4020 3278 4077 dixerint:
3312 4018 3421 4073 Pax
3447 4025 3503 4074 et
3526 4030 3617 4079 se-

2037 4114 2269 4180 curitas,
2310 4122 2443 4169 tunc
2474 4114 2799 4184 repentinus
2825 4114 2908 4168 eis
2936 4110 3296 4187 superveniet
3336 4106 3616 4170 interitus.

2039 4203 2361 4260 sicutdolor
2393 4204 2448 4259 in
2486 4214 2646 4259 utero
2666 4203 2945 4263 habentis.
2975 4211 3033 4257 et
3067 4216 3179 4259 non
3207 4202 3477 4275 eﬂ'ugient
3499 4204 3568 4258 ⁷⁸.
3596 4224 3613 4253 ι

2039 4295 2108 4350 Et
2131 4310 2374 4361 rursum
2405 4295 2483 4351 Ne
2506 4295 2673 4366 igitur
2690 4294 3032 4351 dormiamus
3052 4293 3196 4351 sicut
3212 4302 3272 4350 et
3294 4296 3499 4355 caeteri.
3521 4298 3617 4357 sed

355 4385 458 4458 τὴν
483 4386 653 4458 ῶραν.
709 4405 729 4439 ι
766 4385 922 4456 Αὐτῷ
965 4386 999 4455 ἡ
1028 4382 1155 4448 δόξα
1183 4384 1261 4446 είς
1299 4382 1427 4445 τοὺς
1456 4381 1682 4445 αἰῶνας.
1735 4382 1919 4451 Ἀμήν.

2037 4387 2328 4458 vigilemus
2347 4395 2404 4441 et
2428 4387 2600 4443 sobrii
2620 4388 2812 4443 simus.
2841 4406 2860 4438 ι
2884 4387 3149 4442 Dominus
3166 4387 3297 4445 item
3322 4404 3335 4441 :
3362 4387 3619 4460 cVigilate

356 4477 550 4549 igitur,
581 4477 710 4546 quia
734 4475 959 4533 nescitis
980 4489 1085 4544 qua
1112 4475 1246 4527 hora
1268 4471 1534 4526 Dominus
1563 4478 1747 4527 vester
1775 4475 1960 4532 veniet
1994 4494 2007 4530 :
2049 4477 2183 4532 illud
2208 4485 2392 4535 autem
2412 4478 2631 4540 scitote,
2661 4477 2789 4546 quia
2828 4476 2872 4531 si
2899 4478 3065 4534 sciret
3086 4479 3483 4550 paterfamilias
3508 4493 3619 4555 qua

357 4568 551 4640 vigilia
580 4566 666 4621 fur
696 4568 930 4629 veniret,
956 4564 1209 4635 vigilaret
1238 4561 1428 4632 utique
1455 4567 1512 4616 ct
1535 4576 1644 4616 non
1662 4562 1870 4625 sineret
1889 4566 2104 4634 perfodi
2134 4568 2359 4623 domum
2388 4582 2543 4623 suam
2562 4567 2625 4620 ⁷⁸.
2650 4586 2667 4617 ›
2690 4567 2895 4622 lterum
2928 4583 2941 4621 :
2982 4585 3000 4618 ι
3038 4568 3267 4640 Vigilare
3287 4577 3343 4623 ct
3363 4580 3537 4635 orate,
3558 4585 3615 4631 υι

359 4675 473 4716 non
497 4658 717 4714 intretis
746 4656 1182 4712 intentationem
1206 4655 1273 4709 ’⁵.
1303 4654 1549 4735 {Rursus
1579 4671 1592 4708 :
1629 4672 1647 4704 ι
1678 4654 1879 4725 Beatus
1906 4658 1998 4714 ille
2028 4675 2242 4719 servus.
2282 4678 2446 4732 quem
2476 4676 2601 4716 cum
2623 4661 2840 4716 venerit
2879 4660 3143 4729 Dominus
3181 4663 3321 4733 ejus.
3345 4662 3625 4725 invenerit

361 4753 437 4808 ita
482 4749 798 4805 facientem.
856 4746 1091 4817 Vigilate
1128 4760 1284 4816 ergo,
1314 4745 1446 4816 quia
1476 4744 1702 4825 nescitis
1751 4746 1896 4803 diem
1940 4764 2118 4822 neque
2167 4754 2357 4808 horam
2395 4754 2466 4808 ⁷⁸.
2495 4773 2513 4805 ι
2551 4752 2660 4824 Ipsi
2698 4752 2872 4823 gloria
2916 4752 2971 4807 in
3022 4754 3240 4810 saecula.
3274 4740 3481 4811 Amen.

957 4855 1178 4909 ΛΟΓΟΣ
1211 4852 1335 4908 ΡΕ’.

870 4945 1009 5013 Περὶ
1044 4943 1429 5014 ψαλμῳδίας.

442 5039 510 5091 Ἡ
555 5034 849 5107 ψαλμῳδια
886 5010 1205 5105 ἔργοννέστλ⁵
1238 5010 1385 5087 τῶν
1409 5034 1719 5105 ἀσωμάτων
1772 5010 1934 5090 δυνά·

2605 4831 2892 4898 HOMILI‘A
2944 4841 3052 4898 CV.

2603 4931 2678 4985 De
2716 4930 3055 5000 psalmodia..

2109 5026 2421 5084 Psalmodia
2441 5033 2527 5081 est
2553 5040 2694 5095 opus
2721 5024 3182 5096 incorporearum
3213 5025 3480 5080 virtutum
3507 5025 3619 5097 Deo

368 5147 515 5200 μιων
539 5131 649 5184 τῶν
687 5127 1170 5199 λειτουργούντων,
1201 5125 1300 5179 καὶ
1327 5128 1756 5197 παρισταμένων
1779 5128 1919 5182 ἀδια-

2038 5120 2543 5178 administrantium
2595 5128 2651 5175 et
2688 5108 2971 5174 'indivulse
3021 5115 3422 5179 assistentium,
3464 5115 3617 5183 juxta

365 5222 599 5285 λείπτως
625 5220 706 5292 τῷ
740 5220 879 5292 Θεῷ,
910 5218 1051 5275 κατά
1090 5220 1151 5271 τὺ
1180 5217 1503 5289 είρημένον,
1540 5237 1560 5270 ι
1605 5220 1818 5272 Αἰνεῖτε
1845 5219 1919 5271 τὸι

2040 5212 2185 5284 quod
2221 5211 2463 5267 dicitur:
2498 5229 2516 5262 ι
2536 5209 2776 5265 Laudate
2796 5201 3088 5263 Dominum
3121 5204 3191 5259 de
3221 5204 3397 5273 ccelis,
3429 5220 3620 5261 omnes

366 5314 573 5386 Κύριον
618 5315 685 5370 ἐκ
705 5314 816 5370 τῶν
857 5312 1124 5383 οὐρανῶν,
1154 5313 1354 5376 πάντες
1399 5313 1449 5364 of.
1494 5311 1715 5380 ἄγγελοι
1751 5314 1938 5377 αὑτοῦ,

2042 5302 2220 5375 angeli
2266 5303 2405 5373 ejus,
2440 5307 2496 5357 et
2526 5315 2718 5357 omnes
2760 5298 2995 5352 virtutes
3042 5297 3165 5366 ejus
3191 5296 3256 5351 '”.
3289 5315 3306 5347 ι
3368 5296 3570 5354 lterum
3606 5314 3618 5349 :

429 5495 476 5533 “
500 5496 660 5552 Prov.
697 5510 771 5561 τι,
796 5496 910 5562 4,5.
933 5497 980 5529 ⁸⁸
1010 5496 1150 5551 Psal.
1182 5496 1431 5562 cnsui.
1480 5496 1524 5529 "
1547 5494 1689 5551 Psal.
1719 5476 1792 5558 ei,
1819 5494 1871 5547 8.
1952 5493 1995 5524 “
2026 5490 2388 5562 Dsal._sx_xn_i,
2419 5485 2504 5541 19.
2581 5478 3099 5562 ⁶Ῐ¹Ρεο1ίιοξνιιῃ6ὶ
3180 5478 3225 5562 ξ’
3254 5475 3619 5562 Ρξξιμεξειιὲ-

361 5565 408 5598 ⁸⁷
437 5567 580 5622 Psal.
608 5553 791 5629 cxvni,
810 5553 943 5620 71.47.
1021 5567 1065 5598 ⁸⁸
1094 5567 1236 5622 Psal.
1265 5553 1482 5630 cxixm,
1513 5565 1568 5619 2.
1634 5566 1688 5596 ’⁸⁸
1712 5553 1919 5621 Coloss.

2051 5560 2105 5615 2.
2180 5559 2225 5591 "°
2251 5558 2453 5629 Ephes.
2490 5553 2681 5630 vitis.

2759 5553 2799 5583 "
2834 5552 2876 5606 ll
2907 5551 3033 5606 Cor.
3067 5565 3141 5614 γι,
3182 5549 3230 5603 5.
3309 5548 3352 5578 τ’
3382 5547 3403 5601 l
3433 5545 3623 5607 Thess.

360 5617 585 5701 “eis;
615 5617 1651 5702 '5iBibuli;'xm;ﬁlii—“ﬁlius.
1685 5617 1830 5699 χᾶιίσι,
1860 5617 1944 5687 ιι.
2012 5617 2070 5663 ’τι
2106 5617 2482 5691 naithfxm,
2528 5625 2613 5685 ιο,
2646 5625 2732 5679 ιτ.
2810 5623 2854 5653 τε
2891 5621 3029 5676 Psal.
3060 5635 3272 5683 cmm,
3315 5617 3362 5683 ι,
3399 5618 3453 5670 s.
