3918 6106
442 270 499 330 1ἱ’
511 270 565 333 Ξι]
1714 270 2078 332 ANTIOCHI
2118 272 2473 335 MONACHI-
3564 275 3674 343 17ῧῖ

443 399 462 431 ‹
498 376 744 433 Laudato
789 376 1107 442 Dominum,
1146 391 1339 433 omnes
1370 378 1547 449 angeli
1596 380 1738 451 ejus,
1764 387 2001 450 potente:

2123 378 2217 434 καὶ
2249 385 2419 437 πᾶσαι
2446 387 2500 438 αξ
2534 383 2793 456 δυνάμεις
2821 387 3006 444 αὐτοῦ.
3043 407 3062 440 ι
3094 384 3207 443 Καὶ
3241 386 3439 453 πάλιν,
3478 409 3495 443 ι
3528 390 3675 446 Εὐλο-

433 470 660 530 virtute,
702 468 970 524 facientes
1004 469 1236 523 verbum
1285 470 1407 540 ejus
1440 490 1452 525 :
1485 471 1797 527 benedicite
1831 473 2001 527 Domi-

2118 474 2264 539 γείτε
2321 475 2412 525 τὸν
2470 474 2691 545 Κύριον,
2726 480 2926 539 πάντες
2959 479 3177 547 ἄγγελοι
3231 480 3430 546 αὐτοῦ,
3488 482 3678 539 δυνατοὶ

433 578 591 627 num,
622 577 813 616 omnes
842 562 1071 617 virtutes
1105 563 1244 630 ejus,
1276 563 1514 617 ministri
1535 565 1674 633 ejus,
1711 565 1805 633 qui
1834 565 2013 618 tacitis

434 650 776 704 voluntatem
809 651 930 720 ejus
974 652 1040 704 ".
1077 670 1093 701 ι
1129 650 1245 706 Hoc
1287 653 1477 721 operis
1522 654 1789 722 competit
1823 655 2009 711 (διεθρ-

434 741 713 795 minibus:
737 764 750 789 ι
772 739 963 795 Omnis
981 742 1129 795 enim
1148 743 1575 811 spirituslaudet
1593 746 1878 799 Dominum
1898 744 1962 799 ⁷³.
1985 766 2003 795 ι

430 830 714 885 Monacliis
739 841 923 886 autem
954 833 1217 901 peculiari
1264 836 1498 903 quadam
1534 837 1893 907 praerogatixa
1924 837 2008 891 vel

430 924 486 979 in
517 925 711 995 primis
756 926 1056 992 convenit;
1088 928 1236 996 quod
1281 929 1594 982 institutum
1631 930 1755 985 vitae
1782 945 2011 998 prorsus

428 1018 692 1087 angelicae
746 1020 988 1072 ultronei
1052 1019 1409 1088 delegerunt;
1470 1018 1683 1092 1195
1734 1040 1753 1073 ι
1809 1022 2008 1077 Beatus

427 1111 578 1165 enim
623 1111 719 1181 qui
764 1112 1125 1167 meditabitur
1156 1112 1209 1166 in
1255 1113 1373 1183 lege
1418 1114 1634 1167 Domini
1676 1115 1765 1169 die
1806 1130 1871 1171 ac
1901 1133 2005 1170 no-

428 1210 515 1258 cte
541 1204 609 1256 ⁷⁹.
644 1224 662 1255 ι
687 1204 787 1258 Et:
825 1224 843 1256 ι
872 1205 975 1270 Qui
1012 1205 1222 1259 timetis
1248 1206 1563 1271 Dominum,
1594 1208 1813 1264 laudate
1840 1225 2003 1277 eum;

430 1295 746 1349 universum
784 1311 970 1351 semen
998 1297 1190 1360 Jacob,
1217 1298 1521 1367 gloriﬁcate
1552 1314 1678 1353 eum
1703 1299 1771 1353 ⁸ο.
1805 1320 1824 1352 ι
1858 1302 2008 1355 Psal-

427 1383 612 1437 modia
661 1400 793 1440 sane
839 1387 967 1456 juge
1019 1395 1104 1441 est
1164 1386 1520 1451 sacrificium,
1567 1399 1627 1445 et
1675 1391 2004 1446 sacriﬁcium

427 1474 627 1531 laudis.
678 1478 849 1533 Debet
885 1480 1208 1543 monachus,
1241 1479 1372 1533 dum
1406 1483 1579 1534 sacris
1610 1492 1893 1551 operatur,
1923 1483 2008 1536 di-

2122 566 2287 634 ίσχύῖ.
2324 567 2604 630 ποιοῦντες
2635 571 2727 621 τὸν
2758 570 2914 638 λόγον
2942 571 3129 624 αὐτοῦ·
3158 573 3439 640 εὐλογεῖτε
3462 575 3552 626 τὸν
3582 576 3677 628 Κύ-

2121 674 2254 727 ριον,
2306 662 2476 712 πᾶσαι
2517 662 2573 713 αί
2609 662 2866 730 δυνάμεις
2905 664 3090 726 αὐτοῦ,
3139 663 3458 735 λειτουργοὶ
3507 665 3676 735 αὐτοῦ,

2118 748 2400 809 ποιοῦντες
2433 750 2494 802 τὸ
2524 751 2736 818 θέλημα
2766 751 2953 804 αὐτοῦ.
2997 772 3015 803 ι
3074 752 3339 822 ’Λρμόςει
3380 755 3440 807 δὲ
3469 757 3563 807 καὶ
3592 757 3679 810 περ

2117 854 2201 889 σιν
2234 839 2562 908 ἀνθρώποις·
2593 859 2610 890 ι
2645 842 2797 895 Πᾶσα
2838 842 2946 912 γὰρ
2974 844 3109 912 πνοὴ
3141 847 3423 898 αἰνεσάτω
3454 847 3544 897 τὸν
3568 834 3679 899 Ἐύ-

2119 947 2232 998 ριον
2274 952 2289 982 ι
2310 933 2402 985 καὶ
2467 933 2744 1000 ἐξαίρετον
2773 935 2829 987 δὲ
2854 938 2966 998 τοῖς
3012 940 3285 1006 μοναχοῖς,
3321 941 3445 1001 τοῖς
3483 941 3572 991 τὶν
3594 942 3680 1007 ἀγα

2114 1022 2331 1088 γελικδν
2379 1025 2820 1095 ἐπανῃρημένοις
2872 1024 3003 1094 βίον·
3060 1046 3079 1077 ι
3128 1029 3422 1099 Μικάριος
3468 1030 3679 1099 γὰρ,δς

2117 1116 2403 1185 μελετήσει
2449 1117 2507 1166 ὲν
2554 1117 2702 1186 νόμῳ
2754 1118 2961 1186 Κυρίου
2998 1120 3215 1189 ἡμέρας
3259 1123 3360 1173 καὶ
3412 1122 3623 1184 νυκτός.
3657 1138 3675 1173 ι

2112 1207 2244 1269 Καὶ,
2294 1226 2311 1256 ι
2348 1209 2408 1258 Οἱ
2439 1207 2764 1276 φοδούμενοι
2818 1210 2909 1260 τὸν
2952 1209 3174 1280 Κύριον,
3201 1214 3466 1266 αἱνέσατε
3508 1214 3677 1266 αὐτόν·

2112 1296 2256 1349 ἅπαν
2287 1298 2346 1349 τὸ
2373 1298 2594 1366 σπέρμα
2636 1297 2850 1361 Ἰακὼϐ,
2879 1298 3139 1362 δοξάσατε
3164 1302 3345 1354 αὐτόν.
3372 1321 3394 1352 ι
3418 1304 3485 1355 Ἦ
3514 1302 3679 1372 441p“-

2111 1387 2247 1457 ῳδία
2293 1388 2474 1439 τοίνυν
2516 1389 2674 1441 θυσία
2703 1391 2850 1441 ἐστὶν
2874 1391 3250 1460 ἐνδελεχισμοῦ
3274 1394 3373 1445 καὶ
3408 1397 3676 1458 αἰνέσεως·

2111 1479 2252 1532 κατὰ
2280 1480 2356 1534 τὸ.
2397 1480 2555 1533 θυσία
2579 1481 2834 1543 αἰνέσεως
2856 1480 3071 1546 δοξάσει
3120 1501 3207 1552 με.
3229 1503 3248 1535 ι
3294 1486 3433 1547 Καὶ,
3480 1504 3499 1534 ι
3519 1487 3677 1540 Θῦσον

425 1569 584 1623 vinas
606 1579 660 1624 et
692 1570 936 1641 legitima
974 1573 1260 1627 sanctione
1304 1573 1634 1628 constitutas
1660 1574 1853 1628 laudes
1881 1576 2001 1629 red-

2108 1570 2191 1639 τῷ
2216 1570 2333 1639 Θῷ
2352 1571 2545 1623 Θυσίαν
2572 1573 2851 1631 αἰνέσεως.
2886 1591 2904 1622 ι
2928 1574 3208 1640 Χρεωστεῖ
3247 1571 3344 1627 οὖν
3391 1576 3422 1626 ό
3460 1578 3678 1645 μοναχὸς

424 1662 557 1714 dere
609 1661 722 1715 Deo
771 1664 978 1733 jugiter
1023 1673 1080 1718 ct
1138 1665 1437 1735 indirupte.
1494 1666 1899 1731 (Benedicam,
1927 1668 2001 1721 ait

2113 1660 2405 1730 ἐνδελεχῶς
2452 1662 2549 1714 καὶ
2580 1661 2940 1725 ἀδιαλείπτως
2971 1664 3277 1734 ἱερουργεῖν
3314 1665 3398 1737 τῷ
3443 1666 3567 1734 Θεῷ
3589 1668 3677 1728 τὰς

426 1751 621 1811 David,
640 1752 774 1805 Dom
806 1769 936 1807 num
966 1755 1021 1807 in
1040 1756 1188 1809 omni
1211 1764 1477 1825 tempore,
1500 1758 1862 1826 semperlaus
1882 1759 2001 1828 ejus

2109 1751 2503 1821 νενομισμένας
2528 1752 2695 1805 αὐτοῦ
2729 1753 3055 1820 δοξολογίας,
3086 1758 3115 1805 ι’
3136 1756 3437 1827 Εὐλογήσω
3463 1758 3572 1827 γὰρ
3595 1756 3677 1809 τὸν

424 1845 480 1898 in
515 1836 612 1899 ore
658 1861 780 1900 meo
808 1847 874 1902 θ’.
910 1867 929 1897 ι
964 1848 1267 1903 Audiamus
1298 1850 1428 1918 quid
1452 1865 1552 1904 nos
1579 1851 1921 1915 cohortetur,
1947 1861 2007 1907 ut

424 1936 735 1991 faciamus:
783 1956 801 1989 ι
832 1938 1053 1993 Psallite
1096 1940 1209 1994 Deo
1252 1951 1460 2000 nostro,
1508 1942 1756 2011 psallite;
1788 1944 2006 2012 psallite

424 2031 557 2100 Regi
583 2039 791 2094 nostro,
817 2033 1033 2101 psallite
1058 2035 1338 2104 sapienter
1353 2035 1399 2067 ε’
1415 2078 1428 2099 ,
1449 2065 1519 2075 —-
1536 2036 1750 2104 psallite
1773 2037 2006 2091 Domino

426 2122 480 2173 in
528 2122 741 2176 cithara
785 2130 842 2176 et
895 2138 1027 2177 voce
1080 2124 1271 2192 psalmi
1316 2125 1382 2177 ⁸³.
1416 2144 1434 2177 ι
1488 2123 1597 2183 Sed
1637 2134 1694 2179 et
1738 2143 1750 2178 :
1807 2145 1826 2177 ι
1860 2126 2006 2182 Bene

425 2212 639 2279 psallite
663 2213 712 2267 ei
734 2214 788 2267 in
807 2213 1206 2269 vociferatione
1221 2214 1290 2280 8‘;
1309 2233 1436 2266 ι-ι
1461 2216 1829 2270 Exsultabuut
1854 2217 2003 2271 enim

426 2302 570 2355 labia
602 2319 722 2357 mea
756 2303 886 2357 dum
911 2314 1210 2359 cantavero
1244 2306 1365 2370 tibi,
1401 2316 1458 2362 et
1486 2305 1669 2361 anima
1695 2324 1813 2363 mea
1837 2324 2002 2379 quam

423 2396 707 2451 redemisti
740 2398 807 2450 "'.
839 2416 858 2447 ι
889 2398 1103 2452 Rursus
1139 2417 1153 2451 :
1204 2419 1223 2450 ι
1259 2400 1481 2455 Psallite
1524 2401 1778 2464 Domino,
1826 2403 2002 2458 sancti

420 2487 541 2557 ejus
564 2487 632 2541 ".
666 2508 685 2540 ι
724 2489 792 2543 Et
822 2503 835 2541 :
868 2509 886 2541 ι
917 2491 1131 2545 Servite
1156 2491 1387 2547 Domino
1413 2493 1466 2546 in
1489 2493 1709 2558 timore,
1732 2504 1789 2550 et
1817 2498 2003 2551 exsul-

420 2587 535 2641 tate
562 2581 612 2634 ei
639 2581 695 2639 in
724 2591 966 2644 tremore
996 2582 1064 2636 ⁸⁷·.
1100 2600 1119 2633 ι
1159 2614 1230 2623 -
1253 2599 1271 2632 ι
1305 2583 1451 2639 Laus
1484 2586 1633 2639 enim
1665 2586 1785 2656 ejus
1822 2588 1876 2641 in
1906 2603 2002 2644 ec-

421 2669 590 2725 clesia
619 2682 939 2727 sanctorum
973 2673 1043 2727 ⁸⁸.
1083 2693 1102 2726 ι
1138 2675 1207 2729 Et
1237 2691 1251 2729 :
1279 2693 1297 2726 ι
1324 2675 1448 2730 Filii
1482 2677 1614 2732 Sion
1643 2679 1921 2734 exsultent
1947 2680 2002 2735 in

420 2763 568 2833 Rege
602 2780 704 2819 suo
748 2766 814 2820 η.
855 2785 874 2817 ι
896 2785 1006 2819 -ι
1042 2768 1158 2839 Ego
1187 2777 1369 2824 autem
1404 2772 1640 2825 cantabo
1684 2781 1739 2826 et
1772 2773 1999 2842 psallam

422 2855 476 2909 in
509 2857 681 2923 gloria
703 2874 821 2913 mea
844 2860 914 2925 ὀ,
943 2879 962 2912 ι
994 2889 1062 2901 -—
1091 2880 1110 2911 ι
1133 2862 1263 2930 quia
1288 2863 1565 2918 concaluit
1590 2879 1688 2918 cor
1713 2881 1896 2919 meum
1919 2866 2002 2920 in-

423 2956 504 3001 tra
524 2964 631 3011 me,
658 2958 715 3003 et
745 2951 801 3003 in
819 2951 1176 3014 meditatione
1204 2967 1323 3007 mea
1360 2954 1685 3009 exardescet
1714 2957 1857 3027 ignis
1879 2958 1945 3012 “.
1976 2975 1994 3008 ι

422 3038 488 3093 Et
516 3057 528 3093 τ
576 3059 594 3090 ι
628 3040 817 3095 Dulcia
855 3042 1110 3099 faucibus
1156 3047 1294 3100 meis
1322 3047 1539 3115 eloquia
1572 3055 1666 3102 tua
1691 3064 1858 3119 super
1884 3050 1997 3104 mel
2023 3065 2067 3123 ε

418 3131 503 3184 ori
552 3147 674 3185 meo
718 3133 799 3198 ";
835 3152 853 3185 ι
883 3163 953 3173 -
988 3155 1006 3185 ι
1045 3137 1126 3191 sic
1174 3136 1499 3192 benedicam
1537 3148 1589 3193 te
1621 3140 1675 3193 in
1713 3142 1825 3194 vita
1855 3156 1993 3206 mea,

417 3220 475 3273 in
509 3220 733 3276 nomine
770 3231 865 3276 tuo
894 3223 1091 3279 levabo
1125 3240 1322 3280 manus
1337 3241 1540 3289 meas,»
1562 3229 1744 3297 quia,t
1771 3230 1914 3284 sicut
1932 3247 1998 3285 ex

419 3311 580 3382 adipe
608 3320 663 3366 et
695 3313 1033 3386 pinguedine
1063 3317 1342 3387 repleatur
1387 3321 1569 3375 anima
1605 3337 1724 3375 mea
1748 3332 1805 3377 et
1839 3322 1999 3377 labiis

417 3403 802 3461 exsultationis
853 3406 1102 3463 laudabit
1141 3424 1205 3464 os
1246 3425 1430 3465 meum
1460 3408 1541 3466 "’.
1584 3431 1602 3463 ι
1661 3414 1796 3468 Nam
1827 3433 1845 3465 ι
1883 3425 1998 3470 tor-

419 3500 578 3546 rente
611 3495 911 3564 voluptatis
941 3507 1050 3552 tua:
1092 3499 1310 3568 potabis
1339 3516 1435 3556 eos
1473 3501 1538 3566 ⁸⁸,
1566 3522 1585 3553 ι
1625 3505 1718 3573 qui
1758 3505 1998 3573 psallunt

419 3583 542 3638 tibi.
592 3583 697 3639 Sed
761 3587 894 3656 quid
938 3604 1163 3645 necesse
1201 3591 1273 3646 sit
1304 3591 1357 3646 in
1398 3594 1640 3648 medium
1665 3595 1997 3666 depromere

418 3676 634 3748 singula
682 3693 915 3757 qumque
955 3695 1022 3735 ex
1069 3683 1277 3739 Davide
1322 3685 1661 3752 testimonia,
1716 3690 1852 3743 nulli
1885 3707 1996 3745 non

416 3778 665 3824 vestrum
697 3786 958 3840 persuasa
989 3789 1052 3828 ac
1083 3785 1395 3848 perspecta,
1426 3779 1633 3847 quibus
1673 3796 1776 3834 nos
1801 3780 1996 3837 beatus

418 3859 510 3915 ille
558 3862 815 3924 hortatur
837 3862 905 3917 ad
953 3865 1346 3934 psallendum?
1380 3876 1477 3922 aut
1504 3879 1656 3926 certe
1695 3872 1828 3941 quid
1856 3888 1997 3943 opus

418 3960 480 4004 ut
511 3952 780 4022 explicem
822 3963 1092 4023 quantum
1127 3957 1313 4026 gratiae
1359 3967 1415 4013 et
1455 3960 1759 4029 spiritualis
1792 3962 1997 4019 latitia:

419 4040 698 4097 inseratur
728 4043 881 4098 cordi
907 4046 1028 4115 ejus
1051 4046 1146 4123 qui
1172 4062 1297 4102 cum
1325 4051 1748 4119 compunctione
1779 4062 1835 4107 et
1868 4069 1997 4123 per-

416 4132 567 4204 vigili
612 4136 919 4189 attentione
947 4122 1130 4205 psallit
1160 4138 1438 4195 Domino?
1459 4142 1676 4196 Norunt
1709 4122 1881 4213 plane,
1899 4146 1995 4216 qui

415 4224 733 4282 didicerunt
781 4228 1030 4285 doctrice
1075 4232 1417 4300 experientia
1449 4252 1460 4285 :
1490 4249 1561 4289 ne
1593 4236 1682 4290 cui
1720 4236 1865 4293 forte
1892 4256 1994 4296 nu-

415 4333 519 4388 gax
548 4318 738 4374 videar
772 4329 827 4376 et
848 4321 1081 4377 blatero.
1109 4322 1253 4378 Sane
1285 4324 1339 4378 in
1364 4340 1431 4380 eo
1463 4329 1730 4396 temporis
1755 4331 1993 4387 articulo

2107 1842 2313 1912 Κύριον
2348 1844 2405 1895 ὲν
2434 1845 2596 1897 παντὶ
2624 1844 2823 1915 καιρῷ.
2849 1845 2947 1897 Διά
2978 1846 3178 1908 παντὸς
3209 1850 3241 1917 ή
3282 1847 3497 1911 αῖνεσις
3522 1845 3674 1900 αὐτοῦ

2107 1936 2166 1987 ἐν
2196 1935 2275 2003 τῷ
2304 1935 2532 2005 στόματί
2564 1953 2687 2004 μου.
2725 1953 2742 1987 ι
2805 1935 3153 2005 Ἀκούσωμεν
3183 1936 3276 1989 τοῦ
3310 1936 3479 1989 Δαυῒδ
3510 1953 3677 2004 παρα·

2106 2027 2465 2096 κελευομένου
2493 2029 2909 2098 ἡμῖνίΨάλατε
2937 2029 3015 2100 τῷ
3045 2028 3162 2098 Θεῷ
3194 2029 3586 2099 ἡμῶν.ψάλατε
3606 2026 3672 2098 τῷ

2106 2116 2326 2169 Βασιλεῖ
2350 2118 2528 2186 ἡμῶν,
2578 2118 2784 2186 ψάλατε
2814 2120 3051 2182 συνετῶς
3086 2133 3102 2148 ⁶
3134 2119 3341 2186 trama
3380 2119 3462 2189 τῷ
3499 2118 3673 2188 Κυρίῳ

2104 2203 2163 2255 ἐν
2187 2203 2390 2275 κιθάρᾳ
2420 2206 2512 2257 καὶ
2551 2209 2701 2276 φωνῇ
2729 2206 2979 2277 ψαλμοῦἋ
3009 2228 3027 2259 ι
3074 2209 3234 2261 Ἀλλὰ
3257 2210 3372 2268 καλ,
3409 2228 3428 2260 ι
3461 2208 3671 2273 Ψάλατε

2105 2296 2254 2366 αὐτῷ
2274 2298 2332 2349 ὲν
2355 2297 2678 2370 ἀλαλαγμῷ.
2695 2318 2815 2351 ι-ι
2839 2278 3279 2367 Ἀγαλλιάσονται
3296 2301 3365 2353 τὰ
3394 2301 3548 2371 χείλη
3578 2317 3669 2368 μου

2104 2387 2231 2440 ὅταν
2260 2386 2527 2457 ψάλλωσι,
2560 2390 2655 2444 καὶ
2687 2392 2719 2461 ἡ
2750 2390 2896 2461 ψυχή
2926 2409 3027 2460 μου
3053 2391 3121 2462 ἢν
3152 2392 3477 2460 ὲλυτρὼσω.
3519 2412 3538 2443 ι
3569 2390 3666 2444 Καὶ

2104 2474 2276 2543 αὖθις,
2316 2499 2334 2529 ι
2360 2480 2581 2533 Ψάλατε
2627 2480 2703 2551 τῷ
2734 2482 2944 2551 Κυρίῳ,
2992 2485 3041 2535 οἱ
3081 2484 3218 2534 ὅσιοι
3247 2483 3439 2537 αὐτοῦ,
3477 2503 3496 2533 ι
3545 2483 3665 2543 Καὶ,

2112 2587 2130 2620 ι
2182 2569 2626 2642 Δουλεύσατε’τῷ
2673 2572 2860 2640 Κυρίῳ
2904 2572 2960 2623 ὲν
3013 2570 3182 2640 φόόῳ.
3218 2578 3309 2624 καὶ
3341 2570 3664 2639 ἀγαλλιᾶσθε

2106 2661 2256 2732 αὐτῷ
2285 2663 2343 2716 ἐν
2386 2664 2594 2734 τρόμῳ.
2634 2663 2699 2716 'H
2725 2664 2835 2735 γὰρ
2876 2666 3079 2729 αῖνεσις
3115 2665 3279 2718 αὐτοῦ
3309 2668 3367 2718 ὲν
3411 2664 3661 2735 ἐκκλησίᾳ

2103 2754 2285 2808 ὁσίων.
2330 2773 2349 2805 ι
2387 2756 2514 2820 Καὶ,
2549 2773 2567 2806 ι
2600 2756 2663 2807 υἱ
2700 2756 2803 2808 υἱοὶ
2839 2754 2974 2808 Σιὼν
3004 2757 3456 2823 ἀγαλλιᾶσθωσαν
3484 2759 3576 2809 ἐπὶ
3595 2754 3665 2823 τῷ

2104 2844 2324 2898 Βασιλεῖ
2350 2847 2550 2899 αὐτῶν.
2584 2847 2724 2915 Ἐγὼ
2750 2848 2806 2901 δὲ
2833 2848 3034 2919 ᾄσομαι
3063 2848 3157 2902 καὶ
3183 2849 3339 2914 ψαλῶ
3370 2851 3427 2902 ὲν
3455 2853 3519 2919 τῇ
3548 2847 3660 2918 δόξῃ

2106 2954 2234 3007 μου,
2265 2939 2348 2991 ὃτι
2377 2939 2687 3009 ἐθερμάνθη
2716 2942 2748 3009 ἡ
2797 2941 2994 3009 καρδία
3022 2958 3126 3010 μου
3157 2942 3307 3000 ἐντός
3342 2959 3468 3011 μου,
3494 2940 3585 2993 καὶ
3611 2941 3662 2990 ἑν

2100 3032 2165 3098 τῇ
2194 3029 2391 3103 μελέτῃ
2418 3046 2518 3098 μου
2549 3032 2947 3103 ἐκκαυθήσεται
2963 3031 3126 3103 πῦρ.»
3157 3033 3551 3095 ΚαὶμΓλυκὲα
3588 3030 3657 3102 τῷ

2101 3117 2335 3189 λάρυγγί
2357 3137 2457 3188 μου
2478 3120 2543 3171 τὰ
2571 3119 2725 3188 λόγιά
2750 3137 2842 3173 σου
2859 3122 2998 3192 ὐπὲρ
3025 3120 3146 3191 μέλι
3164 3121 3243 3192 τῷ
3259 3123 3486 3192 στόματί
3513 3138 3655 3192 patri

2099 3239 2170 3250 —
2210 3228 2228 3261 ι
2268 3209 2453 3275 Οὐτως
2492 3211 2774 3283 εὐλογήσω
2807 3230 2866 3265 σε
2900 3215 2958 3265 ὲν
2982 3217 3047 3281 τῇ
3081 3214 3193 3284 ζωῇ
3236 3230 3360 3284 μου,
3399 3217 3490 3269 καὶ
3519 3216 3574 3267 ὲν
3591 3212 3659 3282 τῷ

2099 3301 2322 3372 ὀνόματί
2350 3319 2443 3355 σου
2472 3304 2588 3374 ἀρῶ
2618 3306 2716 3367 τὰς
2742 3305 2930 3373 χεῖράς
2963 3321 3085 3375 μου’
3116 3306 3197 3358 ὅτι
3245 3304 3321 3369 ὡς
3354 3307 3418 3358 ἐκ
3449 3306 3659 3367 στέατος

2100 3395 2194 3448 καὶ
2232 3396 2484 3464 πιότητος
2515 3398 2860 3469 ἐμπλησθείη
2892 3399 2940 3468 ιή
2997 3399 3144 3468 ψυχὴ
3199 3416 3324 3467 μου,
3381 3398 3477 3452 καὶ
3518 3398 3656 3468 χείλη

2098 3490 2470 3558 ἀγαλλιάσεως
2498 3491 2703 3543 αίνέσει
2743 3492 2803 3542 τὸ
2845 3491 3025 3560 στόμα
3056 3509 3178 3561 μου.
3216 3510 3235 3542 ι
3276 3521 3344 3532 --
3374 3511 3395 3543 ι
3433 3492 3535 3544 Τὸν
3561 3492 3657 3559 γὰρ

2098 3582 2433 3652 χειμάρρουν
2459 3580 2560 3650 τῆς
2581 3584 2793 3651 τρυφῆς
2826 3599 2919 3634 σου
2941 3584 3149 3644 ποτιεῖς
3181 3583 3378 3645 αὐτοὺς
3404 3602 3422 3633 ι
3446 3582 3655 3653 ψάλλον-

2097 3673 2195 3735 ca;
2221 3689 2322 3727 σοι.
2360 3673 2521 3727 Ἀλλὰ
2547 3673 2601 3726 τί
2640 3674 2746 3747 χρὴ
2781 3674 2960 3737 πάσας
2997 3673 3095 3737 τὰς
3142 3677 3270 3746 περὶ
3311 3674 3406 3727 τοῦ
3450 3673 3653 3744 ψάλλειν

2097 3763 2191 3817 τοῦ
2222 3764 2384 3818 Δαυῒδ
2412 3765 2755 3833 παραθέσθαι
2785 3766 3116 3835 μαρτυρίας,
3142 3765 3209 3829 ἀς
3234 3767 3442 3830 πάντες
3468 3769 3649 3829 ίσασιν,

2097 3858 2131 3929 ἢ
2169 3858 2297 3928 περὶ
2353 3857 2452 3928 τῆς
2499 3857 2718 3930 χάριτος
2755 3859 2851 3911 καὶ
2885 3857 3225 3928 εὐφροσύνης
3256 3862 3352 3929 τῆς
3390 3857 3652 3928 ἐγγινομέ-

2100 3967 2196 4019 νης
2220 3951 2277 4001 ὲν
2306 3951 2369 4020 τῇ
2406 3949 2603 4019 καρδίᾳ
2654 3949 2764 4002 τῶν
2817 3950 2956 4018 μετά
2999 3948 3345 4015 κατανύξεως
3389 3948 3651 4020 νηφαλέως

2097 4041 2409 4112 ψαλλόντων
2450 4041 2851 4113 διηγήσασθαι;
2884 4042 2981 4094 καὶ
3020 4039 3184 4094 τοῦτο
3210 4042 3319 4110 γὰρ
3349 4042 3647 4095 ἐπίστανται

2097 4137 2146 4188 οἱ
2177 4134 2597 4205 πεπειραμένοι,
2639 4135 2852 4205 μήποτε
2893 4135 2997 4211 καὶ⁵
3017 4134 3306 4205 ἀδόλεσχος
3333 4133 3522 4205 κριθῶ.
3549 4133 3646 4185 Κα-

2097 4226 2188 4280 λὸν
2214 4221 2307 4280 οὖν
2331 4228 2478 4279 ἐστιν
2506 4227 2564 4279 ὲν
2591 4225 2766 4297 καιρῷ
2798 4228 3024 4296 μνήμης
3058 4226 3193 4279 Θεοῦ
3230 4224 3644 4280 πολυπλασιάσαι

2098 4319 2300 4388 δέησιν,
2339 4319 2423 4372 ἵνα
2453 4319 2579 4373 ὅταν
2602 4317 2990 4388 ἐπιλαθώμεθα
3016 4319 3304 4391 ὑπομνήσῃ
3333 4319 3481 4388 ἡμᾶς
3505 4319 3531 4369 ό
3554 4313 3644 4368 Κύ-

415 4427 528 4481 quo
572 4414 838 4469 memoria
887 4414 1204 4471 celebratur
1264 4417 1466 4473 divinae
1512 4393 1725 4487 laudis,
1781 4424 1993 4494 juverit

2105 4429 2233 4483 ριος.
2263 4413 2372 4465 Kal.
2402 4412 2635 4475 εὐτόνως
2666 4411 2902 4479 στῶμεν,
2931 4411 3229 4480 ἀγαπητοὶ,
3266 4412 3332 4480 τῇ
3360 4404 3639 4497 ψαλμῳδίξ

416 4503 786 4573 multiplicare
822 4506 1289 4577 deprecationem,
1333 4519 1398 4565 ut
1440 4512 1585 4582 quod
1622 4529 1721 4585 per
1760 4515 1996 4575 oblivio-

2096 4504 2194 4557 καὶ
2220 4501 2651 4574 προσευξώμεθα
2682 4502 2913 4563 εὐτόνως
2938 4501 3411 4572 ἀποστρεφόμενοι
3436 4500 3532 4562 τὰς
3553 4494 3644 4549 τῶν

414 4607 543 4646 nem
583 4594 854 4649 exciderit
899 4600 1188 4665 memoria,
1256 4600 1376 4670 ipse
1417 4601 1685 4658 Dominus
1736 4605 1995 4677 dignetur

2105 4597 2371 4667 λογισμῶν
2417 4598 2512 4650 καὶ
2553 4596 2848 4677 φροντίδων
2876 4593 3134 4658 ἐπείξεις.
3179 4593 3417 4647 Εἰώθασι
3466 4591 3565 4661 γὰρ
3604 4586 3642 4638 οἱ

416 4699 709 4754 suggerere
747 4703 761 4740 :
797 4696 961 4758 atque
1015 4691 1112 4757 ita,
1164 4692 1499 4761 cbarissimi,
1536 4695 1592 4749 in
1638 4676 1997 4755 concinendis

2105 4690 2370 4758 δαίμονες,
2398 4689 2528 4742 ὅταν
2571 4686 2724 4741 ἴδωσί
2768 4686 2892 4741 τινα
2944 4684 3242 4759 προθύμως
3292 4676 3641 4753 ψάλλοντα,ῆ

415 4775 641 4843 psalmis
662 4783 858 4833 attenti
879 4782 1608 4857 persistamus,,oremusque
1627 4792 1761 4845 voce
1778 4801 1994 4847 exserta

2105 4781 2561 4854 προσευχόμενον,
2585 4781 2706 4833 τότε
2730 4779 3043 4833 ὑποτιθέναι
3063 4777 3318 4847 νοήματά
3339 4793 3502 4829 τινων
3521 4787 3643 4842 πρα-

414 4876 473 4921 ct
529 4868 830 4933 constanti,
882 4873 1123 4931 aversati
1173 4876 1423 4931 studium
1465 4893 1630 4934 omne
1673 4882 1997 4940 multifaria:

2105 4875 2327 4945 γμὰτων
2360 4872 2519 4943 δῆθεν
2565 4870 2901 4940 ἀναγκαίων*
2929 4867 3205 4932 κινοῦντες
3234 4868 3325 4921 τὸν
3369 4865 3498 4919 νοῦν

416 4957 765 5030 cogitationis
784 4968 840 5015 et
859 4962 1094 5018 curiosa:
1126 4965 1534 5027 sollicitudinis.
1576 4971 1703 5029 meo
1723 4971 1870 5026 enim
1899 4989 1990 5031 so-

2105 4967 2328 5037 ζήτησιν
2361 4964 2565 5027 αὐτῶν,
2609 4962 2697 5016 ῐνα
2741 4961 2928 5032 χυθεὶς
2965 4962 2994 5013 ό
3024 4958 3148 5021 νοῦς
3179 4957 3316 5032 πρὸς
3360 4955 3460 5026 τὴν
3489 4954 3643 5054 αὐτῶν

414 5048 622 5107 lcmnis
659 5053 1003 5115 consuetudo
1034 5055 1380 5113 daemonibus
1412 5059 1662 5125 inolevit,
1689 5061 1734 5116 si
1770 5064 1994 5132 quando

2105 5058 2335 5129 ἔρευναν,
2365 5055 2608 5126 ἀπολέσῃ
2634 5055 2734 5123 τὴν
2756 5051 3066 5123 γλυκύτητα
3087 5053 3187 5120 τῆς
3211 5047 3547 5145 ψαλμῳδίας.
3564 5044 3645 5145 διὰ

417 5154 589 5196 unum
633 5142 882 5214 aliquem,
922 5146 1167 5202 viderint
1216 5147 1404 5203 animo
1451 5148 1620 5213 alacri
1670 5151 1992 5219 psallentem

2105 5150 2139 5202 τί
2168 5152 2234 5202 ἐκ
2264 5149 2535 5218 στόματος
2563 5146 2673 5199 τῶν
2703 5143 2915 5216 νηπίων
2946 5143 3115 5196 ὅντων
3140 5145 3207 5212 τῇ
3230 5138 3398 5210 κακίᾳ
3432 5138 3641 5191 πιστῶν,

417 5241 513 5288 aut
558 5235 836 5300 orantem,
884 5237 1249 5309 cogitationes
1284 5247 1416 5294 tunc
1453 5249 1756 5315 suggerunt
1807 5257 1991 5296 rerum

2105 5243 2117 5293 i
2152 5240 2388 5311 Χριστὸς
2422 5237 2740 5309 καταρτίζει
2791 5237 2883 5289 τὸν
2928 5231 3078 5288 αἶνον
3097 5273 3113 5299 ,
3142 5232 3176 5304 ἢ
3208 5232 3428 5292 πάντως
3459 5229 3543 5321 ἴνα
3568 5221 3644 5278 διὰ

416 5332 714 5393 prospectu
778 5326 901 5398 ipso
962 5330 1425 5396 necessariarum,
1479 5341 1721 5387 mentem
1768 5334 1988 5388 interim

2105 5334 2187 5402 πῆς
2215 5331 2539 5403 ψαλμῳδίας
2565 5330 2846 5400 καταλύσῃ
2876 5327 3070 5398 ἐχθρὸν
3098 5326 3195 5379 καὶ
3236 5322 3533 5392 ἐκδικητὴν
3560 5334 3643 5370 τυο

486 5502 533 5533 ⁷⁷
563 5502 703 5556 Psal.
743 5519 843 5565 cn,
887 5504 975 5562 ἓξ),
1011 5504 1098 5558 “ll.
1177 5505 1222 5536 ⁷⁸
1271 5505 1413 5560 Ρςειι.
1443 5523 1525 5572 eL,
1570 5508 1622 5562 6.
1700 5510 1745 5541 ⁷³
1781 5508 1923 5563 Psal.
1957 5524 1994 5570 ι,

2158 5508 2206 5539 ⁸⁵
2252 5507 2394 5563 1⁵⁵31·
2447 5521 2559 5571 XXI.
2606 5505 2699 5560 24-
2773 5503 2818 5536 ⁸⁸
2855 5503 2999 5558 Psal.
3049 5517 3237 5559 xxxiii.
3287 5500 3371 5572 2.7
3419 5499 3467 5530 ”
3519 5492 3640 5572 Ps3}.

417 5587 556 5657 ἔτνει,
717 5574 762 5603 ’³
810 5562 946 5657 iisin.
996 5575 1284 5657 gravitati.‘
1338 5562 1772 5657 “APs‘aI..xxxit,

2105 5580 2161 5633 il.
2203 5562 2325 5642 Lxx,
2369 5577 2460 5633 25.
2546 5562 2607 5609 ’⁸⁸
2641 5575 2789 5657 Ιζξιιιζ
2816 5589 2961 5635 nix,
3005 5574 3206 5657 ὕκην-⁸⁷
3257 5571 3401 5657 εῖδει-ξ.
3451 5586 3508 5657 ii,

416 5639 460 5667 ι’*
498 5643 636 5693 l‘sal.
665 5656 837 5711 (IMR.
878 5645 918 5695 ί.
996 5644 1040 5675 ⁸³
1077 5644 1150 5696 ibi
1179 5647 1212 5694 l.
1253 5646 1307 5696 ἓ.
1385 5648 1430 5677 ³³⁰
1472 5647 1611 5701 Psal.
1655 5639 1779 5709 ovu',
1813 5649 1864 5701 2.
1943 5649 1984 5679 ⁹¹

2105 5650 2164 5707 tl.
2206 5639 2427 5711 xxxvi",
2465 5649 2515 5702 ι.
2591 5650 2637 5680 ⁹²
2672 5646 2813 5700 Psal.
2845 5660 3027 5707 cxvm,
3069 5642 3185 5696 illi}.
3262 5641 3307 5673 ~“'
3344 5641 3497 5695 Psal.’
3528 5649 3639 5693 uti.

420 5709 470 5763 ε.
520 5711 571 5763 ti.
647 5709 689 5741 ’⁸
745 5714 881 5764 l'sai.
923 5730 1078 5780 xxxv,
1135 5718 1186 5771 υ.
1244 5780 1251 5787 ,
