  <div class='ocr_page' id='page_1' title='image "/cluster/home/n/w/nwhite01/storage/ocr_20150623/89/mdp.39015008868328/905.png"; bbox 0 0 3918 6106; ppageno 0'>
   <div class='ocr_carea' id='block_1_1' title="bbox 406 297 3630 365">
    <p class='ocr_par' dir='ltr' id='par_1_1' title="bbox 406 297 3630 365">
     <span class='ocr_line' id='line_1_1' title="bbox 406 297 3630 365; baseline 0 -4"><span class='ocrx_word' id='word_1_1' title='bbox 406 299 510 363; x_wconf 67' lang='grc'><strong>755</strong></span> <span class='ocrx_word' id='word_1_2' title='bbox 1625 304 1994 365; x_wconf 78' lang='lat' dir='ltr'><strong>ANTIOCHI</strong></span> <span class='ocrx_word' id='word_1_3' title='bbox 2034 305 2382 365; x_wconf 80' lang='lat' dir='ltr'><strong>MONACHI</strong></span> <span class='ocrx_word' id='word_1_4' title='bbox 3489 297 3630 361; x_wconf 68' lang='lat'><strong>1736</strong></span> 
     </span>
    </p>
   </div>
   <div class='ocr_carea' id='block_1_2' title="bbox 355 403 1949 479">
    <p class='ocr_par' dir='ltr' id='par_1_2' title="bbox 355 403 1936 471">
     <span class='ocr_line' id='line_1_2' title="bbox 355 403 1936 471; baseline 0.003 -13"><span class='ocrx_word' id='word_1_5' title='bbox 355 405 504 458; x_wconf 83' lang='lat' dir='ltr'><strong>cium</strong></span> <span class='ocrx_word' id='word_1_6' title='bbox 546 403 730 460; x_wconf 82' lang='lat' dir='ltr'><strong>laudis</strong></span> <span class='ocrx_word' id='word_1_7' title='bbox 759 423 771 457; x_wconf 94' lang='lat'>:</span> <span class='ocrx_word' id='word_1_8' title='bbox 805 405 912 460; x_wconf 86' lang='lat' dir='ltr'><strong>hoc</strong></span> <span class='ocrx_word' id='word_1_9' title='bbox 938 415 1043 471; x_wconf 89' lang='lat' dir='ltr'><strong>est,</strong></span> <span class='ocrx_word' id='word_1_10' title='bbox 1078 407 1326 462; x_wconf 89' lang='lat' dir='ltr'><strong>fructum</strong></span> <span class='ocrx_word' id='word_1_11' title='bbox 1360 409 1639 464; x_wconf 85' lang='lat' dir='ltr'><strong>labiorum</strong></span> <span class='ocrx_word' id='word_1_12' title='bbox 1663 408 1936 465; x_wconf 83' lang='lat' dir='ltr'><strong>confiten-</strong></span> 
     </span>
    </p>
   </div>
   <div class='ocr_carea' id='block_1_3' title="bbox 2054 403 3631 479">
    <p class='ocr_par' dir='ltr' id='par_1_3' title="bbox 2054 404 3631 479">
     <span class='ocr_line' id='line_1_3' title="bbox 2054 404 3631 479; baseline -0.004 -17"><span class='ocrx_word' id='word_1_13' title='bbox 2054 409 2112 479; x_wconf 73' lang='grc' dir='ltr'><strong>τῷ</strong></span> <span class='ocrx_word' id='word_1_14' title='bbox 2136 408 2345 478; x_wconf 76' lang='grc' dir='ltr'>ἁδελφῷ</span> <span class='ocrx_word' id='word_1_15' title='bbox 2378 425 2496 474; x_wconf 87' lang='grc' dir='ltr'>σου,</span> <span class='ocrx_word' id='word_1_16' title='bbox 2529 407 2624 459; x_wconf 77' lang='grc' dir='ltr'><strong>καὶ</strong></span> <span class='ocrx_word' id='word_1_17' title='bbox 2651 405 2774 458; x_wconf 86' lang='grc' dir='ltr'>τότε</span> <span class='ocrx_word' id='word_1_18' title='bbox 2826 404 2999 458; x_wconf 73' lang='grc' dir='ltr'>ἐλθὼν</span> <span class='ocrx_word' id='word_1_19' title='bbox 3035 405 3308 475; x_wconf 76' lang='grc' dir='ltr'>πρόσφερε</span> <span class='ocrx_word' id='word_1_20' title='bbox 3349 405 3410 456; x_wconf 77' lang='grc' dir='ltr'>τὸ</span> <span class='ocrx_word' id='word_1_21' title='bbox 3449 404 3631 474; x_wconf 72' lang='grc' dir='ltr'>δῶρόν</span> 
     </span>
    </p>
   </div>
   <div class='ocr_carea' id='block_1_4' title="bbox 355 496 1949 574">
    <p class='ocr_par' dir='ltr' id='par_1_4' title="bbox 355 496 1928 574">
     <span class='ocr_line' id='line_1_4' title="bbox 355 496 1928 574; baseline 0.005 -26"><span class='ocrx_word' id='word_1_22' title='bbox 355 500 498 550; x_wconf 84' lang='lat' dir='ltr'><strong>tium</strong></span> <span class='ocrx_word' id='word_1_23' title='bbox 522 496 736 550; x_wconf 89' lang='lat' dir='ltr'><strong>nomini</strong></span> <span class='ocrx_word' id='word_1_24' title='bbox 764 497 959 566; x_wconf 87' lang='lat' dir='ltr'><strong>ipsius,</strong></span> <span class='ocrx_word' id='word_1_25' title='bbox 981 509 1035 552; x_wconf 73' lang='grc' dir='ltr'>«ιι</span> <span class='ocrx_word' id='word_1_26' title='bbox 1075 517 1086 551; x_wconf 96' lang='lat'>:</span> <span class='ocrx_word' id='word_1_27' title='bbox 1121 519 1138 550; x_wconf 81' lang='grc' dir='ltr'><strong>ι</strong></span> <span class='ocrx_word' id='word_1_28' title='bbox 1175 500 1445 557; x_wconf 77' lang='lat' dir='ltr'><strong>Exhibete</strong></span> <span class='ocrx_word' id='word_1_29' title='bbox 1476 518 1712 574; x_wconf 88' lang='lat' dir='ltr'><strong>corpora</strong></span> <span class='ocrx_word' id='word_1_30' title='bbox 1741 511 1928 557; x_wconf 90' lang='lat' dir='ltr'><strong>vestra</strong></span> 
     </span>
    </p>
   </div>
   <div class='ocr_carea' id='block_1_5' title="bbox 2054 496 3627 574">
    <p class='ocr_par' dir='ltr' id='par_1_5' title="bbox 2054 496 3627 569">
     <span class='ocr_line' id='line_1_5' title="bbox 2054 496 3627 569; baseline -0.004 -15"><span class='ocrx_word' id='word_1_31' title='bbox 2054 519 2152 555; x_wconf 73' lang='grc' dir='ltr'>που.</span> <span class='ocrx_word' id='word_1_32' title='bbox 2191 521 2208 552; x_wconf 73' lang='grc' dir='ltr'><strong>ι</strong></span> <span class='ocrx_word' id='word_1_33' title='bbox 2246 500 2407 554; x_wconf 82' lang='grc' dir='ltr'>Γενοῦ</span> <span class='ocrx_word' id='word_1_34' title='bbox 2450 503 2508 553; x_wconf 78' lang='grc' dir='ltr'>ἐν</span> <span class='ocrx_word' id='word_1_35' title='bbox 2538 503 2601 569; x_wconf 83' lang='grc' dir='ltr'><strong>τῇ</strong></span> <span class='ocrx_word' id='word_1_36' title='bbox 2629 498 2925 568; x_wconf 73' lang='grc' dir='ltr'>ψαλμῳδίᾳ</span> <span class='ocrx_word' id='word_1_37' title='bbox 2961 515 3056 550; x_wconf 92' lang='grc' dir='ltr'><strong>σου</strong></span> <span class='ocrx_word' id='word_1_38' title='bbox 3098 496 3322 560; x_wconf 77' lang='grc' dir='ltr'>ἄκακος,</span> <span class='ocrx_word' id='word_1_39' title='bbox 3358 497 3457 550; x_wconf 81' lang='grc' dir='ltr'><strong>καὶ</strong></span> <span class='ocrx_word' id='word_1_40' title='bbox 3486 496 3627 548; x_wconf 77' lang='grc' dir='ltr'><strong>άκέ-</strong></span> 
     </span>
    </p>
   </div>
   <div class='ocr_carea' id='block_1_6' title="bbox 357 585 1949 665">
    <p class='ocr_par' dir='ltr' id='par_1_6' title="bbox 357 585 1936 662">
     <span class='ocr_line' id='line_1_6' title="bbox 357 585 1936 662; baseline 0.005 -22"><span class='ocrx_word' id='word_1_41' title='bbox 357 585 602 640; x_wconf 72' lang='lat' dir='ltr'><strong>hosﬁam</strong></span> <span class='ocrx_word' id='word_1_42' title='bbox 650 587 943 651; x_wconf 76' lang='lat' dir='ltr'><strong>viventem,</strong></span> <span class='ocrx_word' id='word_1_43' title='bbox 977 601 1246 654; x_wconf 89' lang='lat' dir='ltr'><strong>sanctam,</strong></span> <span class='ocrx_word' id='word_1_44' title='bbox 1288 591 1740 662; x_wconf 87' lang='lat' dir='ltr'><strong>beneplacentem</strong></span> <span class='ocrx_word' id='word_1_45' title='bbox 1799 595 1936 657; x_wconf 84' lang='lat' dir='ltr'><strong>Deo,</strong></span> 
     </span>
    </p>
   </div>
   <div class='ocr_carea' id='block_1_7' title="bbox 2054 585 3630 665">
    <p class='ocr_par' dir='ltr' id='par_1_7' title="bbox 2054 587 3630 659">
     <span class='ocr_line' id='line_1_7' title="bbox 2054 587 3630 659; baseline -0.006 -13"><span class='ocrx_word' id='word_1_46' title='bbox 2054 610 2205 657; x_wconf 71' lang='grc' dir='ltr'>ηιος,</span> <span class='ocrx_word' id='word_1_47' title='bbox 2250 594 2326 656; x_wconf 82' lang='grc' dir='ltr'>ὡς</span> <span class='ocrx_word' id='word_1_48' title='bbox 2361 595 2409 646; x_wconf 78' lang='grc' dir='ltr'>οἱ</span> <span class='ocrx_word' id='word_1_49' title='bbox 2442 590 2631 652; x_wconf 84' lang='grc' dir='ltr'>παῖδες</span> <span class='ocrx_word' id='word_1_50' title='bbox 2663 589 2770 642; x_wconf 87' lang='grc' dir='ltr'><strong>τῶν</strong></span> <span class='ocrx_word' id='word_1_51' title='bbox 2807 588 3097 659; x_wconf 77' lang='grc' dir='ltr'>Ἐὄραὶων,</span> <span class='ocrx_word' id='word_1_52' title='bbox 3142 589 3337 648; x_wconf 78' lang='grc' dir='ltr'>οἵτινες</span> <span class='ocrx_word' id='word_1_53' title='bbox 3374 587 3630 655; x_wconf 81' lang='grc' dir='ltr'>ὑπήντη-</span> 
     </span>
    </p>
   </div>
   <div class='ocr_carea' id='block_1_8' title="bbox 361 677 1949 754">
    <p class='ocr_par' dir='ltr' id='par_1_8' title="bbox 361 677 1938 746">
     <span class='ocr_line' id='line_1_8' title="bbox 361 677 1938 746; baseline 0.003 -16"><span class='ocrx_word' id='word_1_54' title='bbox 361 677 692 731; x_wconf 90' lang='lat' dir='ltr'><strong>rationabile</strong></span> <span class='ocrx_word' id='word_1_55' title='bbox 741 679 1068 746; x_wconf 75' lang='lat' dir='ltr'><strong>obsequium</strong></span> <span class='ocrx_word' id='word_1_56' title='bbox 1109 697 1356 734; x_wconf 84' lang='lat' dir='ltr'><strong>vestrum</strong></span> <span class='ocrx_word' id='word_1_57' title='bbox 1406 681 1448 736; x_wconf 76' lang='grc'>⁸.</span> <span class='ocrx_word' id='word_1_58' title='bbox 1484 704 1503 734; x_wconf 75' lang='grc' dir='ltr'><strong>ι</strong></span> <span class='ocrx_word' id='word_1_59' title='bbox 1545 685 1635 737; x_wconf 88' lang='lat' dir='ltr'><strong>Ait</strong></span> <span class='ocrx_word' id='word_1_60' title='bbox 1669 694 1850 737; x_wconf 87' lang='lat' dir='ltr'><strong>autem</strong></span> <span class='ocrx_word' id='word_1_61' title='bbox 1883 691 1938 735; x_wconf 92' lang='lat' dir='ltr'><strong>et</strong></span> 
     </span>
    </p>
   </div>
   <div class='ocr_carea' id='block_1_9' title="bbox 2054 677 3628 754">
    <p class='ocr_par' dir='ltr' id='par_1_9' title="bbox 2054 677 3628 754">
     <span class='ocr_line' id='line_1_9' title="bbox 2054 677 3628 754; baseline -0.006 -17"><span class='ocrx_word' id='word_1_62' title='bbox 2054 702 2135 737; x_wconf 83' lang='grc' dir='ltr'><strong>ιαν</strong></span> <span class='ocrx_word' id='word_1_63' title='bbox 2164 684 2243 754; x_wconf 80' lang='grc' dir='ltr'>τῷ</span> <span class='ocrx_word' id='word_1_64' title='bbox 2275 683 2462 752; x_wconf 79' lang='grc' dir='ltr'>Κυρίῳ</span> <span class='ocrx_word' id='word_1_65' title='bbox 2525 683 2660 751; x_wconf 79' lang='grc' dir='ltr'>μετὰ</span> <span class='ocrx_word' id='word_1_66' title='bbox 2705 682 2916 734; x_wconf 82' lang='grc' dir='ltr'>κλάδων</span> <span class='ocrx_word' id='word_1_67' title='bbox 2957 680 3053 732; x_wconf 80' lang='grc' dir='ltr'><strong>καὶ</strong></span> <span class='ocrx_word' id='word_1_68' title='bbox 3100 679 3301 748; x_wconf 79' lang='grc' dir='ltr'>βαῖων,</span> <span class='ocrx_word' id='word_1_69' title='bbox 3339 677 3628 743; x_wconf 76' lang='grc' dir='ltr'>λέγοντες,</span> 
     </span>
    </p>
   </div>
   <div class='ocr_carea' id='block_1_10' title="bbox 357 766 1949 843">
    <p class='ocr_par' dir='ltr' id='par_1_10' title="bbox 357 766 1940 843">
     <span class='ocr_line' id='line_1_10' title="bbox 357 766 1940 843; baseline 0.003 -22"><span class='ocrx_word' id='word_1_70' title='bbox 357 766 630 821; x_wconf 77' lang='lat' dir='ltr'><strong>JaCobus:</strong></span> <span class='ocrx_word' id='word_1_71' title='bbox 657 768 967 824; x_wconf 71' lang='lat' dir='ltr'><strong>«Tristatur</strong></span> <span class='ocrx_word' id='word_1_72' title='bbox 991 772 1116 840; x_wconf 85' lang='lat' dir='ltr'><strong>quis</strong></span> <span class='ocrx_word' id='word_1_73' title='bbox 1145 773 1199 825; x_wconf 93' lang='lat' dir='ltr'><strong>in</strong></span> <span class='ocrx_word' id='word_1_74' title='bbox 1219 775 1414 827; x_wconf 76' lang='lat' dir='ltr'><strong>vobis?</strong></span> <span class='ocrx_word' id='word_1_75' title='bbox 1441 784 1564 828; x_wconf 90' lang='lat' dir='ltr'><strong>oret</strong></span> <span class='ocrx_word' id='word_1_76' title='bbox 1591 792 1605 838; x_wconf 86' lang='lat'><strong>;</strong></span> <span class='ocrx_word' id='word_1_77' title='bbox 1633 789 1791 843; x_wconf 70' lang='lat' dir='ltr'><strong>aequo</strong></span> <span class='ocrx_word' id='word_1_78' title='bbox 1819 773 1940 825; x_wconf 78' lang='lat' dir='ltr'><strong>ani-</strong></span> 
     </span>
    </p>
   </div>
   <div class='ocr_carea' id='block_1_11' title="bbox 2054 766 3623 843">
    <p class='ocr_par' dir='ltr' id='par_1_11' title="bbox 2054 767 3623 842">
     <span class='ocr_line' id='line_1_11' title="bbox 2054 767 3623 842; baseline -0.008 -15"><span class='ocrx_word' id='word_1_79' title='bbox 2054 794 2064 827; x_wconf 91' lang='grc' dir='ltr'><strong>ι</strong></span> <span class='ocrx_word' id='word_1_80' title='bbox 2109 776 2340 828; x_wconf 74' lang='grc' dir='ltr'>Ὡσαννά</span> <span class='ocrx_word' id='word_1_81' title='bbox 2361 777 2420 827; x_wconf 77' lang='grc' dir='ltr'>ὲν</span> <span class='ocrx_word' id='word_1_82' title='bbox 2439 775 2551 836; x_wconf 86' lang='grc' dir='ltr'>τοῖς</span> <span class='ocrx_word' id='word_1_83' title='bbox 2583 772 2826 842; x_wconf 75' lang='grc' dir='ltr'><strong>ὑψίστοις</strong></span> <span class='ocrx_word' id='word_1_84' title='bbox 2846 789 2860 802; x_wconf 91' lang='grc'><strong>·</strong></span> <span class='ocrx_word' id='word_1_85' title='bbox 2889 769 3254 838; x_wconf 73' lang='grc' dir='ltr'><strong>εὐλογημένος</strong></span> <span class='ocrx_word' id='word_1_86' title='bbox 3273 770 3300 819; x_wconf 78' lang='grc' dir='ltr'>ὁ</span> <span class='ocrx_word' id='word_1_87' title='bbox 3322 767 3623 836; x_wconf 71' lang='grc' dir='ltr'><strong>ἐρχόμενος</strong></span> 
     </span>
    </p>
   </div>
   <div class='ocr_carea' id='block_1_12' title="bbox 361 857 1949 936">
    <p class='ocr_par' dir='ltr' id='par_1_12' title="bbox 361 861 1944 935">
     <span class='ocr_line' id='line_1_12' title="bbox 361 861 1944 935; baseline 0.004 -23"><span class='ocrx_word' id='word_1_88' title='bbox 361 874 452 912; x_wconf 92' lang='lat' dir='ltr'><strong>mo</strong></span> <span class='ocrx_word' id='word_1_89' title='bbox 473 870 553 912; x_wconf 74' lang='grc' dir='ltr'><strong>εει</strong></span> <span class='ocrx_word' id='word_1_90' title='bbox 578 861 747 928; x_wconf 88' lang='lat' dir='ltr'><strong>quis?</strong></span> <span class='ocrx_word' id='word_1_91' title='bbox 769 864 1010 928; x_wconf 65' lang='lat' dir='ltr'><strong>psallat“.</strong></span> <span class='ocrx_word' id='word_1_92' title='bbox 1025 883 1042 914; x_wconf 79' lang='grc' dir='ltr'><strong>ι</strong></span> <span class='ocrx_word' id='word_1_93' title='bbox 1060 863 1259 918; x_wconf 83' lang='lat' dir='ltr'><strong>Verum</strong></span> <span class='ocrx_word' id='word_1_94' title='bbox 1282 877 1341 919; x_wconf 85' lang='grc' dir='ltr'><strong>ιιι</strong></span> <span class='ocrx_word' id='word_1_95' title='bbox 1359 867 1622 928; x_wconf 75' lang='lat' dir='ltr'><strong>diximus,</strong></span> <span class='ocrx_word' id='word_1_96' title='bbox 1641 869 1768 935; x_wconf 86' lang='lat' dir='ltr'><strong>quia</strong></span> <span class='ocrx_word' id='word_1_97' title='bbox 1797 865 1944 919; x_wconf 80' lang='lat' dir='ltr'><strong>sicut</strong></span> 
     </span>
    </p>
   </div>
   <div class='ocr_carea' id='block_1_13' title="bbox 2054 857 3625 936">
    <p class='ocr_par' dir='ltr' id='par_1_13' title="bbox 2054 857 3625 936">
     <span class='ocr_line' id='line_1_13' title="bbox 2054 857 3625 936; baseline -0.008 -17"><span class='ocrx_word' id='word_1_98' title='bbox 2054 873 2096 920; x_wconf 67' lang='lat' dir='ltr'><strong>iv</strong></span> <span class='ocrx_word' id='word_1_99' title='bbox 2126 869 2353 936; x_wconf 86' lang='grc' dir='ltr'>ὀνόματι</span> <span class='ocrx_word' id='word_1_100' title='bbox 2387 867 2615 936; x_wconf 80' lang='grc' dir='ltr'>Κυρίου.</span> <span class='ocrx_word' id='word_1_101' title='bbox 2656 883 2674 915; x_wconf 77' lang='grc' dir='ltr'><strong>ι</strong></span> <span class='ocrx_word' id='word_1_102' title='bbox 2708 861 2867 932; x_wconf 76' lang='grc' dir='ltr'><strong>Αὐτῷ</strong></span> <span class='ocrx_word' id='word_1_103' title='bbox 2913 864 2946 932; x_wconf 84' lang='grc' dir='ltr'><strong>ὴ</strong></span> <span class='ocrx_word' id='word_1_104' title='bbox 2975 859 3104 924; x_wconf 78' lang='grc' dir='ltr'>δόξα</span> <span class='ocrx_word' id='word_1_105' title='bbox 3130 863 3208 922; x_wconf 81' lang='grc' dir='ltr'>εἰς</span> <span class='ocrx_word' id='word_1_106' title='bbox 3233 859 3360 920; x_wconf 68' lang='grc' dir='ltr'>τοὺς</span> <span class='ocrx_word' id='word_1_107' title='bbox 3390 857 3625 919; x_wconf 82' lang='grc' dir='ltr'>αἰῶνας.</span> 
     </span>
    </p>
   </div>
   <div class='ocr_carea' id='block_1_14' title="bbox 360 951 2250 1028">
    <p class='ocr_par' dir='ltr' id='par_1_14' title="bbox 360 951 2250 1028">
     <span class='ocr_line' id='line_1_14' title="bbox 360 951 2250 1028; baseline 0.003 -24"><span class='ocrx_word' id='word_1_108' title='bbox 360 965 427 1004; x_wconf 78' lang='lat' dir='ltr'><strong>ex</strong></span> <span class='ocrx_word' id='word_1_109' title='bbox 452 951 641 1005; x_wconf 85' lang='lat' dir='ltr'><strong>debito</strong></span> <span class='ocrx_word' id='word_1_110' title='bbox 668 957 967 1023; x_wconf 74' lang='lat' dir='ltr'><strong>repetimus</strong></span> <span class='ocrx_word' id='word_1_111' title='bbox 986 957 1369 1026; x_wconf 76' lang='lat' dir='ltr'><strong>psalmodiam,</strong></span> <span class='ocrx_word' id='word_1_112' title='bbox 1391 969 1653 1028; x_wconf 78' lang='lat' dir='ltr'><strong>tanquam</strong></span> <span class='ocrx_word' id='word_1_113' title='bbox 1677 974 1948 1014; x_wconf 84' lang='lat' dir='ltr'><strong>canonem</strong></span> <span class='ocrx_word' id='word_1_114' title='bbox 2055 959 2250 1028; x_wconf 80' lang='grc' dir='ltr'>Ἀμήν.</span> 
     </span>
    </p>
   </div>
   <div class='ocr_carea' id='block_1_15' title="bbox 361 1038 3625 1120">
    <p class='ocr_par' dir='ltr' id='par_1_15' title="bbox 361 1038 3625 1120">
     <span class='ocr_line' id='line_1_15' title="bbox 361 1038 3625 1120; baseline 0 -28"><span class='ocrx_word' id='word_1_115' title='bbox 361 1038 634 1105; x_wconf 85' lang='lat' dir='ltr'><strong>debitum,</strong></span> <span class='ocrx_word' id='word_1_116' title='bbox 666 1046 737 1098; x_wconf 65' lang='lat' dir='ltr'><strong>ita</strong></span> <span class='ocrx_word' id='word_1_117' title='bbox 774 1047 921 1100; x_wconf 87' lang='lat' dir='ltr'><strong>illam</strong></span> <span class='ocrx_word' id='word_1_118' title='bbox 954 1049 1252 1104; x_wconf 88' lang='lat' dir='ltr'><strong>debuimus</strong></span> <span class='ocrx_word' id='word_1_119' title='bbox 1319 1051 1867 1119; x_wconf 60' lang='lat' dir='ltr'><strong>irreprehensiblmm</strong></span> <span class='ocrx_word' id='word_1_120' title='bbox 1899 1052 2346 1120; x_wconf 85' lang='lat' dir='ltr'><strong>inculpatamque</strong></span> <span class='ocrx_word' id='word_1_121' title='bbox 2387 1049 2590 1104; x_wconf 78' lang='lat' dir='ltr'><strong>oﬂ‘erre</strong></span> <span class='ocrx_word' id='word_1_122' title='bbox 2621 1065 2634 1102; x_wconf 89' lang='lat'><strong>:</strong></span> <span class='ocrx_word' id='word_1_123' title='bbox 2671 1047 2778 1100; x_wconf 91' lang='lat' dir='ltr'><strong>hoc</strong></span> <span class='ocrx_word' id='word_1_124' title='bbox 2815 1053 2902 1099; x_wconf 78' lang='lat' dir='ltr'><strong>est</strong></span> <span class='ocrx_word' id='word_1_125' title='bbox 2927 1085 2941 1110; x_wconf 93' lang='lat'><strong>,</strong></span> <span class='ocrx_word' id='word_1_126' title='bbox 3007 1044 3148 1096; x_wconf 86' lang='lat' dir='ltr'><strong>citra</strong></span> <span class='ocrx_word' id='word_1_127' title='bbox 3221 1045 3362 1094; x_wconf 88' lang='lat' dir='ltr'><strong>iram</strong></span> <span class='ocrx_word' id='word_1_128' title='bbox 3408 1040 3625 1109; x_wconf 82' lang='lat' dir='ltr'><strong>cogita-</strong></span> 
     </span>
    </p>
   </div>
   <div class='ocr_carea' id='block_1_16' title="bbox 363 1131 3627 1214">
    <p class='ocr_par' dir='ltr' id='par_1_16' title="bbox 363 1131 3627 1214">
     <span class='ocr_line' id='line_1_16' title="bbox 363 1131 3627 1214; baseline 0.001 -30"><span class='ocrx_word' id='word_1_129' title='bbox 363 1131 656 1202; x_wconf 72' lang='lat' dir='ltr'><strong>tionesque</strong></span> <span class='ocrx_word' id='word_1_130' title='bbox 693 1148 930 1207; x_wconf 67' lang='lat' dir='ltr'><strong>acceptae</strong></span> <span class='ocrx_word' id='word_1_131' title='bbox 955 1141 1121 1194; x_wconf 89' lang='lat' dir='ltr'><strong>ullius</strong></span> <span class='ocrx_word' id='word_1_132' title='bbox 1148 1142 1364 1210; x_wconf 66' lang='lat' dir='ltr'><strong>injuriae</strong></span> <span class='ocrx_word' id='word_1_133' title='bbox 1400 1162 1410 1192; x_wconf 92' lang='lat'>:</span> <span class='ocrx_word' id='word_1_134' title='bbox 1458 1160 1636 1212; x_wconf 72' lang='lat' dir='ltr'><strong>neque</strong></span> <span class='ocrx_word' id='word_1_135' title='bbox 1659 1146 1809 1198; x_wconf 89' lang='lat' dir='ltr'><strong>enim</strong></span> <span class='ocrx_word' id='word_1_136' title='bbox 1843 1145 2091 1214; x_wconf 83' lang='lat' dir='ltr'><strong>speciosa</strong></span> <span class='ocrx_word' id='word_1_137' title='bbox 2135 1144 2251 1198; x_wconf 91' lang='lat' dir='ltr'><strong>laus</strong></span> <span class='ocrx_word' id='word_1_138' title='bbox 2300 1151 2388 1196; x_wconf 88' lang='lat' dir='ltr'><strong>est</strong></span> <span class='ocrx_word' id='word_1_139' title='bbox 2449 1142 2504 1195; x_wconf 89' lang='lat' dir='ltr'><strong>in</strong></span> <span class='ocrx_word' id='word_1_140' title='bbox 2545 1155 2641 1194; x_wconf 89' lang='lat' dir='ltr'><strong>ore</strong></span> <span class='ocrx_word' id='word_1_141' title='bbox 2697 1137 3006 1208; x_wconf 71' lang='lat' dir='ltr'><strong>peccatoris</strong></span> <span class='ocrx_word' id='word_1_142' title='bbox 3023 1137 3064 1190; x_wconf 77' lang='grc'>⁸.</span> <span class='ocrx_word' id='word_1_143' title='bbox 3091 1133 3248 1200; x_wconf 78' lang='lat' dir='ltr'><strong>Quod</strong></span> <span class='ocrx_word' id='word_1_144' title='bbox 3278 1132 3325 1185; x_wconf 92' lang='lat' dir='ltr'><strong>si</strong></span> <span class='ocrx_word' id='word_1_145' title='bbox 3355 1132 3627 1186; x_wconf 77' lang='lat' dir='ltr'><strong>adversus</strong></span> 
     </span>
    </p>
   </div>
   <div class='ocr_carea' id='block_1_17' title="bbox 367 1220 3630 1306">
    <p class='ocr_par' dir='ltr' id='par_1_17' title="bbox 367 1220 3630 1306">
     <span class='ocr_line' id='line_1_17' title="bbox 367 1220 3630 1306; baseline 0 -30"><span class='ocrx_word' id='word_1_146' title='bbox 367 1220 596 1278; x_wconf 79' lang='lat' dir='ltr'><strong>fratrem</strong></span> <span class='ocrx_word' id='word_1_147' title='bbox 638 1236 790 1281; x_wconf 91' lang='lat' dir='ltr'><strong>tuum</strong></span> <span class='ocrx_word' id='word_1_148' title='bbox 835 1231 1116 1299; x_wconf 79' lang='lat' dir='ltr'><strong>quidpiam</strong></span> <span class='ocrx_word' id='word_1_149' title='bbox 1168 1233 1451 1299; x_wconf 78' lang='lat' dir='ltr'><strong>habueris,</strong></span> <span class='ocrx_word' id='word_1_150' title='bbox 1526 1236 1741 1306; x_wconf 76' lang='lat'><strong>1196</strong></span> <span class='ocrx_word' id='word_1_151' title='bbox 1787 1250 1890 1290; x_wconf 93' lang='lat' dir='ltr'><strong>nec</strong></span> <span class='ocrx_word' id='word_1_152' title='bbox 1953 1235 2003 1289; x_wconf 91' lang='lat' dir='ltr'><strong>ei</strong></span> <span class='ocrx_word' id='word_1_153' title='bbox 2041 1250 2109 1289; x_wconf 81' lang='lat' dir='ltr'><strong>ex</strong></span> <span class='ocrx_word' id='word_1_154' title='bbox 2165 1233 2354 1287; x_wconf 85' lang='lat' dir='ltr'><strong>animo</strong></span> <span class='ocrx_word' id='word_1_155' title='bbox 2403 1231 2726 1292; x_wconf 82' lang='lat' dir='ltr'><strong>indulseris,</strong></span> <span class='ocrx_word' id='word_1_156' title='bbox 2787 1242 3071 1297; x_wconf 84' lang='lat' dir='ltr'><strong>nunquam</strong></span> <span class='ocrx_word' id='word_1_157' title='bbox 3126 1239 3218 1278; x_wconf 87' lang='lat' dir='ltr'><strong>tua</strong></span> <span class='ocrx_word' id='word_1_158' title='bbox 3261 1222 3630 1292; x_wconf 86' lang='lat' dir='ltr'><strong>acceptabilis</strong></span> 
     </span>
    </p>
   </div>
   <div class='ocr_carea' id='block_1_18' title="bbox 369 1317 3623 1400">
    <p class='ocr_par' dir='ltr' id='par_1_18' title="bbox 369 1317 3623 1400">
     <span class='ocr_line' id='line_1_18' title="bbox 369 1317 3623 1400; baseline 0.002 -25"><span class='ocrx_word' id='word_1_159' title='bbox 369 1318 539 1375; x_wconf 77' lang='lat' dir='ltr'><strong>fuerit</strong></span> <span class='ocrx_word' id='word_1_160' title='bbox 592 1323 670 1375; x_wconf 80' lang='lat' dir='ltr'><strong>vel</strong></span> <span class='ocrx_word' id='word_1_161' title='bbox 713 1324 1040 1390; x_wconf 85' lang='lat' dir='ltr'><strong>psalmodia.</strong></span> <span class='ocrx_word' id='word_1_162' title='bbox 1071 1326 1157 1380; x_wconf 93' lang='lat' dir='ltr'><strong>vel</strong></span> <span class='ocrx_word' id='word_1_163' title='bbox 1191 1328 1392 1389; x_wconf 90' lang='lat' dir='ltr'><strong>oratio,</strong></span> <span class='ocrx_word' id='word_1_164' title='bbox 1427 1327 1544 1381; x_wconf 91' lang='lat' dir='ltr'><strong>sive</strong></span> <span class='ocrx_word' id='word_1_165' title='bbox 1579 1330 1947 1400; x_wconf 73' lang='lat' dir='ltr'><strong>rlremosyna,</strong></span> <span class='ocrx_word' id='word_1_166' title='bbox 1985 1339 2042 1381; x_wconf 93' lang='lat' dir='ltr'><strong>et</strong></span> <span class='ocrx_word' id='word_1_167' title='bbox 2082 1337 2278 1382; x_wconf 70' lang='lat' dir='ltr'><strong>ctetera</strong></span> <span class='ocrx_word' id='word_1_168' title='bbox 2349 1325 2620 1396; x_wconf 82' lang='lat' dir='ltr'><strong>ejusmodi</strong></span> <span class='ocrx_word' id='word_1_169' title='bbox 2678 1338 2802 1392; x_wconf 67' lang='lat' dir='ltr'><strong>qua:</strong></span> <span class='ocrx_word' id='word_1_170' title='bbox 2844 1331 2896 1376; x_wconf 72' lang='lat' dir='ltr'><strong>te</strong></span> <span class='ocrx_word' id='word_1_171' title='bbox 2965 1320 3149 1375; x_wconf 77' lang='lat' dir='ltr'><strong>credis</strong></span> <span class='ocrx_word' id='word_1_172' title='bbox 3189 1321 3328 1372; x_wconf 63' lang='lat' dir='ltr'><strong>bona</strong></span> <span class='ocrx_word' id='word_1_173' title='bbox 3378 1317 3623 1371; x_wconf 60' lang='lat' dir='ltr'><strong>elucere-</strong></span> 
     </span>
    </p>
   </div>
   <div class='ocr_carea' id='block_1_19' title="bbox 368 1411 3626 1488">
    <p class='ocr_par' dir='ltr' id='par_1_19' title="bbox 368 1411 3626 1488">
     <span class='ocr_line' id='line_1_19' title="bbox 368 1411 3626 1488; baseline -0.001 -18"><span class='ocrx_word' id='word_1_174' title='bbox 368 1414 516 1470; x_wconf 84' lang='lat' dir='ltr'><strong>Voce</strong></span> <span class='ocrx_word' id='word_1_175' title='bbox 547 1413 696 1468; x_wconf 90' lang='lat' dir='ltr'><strong>enim</strong></span> <span class='ocrx_word' id='word_1_176' title='bbox 733 1413 1032 1468; x_wconf 86' lang='lat' dir='ltr'><strong>Salvatoris</strong></span> <span class='ocrx_word' id='word_1_177' title='bbox 1065 1418 1259 1470; x_wconf 89' lang='lat' dir='ltr'><strong>audies</strong></span> <span class='ocrx_word' id='word_1_178' title='bbox 1281 1419 1388 1472; x_wconf 89' lang='lat' dir='ltr'><strong>dici</strong></span> <span class='ocrx_word' id='word_1_179' title='bbox 1415 1419 1546 1472; x_wconf 89' lang='lat' dir='ltr'><strong>tibi:</strong></span> <span class='ocrx_word' id='word_1_180' title='bbox 1572 1439 1589 1470; x_wconf 77' lang='grc' dir='ltr'><strong>ι</strong></span> <span class='ocrx_word' id='word_1_181' title='bbox 1619 1419 1768 1474; x_wconf 79' lang='lat' dir='ltr'><strong>Vade</strong></span> <span class='ocrx_word' id='word_1_182' title='bbox 1821 1420 1974 1488; x_wconf 91' lang='lat' dir='ltr'><strong>prius</strong></span> <span class='ocrx_word' id='word_1_183' title='bbox 2012 1418 2360 1473; x_wconf 90' lang='lat' dir='ltr'><strong>reconciliari</strong></span> <span class='ocrx_word' id='word_1_184' title='bbox 2387 1417 2546 1470; x_wconf 88' lang='lat' dir='ltr'><strong>fratri</strong></span> <span class='ocrx_word' id='word_1_185' title='bbox 2606 1424 2724 1479; x_wconf 89' lang='lat' dir='ltr'><strong>tuo,</strong></span> <span class='ocrx_word' id='word_1_186' title='bbox 2752 1425 2809 1470; x_wconf 92' lang='lat' dir='ltr'><strong>et</strong></span> <span class='ocrx_word' id='word_1_187' title='bbox 2841 1423 2972 1467; x_wconf 91' lang='lat' dir='ltr'><strong>tunc</strong></span> <span class='ocrx_word' id='word_1_188' title='bbox 2993 1413 3226 1467; x_wconf 87' lang='lat' dir='ltr'><strong>veniens</strong></span> <span class='ocrx_word' id='word_1_189' title='bbox 3249 1411 3390 1466; x_wconf 83' lang='lat' dir='ltr'><strong>oﬂer</strong></span> <span class='ocrx_word' id='word_1_190' title='bbox 3419 1425 3626 1466; x_wconf 75' lang='lat' dir='ltr'><strong>munus</strong></span> 
     </span>
    </p>
   </div>
   <div class='ocr_carea' id='block_1_20' title="bbox 368 1503 3623 1580">
    <p class='ocr_par' dir='ltr' id='par_1_20' title="bbox 368 1503 3623 1580">
     <span class='ocr_line' id='line_1_20' title="bbox 368 1503 3623 1580; baseline 0 -23"><span class='ocrx_word' id='word_1_191' title='bbox 368 1511 522 1557; x_wconf 81' lang='lat' dir='ltr'><strong>tuum</strong></span> <span class='ocrx_word' id='word_1_192' title='bbox 547 1506 590 1558; x_wconf 85' lang='grc'>⁷.</span> <span class='ocrx_word' id='word_1_193' title='bbox 621 1506 897 1561; x_wconf 72' lang='lat' dir='ltr'><strong>iPsalmos</strong></span> <span class='ocrx_word' id='word_1_194' title='bbox 922 1514 1045 1562; x_wconf 88' lang='lat' dir='ltr'><strong>tuos</strong></span> <span class='ocrx_word' id='word_1_195' title='bbox 1075 1509 1205 1561; x_wconf 91' lang='lat' dir='ltr'><strong>dum</strong></span> <span class='ocrx_word' id='word_1_196' title='bbox 1240 1512 1512 1575; x_wconf 90' lang='lat' dir='ltr'><strong>concinis,</strong></span> <span class='ocrx_word' id='word_1_197' title='bbox 1539 1512 1804 1566; x_wconf 75' lang='grc' dir='ltr'>ἱιιηοοιιιιε</span> <span class='ocrx_word' id='word_1_198' title='bbox 1833 1521 1955 1566; x_wconf 90' lang='lat' dir='ltr'><strong>esto</strong></span> <span class='ocrx_word' id='word_1_199' title='bbox 1993 1521 2050 1565; x_wconf 91' lang='lat' dir='ltr'><strong>et</strong></span> <span class='ocrx_word' id='word_1_200' title='bbox 2090 1512 2341 1580; x_wconf 78' lang='lat' dir='ltr'><strong>simplex,</strong></span> <span class='ocrx_word' id='word_1_201' title='bbox 2382 1517 2445 1564; x_wconf 92' lang='lat' dir='ltr'><strong>ut</strong></span> <span class='ocrx_word' id='word_1_202' title='bbox 2477 1510 2550 1564; x_wconf 88' lang='lat' dir='ltr'><strong>illi</strong></span> <span class='ocrx_word' id='word_1_203' title='bbox 2623 1508 2982 1564; x_wconf 65' lang='lat' dir='ltr'><strong>Hebraeorum</strong></span> <span class='ocrx_word' id='word_1_204' title='bbox 3023 1505 3202 1574; x_wconf 86' lang='lat' dir='ltr'><strong>pueri,</strong></span> <span class='ocrx_word' id='word_1_205' title='bbox 3246 1506 3342 1574; x_wconf 89' lang='lat' dir='ltr'><strong>qui</strong></span> <span class='ocrx_word' id='word_1_206' title='bbox 3397 1503 3623 1574; x_wconf 87' lang='lat' dir='ltr'><strong>quidem</strong></span> 
     </span>
    </p>
   </div>
   <div class='ocr_carea' id='block_1_21' title="bbox 367 1595 3623 1672">
    <p class='ocr_par' dir='ltr' id='par_1_21' title="bbox 367 1595 3623 1672">
     <span class='ocr_line' id='line_1_21' title="bbox 367 1595 3623 1672; baseline -0.001 -19"><span class='ocrx_word' id='word_1_207' title='bbox 367 1597 601 1653; x_wconf 88' lang='lat' dir='ltr'><strong>Domino</strong></span> <span class='ocrx_word' id='word_1_208' title='bbox 632 1609 996 1653; x_wconf 58' lang='lat' dir='ltr'><strong>occ-urre&#39;unt</strong></span> <span class='ocrx_word' id='word_1_209' title='bbox 1031 1616 1154 1654; x_wconf 60' lang='lat' dir='ltr'><strong>eum</strong></span> <span class='ocrx_word' id='word_1_210' title='bbox 1199 1603 1368 1656; x_wconf 85' lang='lat' dir='ltr'><strong>ramis</strong></span> <span class='ocrx_word' id='word_1_211' title='bbox 1404 1615 1456 1656; x_wconf 89' lang='lat' dir='ltr'><strong>et</strong></span> <span class='ocrx_word' id='word_1_212' title='bbox 1493 1606 1740 1672; x_wconf 79' lang='lat' dir='ltr'><strong>psalmis,</strong></span> <span class='ocrx_word' id='word_1_213' title='bbox 1775 1604 2063 1658; x_wconf 89' lang='lat' dir='ltr'><strong>dicentes:</strong></span> <span class='ocrx_word' id='word_1_214' title='bbox 2094 1622 2112 1655; x_wconf 81' lang='grc' dir='ltr'><strong>ι</strong></span> <span class='ocrx_word' id='word_1_215' title='bbox 2149 1601 2405 1657; x_wconf 80' lang='lat' dir='ltr'><strong>Hosanna</strong></span> <span class='ocrx_word' id='word_1_216' title='bbox 2443 1602 2498 1656; x_wconf 90' lang='lat' dir='ltr'><strong>iu</strong></span> <span class='ocrx_word' id='word_1_217' title='bbox 2535 1599 2821 1655; x_wconf 73' lang='lat' dir='ltr'><strong>altissimis</strong></span> <span class='ocrx_word' id='word_1_218' title='bbox 2863 1597 3234 1652; x_wconf 81' lang='lat' dir='ltr'><strong>:benedictus</strong></span> <span class='ocrx_word' id='word_1_219' title='bbox 3258 1597 3352 1666; x_wconf 89' lang='lat' dir='ltr'><strong>qui</strong></span> <span class='ocrx_word' id='word_1_220' title='bbox 3385 1595 3538 1649; x_wconf 80' lang='lat' dir='ltr'><strong>venit</strong></span> <span class='ocrx_word' id='word_1_221' title='bbox 3564 1595 3623 1650; x_wconf 89' lang='lat' dir='ltr'><strong>in</strong></span> 
     </span>
    </p>
   </div>
   <div class='ocr_carea' id='block_1_22' title="bbox 369 1689 1942 1762">
    <p class='ocr_par' dir='ltr' id='par_1_22' title="bbox 369 1689 1942 1762">
     <span class='ocr_line' id='line_1_22' title="bbox 369 1689 1942 1762; baseline 0.002 -19"><span class='ocrx_word' id='word_1_222' title='bbox 369 1691 590 1743; x_wconf 87' lang='lat' dir='ltr'><strong>nomine</strong></span> <span class='ocrx_word' id='word_1_223' title='bbox 620 1690 837 1744; x_wconf 90' lang='lat' dir='ltr'><strong>Domini</strong></span> <span class='ocrx_word' id='word_1_224' title='bbox 871 1693 913 1744; x_wconf 82' lang='grc'>⁸.</span> <span class='ocrx_word' id='word_1_225' title='bbox 955 1710 973 1741; x_wconf 70' lang='grc' dir='ltr'><strong>ι</strong></span> <span class='ocrx_word' id='word_1_226' title='bbox 1027 1689 1136 1760; x_wconf 90' lang='lat' dir='ltr'><strong>Ipsi</strong></span> <span class='ocrx_word' id='word_1_227' title='bbox 1178 1693 1349 1762; x_wconf 77' lang='lat' dir='ltr'><strong>gloria</strong></span> <span class='ocrx_word' id='word_1_228' title='bbox 1387 1693 1443 1746; x_wconf 91' lang='lat' dir='ltr'><strong>in</strong></span> <span class='ocrx_word' id='word_1_229' title='bbox 1479 1695 1705 1750; x_wconf 72' lang='lat' dir='ltr'><strong>szecula.</strong></span> <span class='ocrx_word' id='word_1_230' title='bbox 1741 1694 1942 1748; x_wconf 79' lang='lat' dir='ltr'><strong>Amen.</strong></span> 
     </span>
    </p>
   </div>
   <div class='ocr_carea' id='block_1_23' title="bbox 932 1823 1378 1881">
    <p class='ocr_par' dir='ltr' id='par_1_23' title="bbox 932 1823 1378 1881">
     <span class='ocr_line' id='line_1_23' title="bbox 932 1823 1378 1881; baseline 0.007 -4"><span class='ocrx_word' id='word_1_231' title='bbox 932 1823 1217 1880; x_wconf 80' lang='lat' dir='ltr'><strong>HOMILIA</strong></span> <span class='ocrx_word' id='word_1_232' title='bbox 1244 1825 1378 1881; x_wconf 84' lang='lat' dir='ltr'><strong>CVI.</strong></span> 
     </span>
    </p>
   </div>
   <div class='ocr_carea' id='block_1_24' title="bbox 964 1937 1346 1994">
    <p class='ocr_par' dir='ltr' id='par_1_24' title="bbox 964 1937 1346 1994">
     <span class='ocr_line' id='line_1_24' title="bbox 964 1937 1346 1994; baseline 0.008 -3"><span class='ocrx_word' id='word_1_233' title='bbox 964 1937 1044 1991; x_wconf 87' lang='lat' dir='ltr'><strong>De</strong></span> <span class='ocrx_word' id='word_1_234' title='bbox 1085 1941 1346 1994; x_wconf 71' lang='lat' dir='ltr'><strong>oratione.</strong></span> 
     </span>
    </p>
   </div>
   <div class='ocr_carea' id='block_1_25' title="bbox 438 2049 1946 2120">
    <p class='ocr_par' dir='ltr' id='par_1_25' title="bbox 438 2049 1946 2120">
     <span class='ocr_line' id='line_1_25' title="bbox 438 2049 1946 2120; baseline 0.001 -16"><span class='ocrx_word' id='word_1_235' title='bbox 438 2049 646 2104; x_wconf 79' lang='lat' dir='ltr'><strong>Vacare</strong></span> <span class='ocrx_word' id='word_1_236' title='bbox 686 2050 924 2104; x_wconf 88' lang='lat' dir='ltr'><strong>orationi</strong></span> <span class='ocrx_word' id='word_1_237' title='bbox 956 2049 1230 2104; x_wconf 90' lang='lat' dir='ltr'><strong>indivulse</strong></span> <span class='ocrx_word' id='word_1_238' title='bbox 1256 2067 1320 2105; x_wconf 89' lang='lat' dir='ltr'><strong>ac</strong></span> <span class='ocrx_word' id='word_1_239' title='bbox 1345 2051 1552 2120; x_wconf 76' lang='lat' dir='ltr'><strong>jugiter</strong></span> <span class='ocrx_word' id='word_1_240' title='bbox 1585 2067 1714 2106; x_wconf 88' lang='lat' dir='ltr'><strong>cum</strong></span> <span class='ocrx_word' id='word_1_241' title='bbox 1747 2051 1946 2120; x_wconf 77' lang='lat' dir='ltr'><strong>primis</strong></span> 
     </span>
    </p>
   </div>
   <div class='ocr_carea' id='block_1_26' title="bbox 369 2141 1946 2210">
    <p class='ocr_par' dir='ltr' id='par_1_26' title="bbox 369 2141 1946 2210">
     <span class='ocr_line' id='line_1_26' title="bbox 369 2141 1946 2210; baseline 0.001 -18"><span class='ocrx_word' id='word_1_242' title='bbox 369 2141 742 2194; x_wconf 84' lang='lat' dir='ltr'><strong>necessarium</strong></span> <span class='ocrx_word' id='word_1_243' title='bbox 777 2148 833 2194; x_wconf 93' lang='lat' dir='ltr'><strong>et</strong></span> <span class='ocrx_word' id='word_1_244' title='bbox 880 2141 1042 2193; x_wconf 90' lang='lat' dir='ltr'><strong>nobis</strong></span> <span class='ocrx_word' id='word_1_245' title='bbox 1076 2157 1340 2208; x_wconf 77' lang='lat' dir='ltr'><strong>perquam</strong></span> <span class='ocrx_word' id='word_1_246' title='bbox 1383 2141 1706 2210; x_wconf 83' lang='lat' dir='ltr'><strong>frugiferum</strong></span> <span class='ocrx_word' id='word_1_247' title='bbox 1763 2145 1867 2195; x_wconf 64' lang='lat' dir='ltr'><strong>cs’t.</strong></span> <span class='ocrx_word' id='word_1_248' title='bbox 1901 2143 1946 2194; x_wconf 80' lang='grc' dir='ltr'><strong>Α</strong></span> 
     </span>
    </p>
   </div>
   <div class='ocr_carea' id='block_1_27' title="bbox 367 2231 1944 2301">
    <p class='ocr_par' dir='ltr' id='par_1_27' title="bbox 367 2231 1944 2301">
     <span class='ocr_line' id='line_1_27' title="bbox 367 2231 1944 2301; baseline 0.001 -16"><span class='ocrx_word' id='word_1_249' title='bbox 367 2232 483 2285; x_wconf 83' lang='lat' dir='ltr'><strong>Deo</strong></span> <span class='ocrx_word' id='word_1_250' title='bbox 519 2233 689 2301; x_wconf 71' lang='lat' dir='ltr'><strong>igitur</strong></span> <span class='ocrx_word' id='word_1_251' title='bbox 716 2243 764 2285; x_wconf 90' lang='lat' dir='ltr'><strong>et</strong></span> <span class='ocrx_word' id='word_1_252' title='bbox 799 2231 958 2284; x_wconf 86' lang='lat' dir='ltr'><strong>Patre</strong></span> <span class='ocrx_word' id='word_1_253' title='bbox 983 2232 1198 2284; x_wconf 86' lang='lat' dir='ltr'><strong>Domini</strong></span> <span class='ocrx_word' id='word_1_254' title='bbox 1225 2232 1399 2285; x_wconf 74' lang='lat' dir='ltr'><strong>nostri</strong></span> <span class='ocrx_word' id='word_1_255' title='bbox 1424 2232 1552 2286; x_wconf 87' lang='lat' dir='ltr'><strong>Jesu</strong></span> <span class='ocrx_word' id='word_1_256' title='bbox 1577 2235 1944 2300; x_wconf 83' lang='lat' dir='ltr'><strong>postulemus.</strong></span> 
     </span>
    </p>
   </div>
   <div class='ocr_carea' id='block_1_28' title="bbox 367 2319 1947 2390">
    <p class='ocr_par' dir='ltr' id='par_1_28' title="bbox 367 2319 1947 2390">
     <span class='ocr_line' id='line_1_28' title="bbox 367 2319 1947 2390; baseline 0.001 -18"><span class='ocrx_word' id='word_1_257' title='bbox 367 2321 528 2374; x_wconf 82' lang='lat' dir='ltr'><strong>nobis</strong></span> <span class='ocrx_word' id='word_1_258' title='bbox 578 2330 638 2374; x_wconf 91' lang='lat' dir='ltr'><strong>ut</strong></span> <span class='ocrx_word' id='word_1_259' title='bbox 688 2321 974 2390; x_wconf 87' lang='lat' dir='ltr'><strong>impertiat</strong></span> <span class='ocrx_word' id='word_1_260' title='bbox 1007 2319 1420 2384; x_wconf 76' lang='lat' dir='ltr'><strong>intelligentiam</strong></span> <span class='ocrx_word' id='word_1_261' title='bbox 1450 2321 1814 2388; x_wconf 83' lang='lat' dir='ltr'><strong>spiritualem,</strong></span> <span class='ocrx_word' id='word_1_262' title='bbox 1839 2336 1947 2390; x_wconf 89' lang='lat' dir='ltr'><strong>qua</strong></span> 
     </span>
    </p>
   </div>
   <div class='ocr_carea' id='block_1_29' title="bbox 366 2411 1948 2480">
    <p class='ocr_par' dir='ltr' id='par_1_29' title="bbox 366 2411 1948 2480">
     <span class='ocr_line' id='line_1_29' title="bbox 366 2411 1948 2480; baseline 0.001 -16"><span class='ocrx_word' id='word_1_263' title='bbox 366 2411 537 2465; x_wconf 86' lang='lat' dir='ltr'><strong>veluti</strong></span> <span class='ocrx_word' id='word_1_264' title='bbox 563 2413 1021 2468; x_wconf 86' lang='lat' dir='ltr'><strong>conci-liatriccet</strong></span> <span class='ocrx_word' id='word_1_265' title='bbox 1051 2412 1244 2464; x_wconf 83' lang='lat' dir='ltr'><strong>attenti</strong></span> <span class='ocrx_word' id='word_1_266' title='bbox 1273 2412 1446 2465; x_wconf 90' lang='lat' dir='ltr'><strong>simus</strong></span> <span class='ocrx_word' id='word_1_267' title='bbox 1461 2425 1510 2465; x_wconf 87' lang='lat' dir='ltr'><strong>et</strong></span> <span class='ocrx_word' id='word_1_268' title='bbox 1541 2412 1857 2480; x_wconf 78' lang='lat' dir='ltr'><strong>pervigiles,</strong></span> <span class='ocrx_word' id='word_1_269' title='bbox 1879 2413 1948 2466; x_wconf 90' lang='lat' dir='ltr'><strong>ab</strong></span> 
     </span>
    </p>
   </div>
   <div class='ocr_carea' id='block_1_30' title="bbox 367 2503 1949 2572">
    <p class='ocr_par' dir='ltr' id='par_1_30' title="bbox 367 2503 1949 2572">
     <span class='ocr_line' id='line_1_30' title="bbox 367 2503 1949 2572; baseline 0.001 -15"><span class='ocrx_word' id='word_1_270' title='bbox 367 2505 487 2572; x_wconf 89' lang='lat' dir='ltr'><strong>ipso</strong></span> <span class='ocrx_word' id='word_1_271' title='bbox 505 2513 563 2556; x_wconf 93' lang='lat' dir='ltr'><strong>ut</strong></span> <span class='ocrx_word' id='word_1_272' title='bbox 582 2505 861 2572; x_wconf 73' lang='lat' dir='ltr'><strong>po~tulare</strong></span> <span class='ocrx_word' id='word_1_273' title='bbox 880 2510 1197 2558; x_wconf 69' lang='lat' dir='ltr'><strong>noverimus</strong></span> <span class='ocrx_word' id='word_1_274' title='bbox 1211 2503 1330 2568; x_wconf 76' lang='lat' dir='ltr'><strong>ejus</strong></span> <span class='ocrx_word' id='word_1_275' title='bbox 1348 2505 1690 2558; x_wconf 82' lang='lat' dir='ltr'><strong>voluntatem</strong></span> <span class='ocrx_word' id='word_1_276' title='bbox 1716 2504 1949 2559; x_wconf 81' lang='lat' dir='ltr'><strong>innubis</strong></span> 
     </span>
    </p>
   </div>
   <div class='ocr_carea' id='block_1_31' title="bbox 367 2593 1952 2664">
    <p class='ocr_par' dir='ltr' id='par_1_31' title="bbox 367 2593 1952 2664">
     <span class='ocr_line' id='line_1_31' title="bbox 367 2593 1952 2664; baseline 0.001 -16"><span class='ocrx_word' id='word_1_277' title='bbox 367 2593 508 2648; x_wconf 80' lang='lat' dir='ltr'><strong>fieri.</strong></span> <span class='ocrx_word' id='word_1_278' title='bbox 534 2595 888 2661; x_wconf 74' lang='lat' dir='ltr'><strong>Spiritualem</strong></span> <span class='ocrx_word' id='word_1_279' title='bbox 913 2597 1090 2650; x_wconf 89' lang='lat' dir='ltr'><strong>lucem</strong></span> <span class='ocrx_word' id='word_1_280' title='bbox 1114 2613 1232 2664; x_wconf 73' lang='lat' dir='ltr'><strong>qua:</strong></span> <span class='ocrx_word' id='word_1_281' title='bbox 1248 2613 1374 2650; x_wconf 89' lang='lat' dir='ltr'><strong>vera</strong></span> <span class='ocrx_word' id='word_1_282' title='bbox 1398 2606 1482 2650; x_wconf 90' lang='lat' dir='ltr'><strong>cst</strong></span> <span class='ocrx_word' id='word_1_283' title='bbox 1500 2598 1613 2659; x_wconf 79' lang='lat' dir='ltr'><strong>lux,</strong></span> <span class='ocrx_word' id='word_1_284' title='bbox 1635 2613 1754 2662; x_wconf 63' lang='lat' dir='ltr'><strong>qua:</strong></span> <span class='ocrx_word' id='word_1_285' title='bbox 1779 2607 1864 2651; x_wconf 78' lang='lat' dir='ltr'><strong>ett</strong></span> <span class='ocrx_word' id='word_1_286' title='bbox 1888 2598 1952 2650; x_wconf 93' lang='lat' dir='ltr'><strong>il-</strong></span> 
     </span>
    </p>
   </div>
   <div class='ocr_carea' id='block_1_32' title="bbox 366 2686 1953 2741">
    <p class='ocr_par' dir='ltr' id='par_1_32' title="bbox 366 2686 1953 2741">
     <span class='ocr_line' id='line_1_32' title="bbox 366 2686 1953 2741; baseline -0.002 -1"><span class='ocrx_word' id='word_1_287' title='bbox 366 2686 602 2740; x_wconf 86' lang='lat' dir='ltr'><strong>luminat</strong></span> <span class='ocrx_word' id='word_1_288' title='bbox 626 2704 848 2741; x_wconf 85' lang='lat' dir='ltr'><strong>omnem</strong></span> <span class='ocrx_word' id='word_1_289' title='bbox 895 2689 1168 2741; x_wconf 72' lang='lat' dir='ltr'><strong>homini-ut</strong></span> <span class='ocrx_word' id='word_1_290' title='bbox 1197 2689 1509 2741; x_wconf 64' lang='lat' dir='ltr'><strong>venientem</strong></span> <span class='ocrx_word' id='word_1_291' title='bbox 1538 2689 1590 2740; x_wconf 90' lang='lat' dir='ltr'><strong>in</strong></span> <span class='ocrx_word' id='word_1_292' title='bbox 1624 2689 1767 2741; x_wconf 74' lang='lat' dir='ltr'><strong>hunc</strong></span> <span class='ocrx_word' id='word_1_293' title='bbox 1797 2704 1953 2740; x_wconf 85' lang='lat' dir='ltr'><strong>mun-</strong></span> 
     </span>
    </p>
   </div>
   <div class='ocr_carea' id='block_1_33' title="bbox 367 2779 1949 2850">
    <p class='ocr_par' dir='ltr' id='par_1_33' title="bbox 367 2779 1949 2850">
     <span class='ocr_line' id='line_1_33' title="bbox 367 2779 1949 2850; baseline -0.001 -18"><span class='ocrx_word' id='word_1_294' title='bbox 367 2779 498 2832; x_wconf 88' lang='lat' dir='ltr'><strong>dum</strong></span> <span class='ocrx_word' id='word_1_295' title='bbox 531 2783 573 2844; x_wconf 83' lang='grc'>⁹,</span> <span class='ocrx_word' id='word_1_296' title='bbox 597 2799 615 2831; x_wconf 76' lang='grc' dir='ltr'><strong>ι</strong></span> <span class='ocrx_word' id='word_1_297' title='bbox 649 2781 813 2850; x_wconf 89' lang='lat' dir='ltr'><strong>jussit</strong></span> <span class='ocrx_word' id='word_1_298' title='bbox 853 2781 968 2847; x_wconf 80' lang='lat' dir='ltr'><strong>ipse</strong></span> <span class='ocrx_word' id='word_1_299' title='bbox 1014 2790 1072 2835; x_wconf 86' lang='lat' dir='ltr'><strong>ut</strong></span> <span class='ocrx_word' id='word_1_300' title='bbox 1119 2791 1433 2850; x_wconf 86' lang='lat' dir='ltr'><strong>peteremus</strong></span> <span class='ocrx_word' id='word_1_301' title='bbox 1465 2780 1620 2834; x_wconf 89' lang='lat' dir='ltr'><strong>nobis</strong></span> <span class='ocrx_word' id='word_1_302' title='bbox 1652 2779 1949 2848; x_wconf 81' lang='lat' dir='ltr'><strong>indulgeri.</strong></span> 
     </span>
    </p>
   </div>
   <div class='ocr_carea' id='block_1_34' title="bbox 367 2869 1955 2941">
    <p class='ocr_par' dir='ltr' id='par_1_34' title="bbox 367 2869 1955 2941">
     <span class='ocr_line' id='line_1_34' title="bbox 367 2869 1955 2941; baseline 0.001 -20"><span class='ocrx_word' id='word_1_303' title='bbox 367 2869 596 2936; x_wconf 84' lang='lat' dir='ltr'><strong>Quando</strong></span> <span class='ocrx_word' id='word_1_304' title='bbox 616 2873 780 2938; x_wconf 78' lang='lat' dir='ltr'><strong>igitur</strong></span> <span class='ocrx_word' id='word_1_305' title='bbox 791 2884 1192 2927; x_wconf 85' lang='lat' dir='ltr'><strong>sacrosanctam</strong></span> <span class='ocrx_word' id='word_1_306' title='bbox 1207 2882 1261 2926; x_wconf 91' lang='lat' dir='ltr'><strong>et</strong></span> <span class='ocrx_word' id='word_1_307' title='bbox 1279 2874 1441 2925; x_wconf 88' lang='lat' dir='ltr'><strong>unius</strong></span> <span class='ocrx_word' id='word_1_308' title='bbox 1459 2874 1810 2941; x_wconf 71' lang='lat' dir='ltr'><strong>ejusdemque</strong></span> <span class='ocrx_word' id='word_1_309' title='bbox 1826 2870 1955 2922; x_wconf 78' lang='lat' dir='ltr'><strong>sub-</strong></span> 
     </span>
    </p>
   </div>
   <div class='ocr_carea' id='block_1_35' title="bbox 369 2961 1954 3031">
    <p class='ocr_par' dir='ltr' id='par_1_35' title="bbox 369 2961 1954 3031">
     <span class='ocr_line' id='line_1_35' title="bbox 369 2961 1954 3031; baseline -0.002 -16"><span class='ocrx_word' id='word_1_310' title='bbox 369 2964 586 3016; x_wconf 66' lang='lat' dir='ltr'><strong>stantiae</strong></span> <span class='ocrx_word' id='word_1_311' title='bbox 614 2967 931 3018; x_wconf 88' lang='lat' dir='ltr'><strong>invocamus</strong></span> <span class='ocrx_word' id='word_1_312' title='bbox 969 2965 1320 3025; x_wconf 86' lang='lat' dir='ltr'><strong>Trinitatem,</strong></span> <span class='ocrx_word' id='word_1_313' title='bbox 1355 2965 1680 3017; x_wconf 82' lang='lat' dir='ltr'><strong>castissi-ois</strong></span> <span class='ocrx_word' id='word_1_314' title='bbox 1725 2961 1954 3031; x_wconf 87' lang='lat' dir='ltr'><strong>quidem</strong></span> 
     </span>
    </p>
   </div>
   <div class='ocr_carea' id='block_1_36' title="bbox 370 3052 1950 3123">
    <p class='ocr_par' dir='ltr' id='par_1_36' title="bbox 370 3052 1950 3123">
     <span class='ocr_line' id='line_1_36' title="bbox 370 3052 1950 3123; baseline 0 -19"><span class='ocrx_word' id='word_1_315' title='bbox 370 3062 491 3105; x_wconf 89' lang='lat' dir='ltr'><strong>orat</strong></span> <span class='ocrx_word' id='word_1_316' title='bbox 515 3052 712 3108; x_wconf 89' lang='lat' dir='ltr'><strong>onibus</strong></span> <span class='ocrx_word' id='word_1_317' title='bbox 727 3062 784 3108; x_wconf 91' lang='lat' dir='ltr'><strong>et</strong></span> <span class='ocrx_word' id='word_1_318' title='bbox 805 3071 924 3123; x_wconf 69' lang='lat' dir='ltr'><strong>qum</strong></span> <span class='ocrx_word' id='word_1_319' title='bbox 950 3056 1087 3108; x_wconf 90' lang='lat' dir='ltr'><strong>nihil</strong></span> <span class='ocrx_word' id='word_1_320' title='bbox 1107 3055 1367 3108; x_wconf 85' lang='lat' dir='ltr'><strong>insinceri</strong></span> <span class='ocrx_word' id='word_1_321' title='bbox 1385 3056 1615 3107; x_wconf 78' lang='lat' dir='ltr'><strong>habeant</strong></span> <span class='ocrx_word' id='word_1_322' title='bbox 1632 3055 1950 3115; x_wconf 89' lang='lat' dir='ltr'><strong>admistum,</strong></span> 
     </span>
    </p>
   </div>
   <div class='ocr_carea' id='block_1_37' title="bbox 2646 1829 3033 1895">
    <p class='ocr_par' dir='ltr' id='par_1_37' title="bbox 2646 1829 3033 1895">
     <span class='ocr_line' id='line_1_37' title="bbox 2646 1829 3033 1895; baseline -0.003 -13"><span class='ocrx_word' id='word_1_323' title='bbox 2646 1829 2866 1882; x_wconf 78' lang='grc' dir='ltr'><strong>ΛΟΓΟΣ</strong></span> <span class='ocrx_word' id='word_1_324' title='bbox 2895 1830 3033 1895; x_wconf 66' lang='lat' dir='ltr'><strong>Pcr.</strong></span> 
     </span>
    </p>
   </div>
   <div class='ocr_carea' id='block_1_38' title="bbox 2561 1939 3103 2011">
    <p class='ocr_par' dir='ltr' id='par_1_38' title="bbox 2561 1939 3103 2011">
     <span class='ocr_line' id='line_1_38' title="bbox 2561 1939 3103 2011; baseline -0.006 -15"><span class='ocrx_word' id='word_1_325' title='bbox 2561 1942 2701 2011; x_wconf 73' lang='grc' dir='ltr'>Περὶ</span> <span class='ocrx_word' id='word_1_326' title='bbox 2733 1939 3103 2010; x_wconf 81' lang='grc' dir='ltr'><strong>προσευχῆς.</strong></span> 
     </span>
    </p>
   </div>
   <div class='ocr_carea' id='block_1_39' title="bbox 2115 2049 3621 2122">
    <p class='ocr_par' dir='ltr' id='par_1_39' title="bbox 2115 2049 3621 2122">
     <span class='ocr_line' id='line_1_39' title="bbox 2115 2049 3621 2122; baseline 0 -18"><span class='ocrx_word' id='word_1_327' title='bbox 2115 2051 2190 2112; x_wconf 80' lang='grc' dir='ltr'><strong>Τὸ</strong></span> <span class='ocrx_word' id='word_1_328' title='bbox 2223 2049 2506 2122; x_wconf 76' lang='grc' dir='ltr'><strong>σχολάζειν</strong></span> <span class='ocrx_word' id='word_1_329' title='bbox 2535 2053 2602 2120; x_wconf 80' lang='grc' dir='ltr'><strong>τῇ</strong></span> <span class='ocrx_word' id='word_1_330' title='bbox 2632 2049 2964 2120; x_wconf 85' lang='grc' dir='ltr'>ἀδιαλείπτῳ</span> <span class='ocrx_word' id='word_1_331' title='bbox 2979 2052 3278 2120; x_wconf 84' lang='grc' dir='ltr'>προσευχῇ,</span> <span class='ocrx_word' id='word_1_332' title='bbox 3319 2051 3621 2118; x_wconf 76' lang='grc' dir='ltr'>ἀναγκαῖον</span> 
     </span>
    </p>
   </div>
   <div class='ocr_carea' id='block_1_40' title="bbox 2047 2137 3621 2211">
    <p class='ocr_par' dir='ltr' id='par_1_40' title="bbox 2047 2137 3621 2211">
     <span class='ocr_line' id='line_1_40' title="bbox 2047 2137 3621 2211; baseline -0.001 -15"><span class='ocrx_word' id='word_1_333' title='bbox 2047 2143 2142 2196; x_wconf 79' lang='grc' dir='ltr'><strong>καὶ</strong></span> <span class='ocrx_word' id='word_1_334' title='bbox 2191 2142 2470 2210; x_wconf 70' lang='grc' dir='ltr'>ἐπωτρελὲς</span> <span class='ocrx_word' id='word_1_335' title='bbox 2520 2143 2651 2211; x_wconf 89' lang='grc' dir='ltr'>ἡμῖν</span> <span class='ocrx_word' id='word_1_336' title='bbox 2700 2142 2958 2211; x_wconf 86' lang='grc' dir='ltr'>ὑπάρχει.</span> <span class='ocrx_word' id='word_1_337' title='bbox 3018 2143 3344 2210; x_wconf 80' lang='grc' dir='ltr'>Λίτήσωμεν</span> <span class='ocrx_word' id='word_1_338' title='bbox 3386 2137 3478 2194; x_wconf 78' lang='grc' dir='ltr'>οὖν</span> <span class='ocrx_word' id='word_1_339' title='bbox 3529 2142 3621 2194; x_wconf 72' lang='grc' dir='ltr'><strong>τὸν</strong></span> 
     </span>
    </p>
   </div>
   <div class='ocr_carea' id='block_1_41' title="bbox 2047 2235 3618 2305">
    <p class='ocr_par' dir='ltr' id='par_1_41' title="bbox 2047 2235 3618 2305">
     <span class='ocr_line' id='line_1_41' title="bbox 2047 2235 3618 2305; baseline 0 -17"><span class='ocrx_word' id='word_1_340' title='bbox 2047 2235 2180 2288; x_wconf 79' lang='grc' dir='ltr'>Θεὸν</span> <span class='ocrx_word' id='word_1_341' title='bbox 2214 2237 2311 2287; x_wconf 74' lang='grc' dir='ltr'><strong>καὶ</strong></span> <span class='ocrx_word' id='word_1_342' title='bbox 2344 2235 2567 2304; x_wconf 80' lang='grc' dir='ltr'><strong>Πατέρα</strong></span> <span class='ocrx_word' id='word_1_343' title='bbox 2602 2235 2696 2288; x_wconf 86' lang='grc' dir='ltr'><strong>τοῦ</strong></span> <span class='ocrx_word' id='word_1_344' title='bbox 2730 2236 2937 2305; x_wconf 78' lang='grc' dir='ltr'>Κυρίου</span> <span class='ocrx_word' id='word_1_345' title='bbox 2967 2236 3127 2304; x_wconf 85' lang='grc' dir='ltr'>ήμῶν</span> <span class='ocrx_word' id='word_1_346' title='bbox 3166 2235 3344 2303; x_wconf 83' lang='grc' dir='ltr'>Ἰησοῦ</span> <span class='ocrx_word' id='word_1_347' title='bbox 3375 2235 3618 2305; x_wconf 75' lang='grc' dir='ltr'>Χριστοῦ</span> 
     </span>
    </p>
   </div>
   <div class='ocr_carea' id='block_1_42' title="bbox 2047 2327 3619 2396">
    <p class='ocr_par' dir='ltr' id='par_1_42' title="bbox 2047 2327 3619 2396">
     <span class='ocr_line' id='line_1_42' title="bbox 2047 2327 3619 2396; baseline -0.001 -16"><span class='ocrx_word' id='word_1_348' title='bbox 2047 2327 2231 2380; x_wconf 86' lang='grc' dir='ltr'>δοῦναι</span> <span class='ocrx_word' id='word_1_349' title='bbox 2284 2329 2417 2396; x_wconf 79' lang='grc' dir='ltr'>ἡμῖν</span> <span class='ocrx_word' id='word_1_350' title='bbox 2469 2327 2682 2380; x_wconf 84' lang='grc' dir='ltr'>σύνεσιν</span> <span class='ocrx_word' id='word_1_351' title='bbox 2725 2328 3139 2396; x_wconf 77' lang='grc' dir='ltr'>πνευματικήν·</span> <span class='ocrx_word' id='word_1_352' title='bbox 3205 2327 3347 2380; x_wconf 83' lang='grc' dir='ltr'>ὥστε</span> <span class='ocrx_word' id='word_1_353' title='bbox 3425 2329 3619 2395; x_wconf 70' lang='grc' dir='ltr'>νήφειν</span> 
     </span>
    </p>
   </div>
   <div class='ocr_carea' id='block_1_43' title="bbox 2048 2418 3620 2491">
    <p class='ocr_par' dir='ltr' id='par_1_43' title="bbox 2048 2418 3620 2491">
     <span class='ocr_line' id='line_1_43' title="bbox 2048 2418 3620 2491; baseline -0.003 -17"><span class='ocrx_word' id='word_1_354' title='bbox 2048 2423 2141 2474; x_wconf 69' lang='grc' dir='ltr'><strong>καὶ</strong></span> <span class='ocrx_word' id='word_1_355' title='bbox 2191 2421 2572 2491; x_wconf 75' lang='grc' dir='ltr'><strong>ἐγρηγορέναι,</strong></span> <span class='ocrx_word' id='word_1_356' title='bbox 2603 2418 2698 2472; x_wconf 86' lang='grc' dir='ltr'><strong>τοῦ</strong></span> <span class='ocrx_word' id='word_1_357' title='bbox 2745 2421 2917 2472; x_wconf 74' lang='grc' dir='ltr'>αἰτεῖν</span> <span class='ocrx_word' id='word_1_358' title='bbox 2953 2420 3081 2487; x_wconf 78' lang='grc' dir='ltr'>παρ’</span> <span class='ocrx_word' id='word_1_359' title='bbox 3109 2418 3277 2471; x_wconf 77' lang='grc' dir='ltr'>αὐτοῦ</span> <span class='ocrx_word' id='word_1_360' title='bbox 3318 2418 3375 2471; x_wconf 78' lang='grc' dir='ltr'>τὸ</span> <span class='ocrx_word' id='word_1_361' title='bbox 3405 2418 3620 2485; x_wconf 76' lang='grc' dir='ltr'>θέλημα</span> 
     </span>
    </p>
   </div>
   <div class='ocr_carea' id='block_1_44' title="bbox 2049 2507 3622 2578">
    <p class='ocr_par' dir='ltr' id='par_1_44' title="bbox 2049 2507 3622 2578">
     <span class='ocr_line' id='line_1_44' title="bbox 2049 2507 3622 2578; baseline -0.001 -18"><span class='ocrx_word' id='word_1_362' title='bbox 2049 2508 2216 2560; x_wconf 85' lang='grc' dir='ltr'>αὐτοῦ</span> <span class='ocrx_word' id='word_1_363' title='bbox 2263 2509 2520 2576; x_wconf 80' lang='grc' dir='ltr'>γενέσθαι</span> <span class='ocrx_word' id='word_1_364' title='bbox 2571 2510 2629 2560; x_wconf 78' lang='grc' dir='ltr'>ἐν</span> <span class='ocrx_word' id='word_1_365' title='bbox 2674 2510 2828 2576; x_wconf 80' lang='grc' dir='ltr'>ἡμῖν.</span> <span class='ocrx_word' id='word_1_366' title='bbox 2891 2507 3058 2559; x_wconf 81' lang='grc' dir='ltr'>Τοῦτο</span> <span class='ocrx_word' id='word_1_367' title='bbox 3099 2508 3208 2578; x_wconf 73' lang='grc' dir='ltr'><strong>γάρ</strong></span> <span class='ocrx_word' id='word_1_368' title='bbox 3253 2509 3384 2560; x_wconf 83' lang='grc' dir='ltr'>αὐτὸ</span> <span class='ocrx_word' id='word_1_369' title='bbox 3427 2507 3454 2558; x_wconf 85' lang='grc'>6</span> <span class='ocrx_word' id='word_1_370' title='bbox 3483 2507 3622 2568; x_wconf 78' lang='grc' dir='ltr'>Θεὸς</span> 
     </span>
    </p>
   </div>
   <div class='ocr_carea' id='block_1_45' title="bbox 2051 2599 3620 2668">
    <p class='ocr_par' dir='ltr' id='par_1_45' title="bbox 2051 2599 3620 2668">
     <span class='ocr_line' id='line_1_45' title="bbox 2051 2599 3620 2668; baseline -0.001 -16"><span class='ocrx_word' id='word_1_371' title='bbox 2051 2601 2144 2652; x_wconf 74' lang='grc' dir='ltr'><strong>καὶ</strong></span> <span class='ocrx_word' id='word_1_372' title='bbox 2179 2599 2368 2668; x_wconf 84' lang='grc' dir='ltr'>Σωτὴρ</span> <span class='ocrx_word' id='word_1_373' title='bbox 2399 2599 2556 2667; x_wconf 80' lang='grc' dir='ltr'>ἡμῶν</span> <span class='ocrx_word' id='word_1_374' title='bbox 2590 2599 2652 2651; x_wconf 80' lang='grc' dir='ltr'>τὸ</span> <span class='ocrx_word' id='word_1_375' title='bbox 2676 2599 3048 2668; x_wconf 78' lang='grc' dir='ltr'>πνευματικὸν</span> <span class='ocrx_word' id='word_1_376' title='bbox 3076 2600 3192 2667; x_wconf 75' lang='grc' dir='ltr'><strong>φῶς</strong></span> <span class='ocrx_word' id='word_1_377' title='bbox 3223 2601 3282 2652; x_wconf 83' lang='grc' dir='ltr'><strong>τὺ</strong></span> <span class='ocrx_word' id='word_1_378' title='bbox 3306 2599 3364 2652; x_wconf 80' lang='grc' dir='ltr'>ὃν</span> <span class='ocrx_word' id='word_1_379' title='bbox 3396 2600 3456 2652; x_wconf 75' lang='grc' dir='ltr'>τὸ</span> <span class='ocrx_word' id='word_1_380' title='bbox 3482 2600 3620 2668; x_wconf 81' lang='grc' dir='ltr'>άληο</span> 
     </span>
    </p>
   </div>
   <div class='ocr_carea' id='block_1_46' title="bbox 2053 2689 3624 2759">
    <p class='ocr_par' dir='ltr' id='par_1_46' title="bbox 2053 2689 3624 2759">
     <span class='ocr_line' id='line_1_46' title="bbox 2053 2689 3624 2759; baseline 0 -17"><span class='ocrx_word' id='word_1_381' title='bbox 2053 2689 2229 2754; x_wconf 79' lang='grc' dir='ltr'>θινὺν,</span> <span class='ocrx_word' id='word_1_382' title='bbox 2278 2707 2296 2740; x_wconf 83' lang='grc' dir='ltr'><strong>ι</strong></span> <span class='ocrx_word' id='word_1_383' title='bbox 2338 2689 2364 2742; x_wconf 85' lang='grc' dir='ltr'><strong>ὂ</strong></span> <span class='ocrx_word' id='word_1_384' title='bbox 2413 2689 2638 2758; x_wconf 72' lang='grc' dir='ltr'>φωτίζει</span> <span class='ocrx_word' id='word_1_385' title='bbox 2687 2689 2865 2740; x_wconf 88' lang='grc' dir='ltr'>πάντα</span> <span class='ocrx_word' id='word_1_386' title='bbox 2895 2689 3182 2759; x_wconf 83' lang='grc' dir='ltr'>ἄνθρωπον</span> <span class='ocrx_word' id='word_1_387' title='bbox 3215 2690 3505 2758; x_wconf 77' lang='grc' dir='ltr'>ἐρχόμενον</span> <span class='ocrx_word' id='word_1_388' title='bbox 3538 2691 3624 2753; x_wconf 65' lang='grc' dir='ltr'><strong>εἷς</strong></span> 
     </span>
    </p>
   </div>
   <div class='ocr_carea' id='block_1_47' title="bbox 2052 2776 3617 2850">
    <p class='ocr_par' dir='ltr' id='par_1_47' title="bbox 2052 2776 3617 2850">
     <span class='ocr_line' id='line_1_47' title="bbox 2052 2776 3617 2850; baseline 0 -18"><span class='ocrx_word' id='word_1_389' title='bbox 2052 2780 2141 2832; x_wconf 75' lang='grc' dir='ltr'>τὸν</span> <span class='ocrx_word' id='word_1_390' title='bbox 2171 2780 2397 2846; x_wconf 81' lang='grc' dir='ltr'>κόσμον,</span> <span class='ocrx_word' id='word_1_391' title='bbox 2428 2798 2447 2830; x_wconf 73' lang='grc' dir='ltr'><strong>ι</strong></span> <span class='ocrx_word' id='word_1_392' title='bbox 2493 2779 2797 2831; x_wconf 79' lang='grc' dir='ltr'>ἐνετείλατο</span> <span class='ocrx_word' id='word_1_393' title='bbox 2824 2783 2956 2850; x_wconf 81' lang='grc' dir='ltr'>ἡμῖν</span> <span class='ocrx_word' id='word_1_394' title='bbox 2985 2783 3178 2834; x_wconf 79' lang='grc' dir='ltr'><strong>αἰτεῖν.</strong></span> <span class='ocrx_word' id='word_1_395' title='bbox 3212 2781 3340 2832; x_wconf 85' lang='grc' dir='ltr'><strong>Ὅτε</strong></span> <span class='ocrx_word' id='word_1_396' title='bbox 3372 2776 3464 2832; x_wconf 83' lang='grc' dir='ltr'>οὖν</span> <span class='ocrx_word' id='word_1_397' title='bbox 3495 2782 3617 2832; x_wconf 72' lang='grc' dir='ltr'>ἑπι-</span> 
     </span>
    </p>
   </div>
   <div class='ocr_carea' id='block_1_48' title="bbox 2053 2872 3620 2943">
    <p class='ocr_par' dir='ltr' id='par_1_48' title="bbox 2053 2872 3620 2943">
     <span class='ocr_line' id='line_1_48' title="bbox 2053 2872 3620 2943; baseline 0 -19"><span class='ocrx_word' id='word_1_398' title='bbox 2053 2872 2370 2942; x_wconf 84' lang='grc' dir='ltr'>καλούμεθα</span> <span class='ocrx_word' id='word_1_399' title='bbox 2422 2872 2519 2941; x_wconf 86' lang='grc' dir='ltr'><strong>τὴν</strong></span> <span class='ocrx_word' id='word_1_400' title='bbox 2567 2873 2728 2941; x_wconf 75' lang='grc' dir='ltr'>ἁγίαν</span> <span class='ocrx_word' id='word_1_401' title='bbox 2777 2876 2870 2926; x_wconf 71' lang='grc' dir='ltr'><strong>καὶ</strong></span> <span class='ocrx_word' id='word_1_402' title='bbox 2912 2874 3198 2942; x_wconf 79' lang='grc' dir='ltr'>ὁμοούσιον</span> <span class='ocrx_word' id='word_1_403' title='bbox 3235 2875 3445 2943; x_wconf 82' lang='grc' dir='ltr'>Τριάδα</span> <span class='ocrx_word' id='word_1_404' title='bbox 3488 2891 3620 2926; x_wconf 80' lang='grc' dir='ltr'>παν-</span> 
     </span>
    </p>
   </div>
   <div class='ocr_carea' id='block_1_49' title="bbox 2055 2963 3619 3036">
    <p class='ocr_par' dir='ltr' id='par_1_49' title="bbox 2055 2963 3619 3036">
     <span class='ocr_line' id='line_1_49' title="bbox 2055 2963 3619 3036; baseline 0.002 -23"><span class='ocrx_word' id='word_1_405' title='bbox 2055 2964 2232 3028; x_wconf 82' lang='grc' dir='ltr'>αγίοις</span> <span class='ocrx_word' id='word_1_406' title='bbox 2284 2963 2380 3030; x_wconf 80' lang='grc' dir='ltr'>μὲν</span> <span class='ocrx_word' id='word_1_407' title='bbox 2433 2963 2656 3030; x_wconf 79' lang='grc' dir='ltr'><strong>εὐχαῖς,</strong></span> <span class='ocrx_word' id='word_1_408' title='bbox 2721 2963 3104 3034; x_wconf 81' lang='grc' dir='ltr'>άνεπιθολὼτῳ</span> <span class='ocrx_word' id='word_1_409' title='bbox 3145 2965 3201 3017; x_wconf 80' lang='grc' dir='ltr'>δὲ</span> <span class='ocrx_word' id='word_1_410' title='bbox 3248 2965 3358 3036; x_wconf 80' lang='grc' dir='ltr'><strong>νῷ,</strong></span> <span class='ocrx_word' id='word_1_411' title='bbox 3415 2966 3504 3017; x_wconf 76' lang='grc' dir='ltr'><strong>καὶ</strong></span> <span class='ocrx_word' id='word_1_412' title='bbox 3553 2968 3619 3035; x_wconf 80' lang='grc' dir='ltr'>τῇ</span> 
     </span>
    </p>
   </div>
   <div class='ocr_carea' id='block_1_50' title="bbox 2057 3054 3623 3126">
    <p class='ocr_par' dir='ltr' id='par_1_50' title="bbox 2057 3054 3623 3126">
     <span class='ocr_line' id='line_1_50' title="bbox 2057 3054 3623 3126; baseline 0.002 -20"><span class='ocrx_word' id='word_1_413' title='bbox 2057 3055 2194 3123; x_wconf 67' lang='grc' dir='ltr'>πρὸς</span> <span class='ocrx_word' id='word_1_414' title='bbox 2234 3054 2384 3107; x_wconf 83' lang='grc' dir='ltr'>θείαν</span> <span class='ocrx_word' id='word_1_415' title='bbox 2429 3054 2620 3106; x_wconf 76' lang='grc' dir='ltr'>ἕνωσιν</span> <span class='ocrx_word' id='word_1_416' title='bbox 2665 3055 3094 3126; x_wconf 80' lang='grc' dir='ltr'><strong>ἐπιτηδειότητι,</strong></span> <span class='ocrx_word' id='word_1_417' title='bbox 3153 3057 3275 3109; x_wconf 76' lang='grc' dir='ltr'>τότε</span> <span class='ocrx_word' id='word_1_418' title='bbox 3323 3059 3416 3109; x_wconf 73' lang='grc' dir='ltr'><strong>καὶ</strong></span> <span class='ocrx_word' id='word_1_419' title='bbox 3458 3059 3623 3126; x_wconf 81' lang='grc' dir='ltr'>ἡμεῖς</span> 
     </span>
    </p>
   </div>
   <div class='ocr_carea' id='block_1_51' title="bbox 370 3124 1949 3217">
    <p class='ocr_par' dir='ltr' id='par_1_51' title="bbox 370 3144 1939 3213">
     <span class='ocr_line' id='line_1_51' title="bbox 370 3144 1939 3213; baseline 0 -18"><span class='ocrx_word' id='word_1_420' title='bbox 370 3151 558 3196; x_wconf 88' lang='lat' dir='ltr'><strong>mente</strong></span> <span class='ocrx_word' id='word_1_421' title='bbox 601 3159 732 3197; x_wconf 90' lang='lat' dir='ltr'><strong>vero</strong></span> <span class='ocrx_word' id='word_1_422' title='bbox 769 3146 993 3198; x_wconf 84' lang='lat' dir='ltr'><strong>minime</strong></span> <span class='ocrx_word' id='word_1_423' title='bbox 1043 3145 1384 3207; x_wconf 82' lang='lat' dir='ltr'><strong>turbulenta,</strong></span> <span class='ocrx_word' id='word_1_424' title='bbox 1438 3156 1604 3213; x_wconf 87' lang='lat' dir='ltr'><strong>atque</strong></span> <span class='ocrx_word' id='word_1_425' title='bbox 1654 3144 1939 3212; x_wconf 88' lang='lat' dir='ltr'><strong>aptissima</strong></span> 
     </span>
    </p>
   </div>
   <div class='ocr_carea' id='block_1_52' title="bbox 2054 3124 3623 3217">
    <p class='ocr_par' dir='ltr' id='par_1_52' title="bbox 2054 3147 3623 3217">
     <span class='ocr_line' id='line_1_52' title="bbox 2054 3147 3623 3217; baseline 0.001 -17"><span class='ocrx_word' id='word_1_426' title='bbox 2054 3148 2200 3200; x_wconf 74' lang='grc' dir='ltr'>αὐτοὶ</span> <span class='ocrx_word' id='word_1_427' title='bbox 2244 3148 2526 3217; x_wconf 81' lang='grc' dir='ltr'>πάρεσμεν</span> <span class='ocrx_word' id='word_1_428' title='bbox 2547 3188 2560 3210; x_wconf 97' lang='grc'><strong>,</strong></span> <span class='ocrx_word' id='word_1_429' title='bbox 2613 3149 2706 3199; x_wconf 72' lang='grc' dir='ltr'><strong>καὶ</strong></span> <span class='ocrx_word' id='word_1_430' title='bbox 2744 3147 3214 3216; x_wconf 74' lang='grc' dir='ltr'>ἀντιλαμϐάνομεν</span> <span class='ocrx_word' id='word_1_431' title='bbox 3246 3150 3311 3200; x_wconf 83' lang='grc' dir='ltr'>τΞι</span> <span class='ocrx_word' id='word_1_432' title='bbox 3341 3151 3623 3215; x_wconf 82' lang='grc' dir='ltr'>πανάρετα</span> 
     </span>
    </p>
   </div>
   <div class='ocr_carea' id='block_1_53' title="bbox 374 3233 1945 3304">
    <p class='ocr_par' dir='ltr' id='par_1_53' title="bbox 374 3233 1945 3304">
     <span class='ocr_line' id='line_1_53' title="bbox 374 3233 1945 3304; baseline 0.001 -18"><span class='ocrx_word' id='word_1_433' title='bbox 374 3233 576 3286; x_wconf 90' lang='lat' dir='ltr'><strong>unione</strong></span> <span class='ocrx_word' id='word_1_434' title='bbox 623 3234 688 3287; x_wconf 90' lang='lat' dir='ltr'><strong>ad</strong></span> <span class='ocrx_word' id='word_1_435' title='bbox 741 3234 984 3288; x_wconf 88' lang='lat' dir='ltr'><strong>divinam</strong></span> <span class='ocrx_word' id='word_1_436' title='bbox 1034 3236 1555 3304; x_wconf 74' lang='lat' dir='ltr'><strong>contemp&#39;ationcm</strong></span> <span class='ocrx_word' id='word_1_437' title='bbox 1610 3243 1787 3288; x_wconf 83' lang='lat' dir='ltr'><strong>:timc</strong></span> <span class='ocrx_word' id='word_1_438' title='bbox 1837 3249 1945 3288; x_wconf 87' lang='lat' dir='ltr'><strong>nos</strong></span> 
     </span>
    </p>
   </div>
   <div class='ocr_carea' id='block_1_54' title="bbox 373 3325 1947 3397">
    <p class='ocr_par' dir='ltr' id='par_1_54' title="bbox 373 3325 1947 3397">
     <span class='ocr_line' id='line_1_54' title="bbox 373 3325 1947 3397; baseline 0.003 -21"><span class='ocrx_word' id='word_1_439' title='bbox 373 3325 544 3378; x_wconf 67' lang='lat' dir='ltr'><strong>beatae</strong></span> <span class='ocrx_word' id='word_1_440' title='bbox 583 3325 840 3380; x_wconf 84' lang='lat' dir='ltr'><strong>Trinitati</strong></span> <span class='ocrx_word' id='word_1_441' title='bbox 877 3329 1104 3396; x_wconf 87' lang='lat' dir='ltr'><strong>propius</strong></span> <span class='ocrx_word' id='word_1_442' title='bbox 1146 3328 1524 3397; x_wconf 76' lang='lat' dir='ltr'><strong>adjungimur,</strong></span> <span class='ocrx_word' id='word_1_443' title='bbox 1584 3337 1640 3382; x_wconf 91' lang='lat' dir='ltr'><strong>et</strong></span> <span class='ocrx_word' id='word_1_444' title='bbox 1681 3343 1781 3397; x_wconf 92' lang='lat' dir='ltr'><strong>pro</strong></span> <span class='ocrx_word' id='word_1_445' title='bbox 1811 3343 1947 3395; x_wconf 84' lang='lat' dir='ltr'><strong>qua-</strong></span> 
     </span>
    </p>
   </div>
   <div class='ocr_carea' id='block_1_55' title="bbox 372 3414 1944 3487">
    <p class='ocr_par' dir='ltr' id='par_1_55' title="bbox 372 3414 1944 3487">
     <span class='ocr_line' id='line_1_55' title="bbox 372 3414 1944 3487; baseline 0.002 -20"><span class='ocrx_word' id='word_1_446' title='bbox 372 3414 631 3484; x_wconf 88' lang='lat' dir='ltr'><strong>licunque</strong></span> <span class='ocrx_word' id='word_1_447' title='bbox 655 3417 844 3470; x_wconf 63' lang='lat' dir='ltr'><strong>labere</strong></span> <span class='ocrx_word' id='word_1_448' title='bbox 868 3419 1010 3471; x_wconf 89' lang='lat' dir='ltr'><strong>dona</strong></span> <span class='ocrx_word' id='word_1_449' title='bbox 1045 3418 1344 3486; x_wconf 86' lang='lat' dir='ltr'><strong>recipimus</strong></span> <span class='ocrx_word' id='word_1_450' title='bbox 1371 3419 1675 3487; x_wconf 66' lang='lat' dir='ltr'><strong>omnigenae</strong></span> <span class='ocrx_word' id='word_1_451' title='bbox 1703 3417 1944 3481; x_wconf 89' lang='lat' dir='ltr'><strong>virtutis,</strong></span> 
     </span>
    </p>
   </div>
   <div class='ocr_carea' id='block_1_56' title="bbox 372 3509 1944 3578">
    <p class='ocr_par' dir='ltr' id='par_1_56' title="bbox 372 3509 1944 3578">
     <span class='ocr_line' id='line_1_56' title="bbox 372 3509 1944 3578; baseline 0.001 -20"><span class='ocrx_word' id='word_1_452' title='bbox 372 3521 496 3576; x_wconf 71' lang='lat' dir='ltr'><strong>quae</strong></span> <span class='ocrx_word' id='word_1_453' title='bbox 525 3523 624 3560; x_wconf 56' lang='lat' dir='ltr'><strong>no»</strong></span> <span class='ocrx_word' id='word_1_454' title='bbox 651 3525 780 3578; x_wconf 76' lang='lat' dir='ltr'><strong>erga</strong></span> <span class='ocrx_word' id='word_1_455' title='bbox 815 3509 1160 3564; x_wconf 77' lang='lat' dir='ltr'><strong>illam&#39;sulide</strong></span> <span class='ocrx_word' id='word_1_456' title='bbox 1191 3525 1256 3564; x_wconf 84' lang='lat' dir='ltr'><strong>ac</strong></span> <span class='ocrx_word' id='word_1_457' title='bbox 1283 3510 1560 3564; x_wconf 84' lang='lat' dir='ltr'><strong>stabiliter</strong></span> <span class='ocrx_word' id='word_1_458' title='bbox 1597 3509 1944 3562; x_wconf 83' lang='lat' dir='ltr'><strong>conﬁrment.</strong></span> 
     </span>
    </p>
   </div>
   <div class='ocr_carea' id='block_1_57' title="bbox 373 3596 1949 3668">
    <p class='ocr_par' dir='ltr' id='par_1_57' title="bbox 373 3596 1949 3668">
     <span class='ocr_line' id='line_1_57' title="bbox 373 3596 1949 3668; baseline 0.001 -16"><span class='ocrx_word' id='word_1_459' title='bbox 373 3596 562 3652; x_wconf 67' lang='lat' dir='ltr'><strong>Oratio</strong></span> <span class='ocrx_word' id='word_1_460' title='bbox 601 3609 826 3654; x_wconf 78' lang='lat' dir='ltr'><strong>caeteras</strong></span> <span class='ocrx_word' id='word_1_461' title='bbox 853 3601 1090 3655; x_wconf 77' lang='lat' dir='ltr'><strong>virtutes</strong></span> <span class='ocrx_word' id='word_1_462' title='bbox 1120 3602 1278 3656; x_wconf 79' lang='lat' dir='ltr'><strong>faci!c</strong></span> <span class='ocrx_word' id='word_1_463' title='bbox 1308 3601 1711 3668; x_wconf 72' lang='lat' dir='ltr'><strong>antegreditur,</strong></span> <span class='ocrx_word' id='word_1_464' title='bbox 1746 3601 1792 3654; x_wconf 89' lang='lat' dir='ltr'><strong>si</strong></span> <span class='ocrx_word' id='word_1_465' title='bbox 1834 3615 1949 3653; x_wconf 83' lang='lat' dir='ltr'><strong>mo-</strong></span> 
     </span>
    </p>
   </div>
   <div class='ocr_carea' id='block_1_58' title="bbox 375 3689 1950 3765">
    <p class='ocr_par' dir='ltr' id='par_1_58' title="bbox 375 3689 1950 3765">
     <span class='ocr_line' id='line_1_58' title="bbox 375 3689 1950 3765; baseline 0.005 -23"><span class='ocrx_word' id='word_1_466' title='bbox 375 3689 447 3742; x_wconf 93' lang='lat' dir='ltr'><strong>do</strong></span> <span class='ocrx_word' id='word_1_467' title='bbox 492 3705 588 3744; x_wconf 83' lang='lat' dir='ltr'><strong>sua</strong></span> <span class='ocrx_word' id='word_1_468' title='bbox 618 3691 770 3744; x_wconf 87' lang='lat' dir='ltr'><strong>illimi</strong></span> <span class='ocrx_word' id='word_1_469' title='bbox 802 3693 1039 3760; x_wconf 87' lang='lat' dir='ltr'><strong>puritate</strong></span> <span class='ocrx_word' id='word_1_470' title='bbox 1075 3696 1186 3748; x_wconf 64' lang='lat' dir='ltr'><strong>Duo</strong></span> <span class='ocrx_word' id='word_1_471' title='bbox 1212 3696 1567 3765; x_wconf 85' lang='lat' dir='ltr'><strong>prepinquat.</strong></span> <span class='ocrx_word' id='word_1_472' title='bbox 1601 3695 1744 3750; x_wconf 91' lang='lat' dir='ltr'><strong>Sane</strong></span> <span class='ocrx_word' id='word_1_473' title='bbox 1772 3696 1950 3750; x_wconf 84' lang='lat' dir='ltr'><strong>oratio</strong></span> 
     </span>
    </p>
   </div>
   <div class='ocr_carea' id='block_1_59' title="bbox 376 3784 1951 3856">
    <p class='ocr_par' dir='ltr' id='par_1_59' title="bbox 376 3784 1951 3856">
     <span class='ocr_line' id='line_1_59' title="bbox 376 3784 1951 3856; baseline 0.003 -19"><span class='ocrx_word' id='word_1_474' title='bbox 376 3784 824 3838; x_wconf 80' lang='lat' dir='ltr'><strong>tn.-:nsuetudinis</strong></span> <span class='ocrx_word' id='word_1_475' title='bbox 870 3794 927 3839; x_wconf 92' lang='lat' dir='ltr'><strong>et</strong></span> <span class='ocrx_word' id='word_1_476' title='bbox 967 3787 1332 3842; x_wconf 74' lang='lat' dir='ltr'><strong>inirasceutite</strong></span> <span class='ocrx_word' id='word_1_477' title='bbox 1369 3804 1616 3856; x_wconf 82' lang='lat' dir='ltr'><strong>germen.</strong></span> <span class='ocrx_word' id='word_1_478' title='bbox 1651 3787 1840 3843; x_wconf 90' lang='lat' dir='ltr'><strong>Oratio</strong></span> <span class='ocrx_word' id='word_1_479' title='bbox 1868 3797 1951 3842; x_wconf 79' lang='lat' dir='ltr'><strong>est</strong></span> 
     </span>
    </p>
   </div>
   <div class='ocr_carea' id='block_1_60' title="bbox 376 3876 1952 3948">
    <p class='ocr_par' dir='ltr' id='par_1_60' title="bbox 376 3876 1952 3948">
     <span class='ocr_line' id='line_1_60' title="bbox 376 3876 1952 3948; baseline 0.004 -22"><span class='ocrx_word' id='word_1_480' title='bbox 376 3881 434 3926; x_wconf 82' lang='lat' dir='ltr'><strong>et</strong></span> <span class='ocrx_word' id='word_1_481' title='bbox 468 3876 646 3939; x_wconf 77' lang='lat' dir='ltr'><strong>gaudii</strong></span> <span class='ocrx_word' id='word_1_482' title='bbox 674 3885 729 3929; x_wconf 89' lang='lat' dir='ltr'><strong>ct</strong></span> <span class='ocrx_word' id='word_1_483' title='bbox 763 3881 1061 3946; x_wconf 59' lang='lat' dir='ltr'><strong>gratiarum</strong></span> <span class='ocrx_word' id='word_1_484' title='bbox 1095 3881 1330 3932; x_wconf 68' lang='lat' dir='ltr'><strong>actionis</strong></span> <span class='ocrx_word' id='word_1_485' title='bbox 1374 3881 1606 3933; x_wconf 74' lang='lat' dir='ltr'><strong>lulelure</strong></span> <span class='ocrx_word' id='word_1_486' title='bbox 1641 3894 1952 3948; x_wconf 82' lang='lat' dir='ltr'><strong>propugna-</strong></span> 
     </span>
    </p>
   </div>
   <div class='ocr_carea' id='block_1_61' title="bbox 376 3964 1949 4038">
    <p class='ocr_par' dir='ltr' id='par_1_61' title="bbox 376 3964 1949 4038">
     <span class='ocr_line' id='line_1_61' title="bbox 376 3964 1949 4038; baseline 0.006 -22"><span class='ocrx_word' id='word_1_487' title='bbox 376 3964 584 4030; x_wconf 88' lang='lat' dir='ltr'><strong>culum,</strong></span> <span class='ocrx_word' id='word_1_488' title='bbox 622 3966 859 4022; x_wconf 60' lang='lat' dir='ltr'><strong>trisvitize</strong></span> <span class='ocrx_word' id='word_1_489' title='bbox 890 3984 1019 4023; x_wconf 82' lang='lat' dir='ltr'><strong>vero</strong></span> <span class='ocrx_word' id='word_1_490' title='bbox 1059 3978 1114 4022; x_wconf 92' lang='lat' dir='ltr'><strong>et</strong></span> <span class='ocrx_word' id='word_1_491' title='bbox 1141 3971 1610 4038; x_wconf 87' lang='lat' dir='ltr'><strong>pusillanimitatis</strong></span> <span class='ocrx_word' id='word_1_492' title='bbox 1649 3972 1949 4026; x_wconf 85' lang='lat' dir='ltr'><strong>amuletum</strong></span> 
     </span>
    </p>
   </div>
   <div class='ocr_carea' id='block_1_62' title="bbox 377 4057 1949 4126">
    <p class='ocr_par' dir='ltr' id='par_1_62' title="bbox 377 4057 1949 4126">
     <span class='ocr_line' id='line_1_62' title="bbox 377 4057 1949 4126; baseline 0.004 -22"><span class='ocrx_word' id='word_1_493' title='bbox 377 4064 836 4120; x_wconf 64' lang='lat' dir='ltr'><strong>praesentaneum.</strong></span> <span class='ocrx_word' id='word_1_494' title='bbox 873 4057 1025 4110; x_wconf 86' lang='lat' dir='ltr'><strong>Mens</strong></span> <span class='ocrx_word' id='word_1_495' title='bbox 1056 4057 1228 4123; x_wconf 79' lang='lat' dir='ltr'><strong>igitur</strong></span> <span class='ocrx_word' id='word_1_496' title='bbox 1267 4058 1645 4126; x_wconf 86' lang='lat' dir='ltr'><strong>componenda</strong></span> <span class='ocrx_word' id='word_1_497' title='bbox 1695 4067 1782 4112; x_wconf 90' lang='lat' dir='ltr'><strong>est</strong></span> <span class='ocrx_word' id='word_1_498' title='bbox 1819 4073 1949 4111; x_wconf 89' lang='lat' dir='ltr'><strong>ora-</strong></span> 
     </span>
    </p>
   </div>
   <div class='ocr_carea' id='block_1_63' title="bbox 378 4145 1951 4218">
    <p class='ocr_par' dir='ltr' id='par_1_63' title="bbox 378 4145 1951 4218">
     <span class='ocr_line' id='line_1_63' title="bbox 378 4145 1951 4218; baseline 0.004 -18"><span class='ocrx_word' id='word_1_499' title='bbox 378 4145 546 4204; x_wconf 76' lang='lat' dir='ltr'><strong>tionis</strong></span> <span class='ocrx_word' id='word_1_500' title='bbox 595 4155 858 4214; x_wconf 67' lang='lat' dir='ltr'><strong>tempore,</strong></span> <span class='ocrx_word' id='word_1_501' title='bbox 909 4158 964 4202; x_wconf 91' lang='lat' dir='ltr'><strong>et</strong></span> <span class='ocrx_word' id='word_1_502' title='bbox 999 4149 1368 4204; x_wconf 71' lang='lat' dir='ltr'><strong>confirmanda</strong></span> <span class='ocrx_word' id='word_1_503' title='bbox 1423 4159 1480 4202; x_wconf 91' lang='lat' dir='ltr'><strong>ut</strong></span> <span class='ocrx_word' id='word_1_504' title='bbox 1525 4167 1594 4204; x_wconf 91' lang='lat' dir='ltr'><strong>ne</strong></span> <span class='ocrx_word' id='word_1_505' title='bbox 1631 4153 1951 4218; x_wconf 75' lang='lat' dir='ltr'><strong>olistrcpeta</strong></span> 
     </span>
    </p>
   </div>
   <div class='ocr_carea' id='block_1_64' title="bbox 380 4237 1948 4312">
    <p class='ocr_par' dir='ltr' id='par_1_64' title="bbox 380 4237 1948 4312">
     <span class='ocr_line' id='line_1_64' title="bbox 380 4237 1948 4312; baseline 0.002 -20"><span class='ocrx_word' id='word_1_506' title='bbox 380 4237 452 4292; x_wconf 88' lang='lat' dir='ltr'><strong>sit</strong></span> <span class='ocrx_word' id='word_1_507' title='bbox 479 4249 574 4292; x_wconf 90' lang='lat' dir='ltr'><strong>aut</strong></span> <span class='ocrx_word' id='word_1_508' title='bbox 595 4254 778 4293; x_wconf 87' lang='lat' dir='ltr'><strong>secum</strong></span> <span class='ocrx_word' id='word_1_509' title='bbox 809 4241 1175 4296; x_wconf 83' lang='lat' dir='ltr'><strong>tumultuetur</strong></span> <span class='ocrx_word' id='word_1_510' title='bbox 1193 4252 1248 4295; x_wconf 94' lang='lat' dir='ltr'><strong>et</strong></span> <span class='ocrx_word' id='word_1_511' title='bbox 1281 4242 1589 4312; x_wconf 74' lang='lat' dir='ltr'><strong>insusurret</strong></span> <span class='ocrx_word' id='word_1_512' title='bbox 1613 4260 1626 4295; x_wconf 89' lang='lat'><strong>:</strong></span> <span class='ocrx_word' id='word_1_513' title='bbox 1649 4250 1778 4296; x_wconf 82' lang='lat' dir='ltr'><strong>tunc</strong></span> <span class='ocrx_word' id='word_1_514' title='bbox 1802 4243 1948 4296; x_wconf 87' lang='lat' dir='ltr'><strong>enim</strong></span> 
     </span>
    </p>
   </div>
   <div class='ocr_carea' id='block_1_65' title="bbox 378 4333 1952 4402">
    <p class='ocr_par' dir='ltr' id='par_1_65' title="bbox 378 4333 1952 4402">
     <span class='ocr_line' id='line_1_65' title="bbox 378 4333 1952 4402; baseline 0.001 -15"><span class='ocrx_word' id='word_1_515' title='bbox 378 4334 586 4402; x_wconf 87' lang='lat' dir='ltr'><strong>poterit</strong></span> <span class='ocrx_word' id='word_1_516' title='bbox 626 4335 749 4401; x_wconf 88' lang='lat' dir='ltr'><strong>quis</strong></span> <span class='ocrx_word' id='word_1_517' title='bbox 790 4336 1082 4388; x_wconf 79' lang='lat' dir='ltr'><strong>sinceriter</strong></span> <span class='ocrx_word' id='word_1_518' title='bbox 1114 4351 1294 4389; x_wconf 88' lang='lat' dir='ltr'><strong>orare.</strong></span> <span class='ocrx_word' id='word_1_519' title='bbox 1329 4333 1538 4399; x_wconf 90' lang='lat' dir='ltr'><strong>Oratio,</strong></span> <span class='ocrx_word' id='word_1_520' title='bbox 1571 4335 1838 4389; x_wconf 77' lang='lat' dir='ltr'><strong>familiare</strong></span> <span class='ocrx_word' id='word_1_521' title='bbox 1867 4343 1952 4389; x_wconf 88' lang='lat' dir='ltr'><strong>est</strong></span> 
     </span>
    </p>
   </div>
   <div class='ocr_carea' id='block_1_66' title="bbox 2042 3239 3621 3309">
    <p class='ocr_par' dir='ltr' id='par_1_66' title="bbox 2042 3239 3621 3309">
     <span class='ocr_line' id='line_1_66' title="bbox 2042 3239 3621 3309; baseline 0.001 -20"><span class='ocrx_word' id='word_1_522' title='bbox 2042 3239 2191 3307; x_wconf 86' lang='grc' dir='ltr'>δῶρα</span> <span class='ocrx_word' id='word_1_523' title='bbox 2237 3240 2305 3292; x_wconf 73' lang='grc' dir='ltr'><strong>τὰ</strong></span> <span class='ocrx_word' id='word_1_524' title='bbox 2350 3239 2477 3307; x_wconf 71' lang='grc' dir='ltr'>περὶ</span> <span class='ocrx_word' id='word_1_525' title='bbox 2519 3239 2690 3308; x_wconf 79' lang='grc' dir='ltr'>αὐτὴν</span> <span class='ocrx_word' id='word_1_526' title='bbox 2737 3239 3033 3308; x_wconf 76' lang='grc' dir='ltr'>ἱδρυμένα,</span> <span class='ocrx_word' id='word_1_527' title='bbox 3091 3241 3123 3306; x_wconf 84' lang='grc' dir='ltr'>ἡ</span> <span class='ocrx_word' id='word_1_528' title='bbox 3165 3240 3438 3309; x_wconf 76' lang='grc' dir='ltr'>προσευχὴ</span> <span class='ocrx_word' id='word_1_529' title='bbox 3485 3239 3621 3307; x_wconf 61' lang='lat' dir='ltr'><strong>Mm-</strong></span> 
     </span>
    </p>
   </div>
   <div class='ocr_carea' id='block_1_67' title="bbox 2043 3324 3618 3399">
    <p class='ocr_par' dir='ltr' id='par_1_67' title="bbox 2043 3324 3618 3399">
     <span class='ocr_line' id='line_1_67' title="bbox 2043 3324 3618 3399; baseline -0.001 -18"><span class='ocrx_word' id='word_1_530' title='bbox 2043 3329 2238 3399; x_wconf 84' lang='grc' dir='ltr'>λοτέρα</span> <span class='ocrx_word' id='word_1_531' title='bbox 2290 3330 2550 3396; x_wconf 80' lang='grc' dir='ltr'>τυγχάνει</span> <span class='ocrx_word' id='word_1_532' title='bbox 2605 3329 2794 3380; x_wconf 83' lang='grc' dir='ltr'>πασῶν</span> <span class='ocrx_word' id='word_1_533' title='bbox 2831 3327 2939 3380; x_wconf 85' lang='grc' dir='ltr'><strong>τῶν</strong></span> <span class='ocrx_word' id='word_1_534' title='bbox 2975 3328 3213 3398; x_wconf 83' lang='grc' dir='ltr'>ἀρετῶν,</span> <span class='ocrx_word' id='word_1_535' title='bbox 3237 3328 3452 3398; x_wconf 73' lang='grc' dir='ltr'>καθαρά</span> <span class='ocrx_word' id='word_1_536' title='bbox 3482 3324 3618 3381; x_wconf 77' lang='grc' dir='ltr'>οὖσα</span> 
     </span>
    </p>
   </div>
   <div class='ocr_carea' id='block_1_68' title="bbox 2045 3421 3625 3492">
    <p class='ocr_par' dir='ltr' id='par_1_68' title="bbox 2045 3421 3625 3492">
     <span class='ocr_line' id='line_1_68' title="bbox 2045 3421 3625 3492; baseline -0.002 -18"><span class='ocrx_word' id='word_1_537' title='bbox 2045 3423 2141 3475; x_wconf 70' lang='grc' dir='ltr'><strong>καὶ</strong></span> <span class='ocrx_word' id='word_1_538' title='bbox 2173 3421 2291 3491; x_wconf 84' lang='grc' dir='ltr'><strong>Θεῷ</strong></span> <span class='ocrx_word' id='word_1_539' title='bbox 2321 3422 2614 3489; x_wconf 78' lang='grc' dir='ltr'>ὲγγίζουσα</span> <span class='ocrx_word' id='word_1_540' title='bbox 2634 3439 2648 3452; x_wconf 90' lang='grc'><strong>·</strong></span> <span class='ocrx_word' id='word_1_541' title='bbox 2675 3421 2970 3492; x_wconf 77' lang='grc' dir='ltr'>προσευχὴ</span> <span class='ocrx_word' id='word_1_542' title='bbox 2999 3422 3108 3490; x_wconf 85' lang='grc' dir='ltr'><strong>γάρ</strong></span> <span class='ocrx_word' id='word_1_543' title='bbox 3139 3424 3276 3484; x_wconf 80' lang='grc' dir='ltr'>ἐστι,</span> <span class='ocrx_word' id='word_1_544' title='bbox 3313 3421 3625 3490; x_wconf 71' lang='grc' dir='ltr'>πραότητος</span> 
     </span>
    </p>
   </div>
   <div class='ocr_carea' id='block_1_69' title="bbox 2046 3503 3628 3584">
    <p class='ocr_par' dir='ltr' id='par_1_69' title="bbox 2046 3503 3628 3584">
     <span class='ocr_line' id='line_1_69' title="bbox 2046 3503 3628 3584; baseline -0.003 -17"><span class='ocrx_word' id='word_1_545' title='bbox 2046 3503 2142 3567; x_wconf 80' lang='grc' dir='ltr'><strong>καὶ</strong></span> <span class='ocrx_word' id='word_1_546' title='bbox 2194 3514 2496 3583; x_wconf 82' lang='grc' dir='ltr'>ἀοργησίας</span> <span class='ocrx_word' id='word_1_547' title='bbox 2552 3512 2882 3582; x_wconf 75' lang='grc' dir='ltr'>βλάστημα,</span> <span class='ocrx_word' id='word_1_548' title='bbox 2950 3514 3226 3584; x_wconf 82' lang='grc' dir='ltr'>προσευχὴ</span> <span class='ocrx_word' id='word_1_549' title='bbox 3280 3514 3628 3582; x_wconf 75' lang='grc' dir='ltr'>ὲστι,χαρᾶ,ς</span> 
     </span>
    </p>
   </div>
   <div class='ocr_carea' id='block_1_70' title="bbox 2051 3601 3627 3672">
    <p class='ocr_par' dir='ltr' id='par_1_70' title="bbox 2051 3601 3627 3672">
     <span class='ocr_line' id='line_1_70' title="bbox 2051 3601 3627 3672; baseline -0.001 -18"><span class='ocrx_word' id='word_1_550' title='bbox 2051 3603 2146 3656; x_wconf 74' lang='grc' dir='ltr'><strong>καὶ</strong></span> <span class='ocrx_word' id='word_1_551' title='bbox 2188 3603 2540 3672; x_wconf 75' lang='grc' dir='ltr'>εὐχαριστίας</span> <span class='ocrx_word' id='word_1_552' title='bbox 2575 3602 2900 3672; x_wconf 74' lang='grc' dir='ltr'>πρόὸλημα,</span> <span class='ocrx_word' id='word_1_553' title='bbox 2961 3602 3205 3672; x_wconf 76' lang='grc' dir='ltr'>ἀλέξημα</span> <span class='ocrx_word' id='word_1_554' title='bbox 3233 3603 3289 3655; x_wconf 78' lang='grc' dir='ltr'>δὲ</span> <span class='ocrx_word' id='word_1_555' title='bbox 3317 3601 3497 3671; x_wconf 80' lang='grc' dir='ltr'>λύπης</span> <span class='ocrx_word' id='word_1_556' title='bbox 3531 3605 3627 3655; x_wconf 83' lang='grc' dir='ltr'><strong>καὶ</strong></span> 
     </span>
    </p>
   </div>
   <div class='ocr_carea' id='block_1_71' title="bbox 2048 3691 3628 3766">
    <p class='ocr_par' dir='ltr' id='par_1_71' title="bbox 2048 3691 3628 3766">
     <span class='ocr_line' id='line_1_71' title="bbox 2048 3691 3628 3766; baseline -0.001 -18"><span class='ocrx_word' id='word_1_557' title='bbox 2048 3693 2303 3764; x_wconf 84' lang='grc' dir='ltr'>ἀθυμίας.</span> <span class='ocrx_word' id='word_1_558' title='bbox 2358 3697 2478 3766; x_wconf 88' lang='grc' dir='ltr'>Χρὴ</span> <span class='ocrx_word' id='word_1_559' title='bbox 2510 3691 2606 3748; x_wconf 79' lang='grc' dir='ltr'><strong>οῦν</strong></span> <span class='ocrx_word' id='word_1_560' title='bbox 2639 3695 2840 3763; x_wconf 79' lang='grc' dir='ltr'>στῆσαι</span> <span class='ocrx_word' id='word_1_561' title='bbox 2866 3695 2960 3747; x_wconf 81' lang='grc' dir='ltr'>τὸν</span> <span class='ocrx_word' id='word_1_562' title='bbox 2989 3695 3115 3747; x_wconf 83' lang='grc' dir='ltr'>νοῦν</span> <span class='ocrx_word' id='word_1_563' title='bbox 3142 3696 3288 3748; x_wconf 79' lang='grc' dir='ltr'>κατὰ</span> <span class='ocrx_word' id='word_1_564' title='bbox 3316 3695 3405 3748; x_wconf 83' lang='grc' dir='ltr'>τὸν</span> <span class='ocrx_word' id='word_1_565' title='bbox 3430 3695 3628 3764; x_wconf 78' lang='grc' dir='ltr'>καιρὸν</span> 
     </span>
    </p>
   </div>
   <div class='ocr_carea' id='block_1_72' title="bbox 2046 3785 3625 3856">
    <p class='ocr_par' dir='ltr' id='par_1_72' title="bbox 2046 3785 3625 3856">
     <span class='ocr_line' id='line_1_72' title="bbox 2046 3785 3625 3856; baseline 0.001 -19"><span class='ocrx_word' id='word_1_566' title='bbox 2046 3787 2146 3854; x_wconf 76' lang='grc' dir='ltr'>τῆς</span> <span class='ocrx_word' id='word_1_567' title='bbox 2183 3786 2382 3854; x_wconf 81' lang='grc' dir='ltr'>εὐχῆς,</span> <span class='ocrx_word' id='word_1_568' title='bbox 2436 3786 2530 3839; x_wconf 78' lang='grc' dir='ltr'><strong>καὶ</strong></span> <span class='ocrx_word' id='word_1_569' title='bbox 2589 3785 2774 3856; x_wconf 80' lang='grc' dir='ltr'>φωνὴν</span> <span class='ocrx_word' id='word_1_570' title='bbox 2824 3786 3054 3839; x_wconf 73' lang='grc' dir='ltr'>ἄλαλον·</span> <span class='ocrx_word' id='word_1_571' title='bbox 3107 3787 3228 3838; x_wconf 84' lang='grc' dir='ltr'>τότε</span> <span class='ocrx_word' id='word_1_572' title='bbox 3273 3786 3499 3839; x_wconf 80' lang='grc' dir='ltr'>δύναται</span> <span class='ocrx_word' id='word_1_573' title='bbox 3538 3803 3625 3848; x_wconf 88' lang='grc' dir='ltr'><strong>τις</strong></span> 
     </span>
    </p>
   </div>
   <div class='ocr_carea' id='block_1_73' title="bbox 2050 3874 3625 3947">
    <p class='ocr_par' dir='ltr' id='par_1_73' title="bbox 2050 3874 3625 3947">
     <span class='ocr_line' id='line_1_73' title="bbox 2050 3874 3625 3947; baseline 0 -19"><span class='ocrx_word' id='word_1_574' title='bbox 2050 3875 2480 3946; x_wconf 78' lang='grc' dir='ltr'>προσεύξασθαι.</span> <span class='ocrx_word' id='word_1_575' title='bbox 2505 3877 2564 3928; x_wconf 86' lang='grc' dir='ltr'>Ἠ</span> <span class='ocrx_word' id='word_1_576' title='bbox 2589 3876 2699 3945; x_wconf 81' lang='grc' dir='ltr'><strong>γὰρ</strong></span> <span class='ocrx_word' id='word_1_577' title='bbox 2724 3877 3002 3947; x_wconf 81' lang='grc' dir='ltr'>προσευχὴ</span> <span class='ocrx_word' id='word_1_578' title='bbox 3029 3876 3217 3945; x_wconf 82' lang='grc' dir='ltr'>ὁμιλία</span> <span class='ocrx_word' id='word_1_579' title='bbox 3245 3877 3360 3928; x_wconf 77' lang='grc' dir='ltr'><strong>ἐστὶ</strong></span> <span class='ocrx_word' id='word_1_580' title='bbox 3382 3877 3516 3946; x_wconf 88' lang='grc' dir='ltr'>πρὸς</span> <span class='ocrx_word' id='word_1_581' title='bbox 3533 3874 3625 3928; x_wconf 78' lang='grc' dir='ltr'>τὸν</span> 
     </span>
    </p>
   </div>
   <div class='ocr_carea' id='block_1_74' title="bbox 2049 3961 3624 4032">
    <p class='ocr_par' dir='ltr' id='par_1_74' title="bbox 2049 3961 3624 4032">
     <span class='ocr_line' id='line_1_74' title="bbox 2049 3961 3624 4032; baseline 0.001 -15"><span class='ocrx_word' id='word_1_582' title='bbox 2049 3965 2202 4020; x_wconf 81' lang='grc' dir='ltr'>Θεὸν.</span> <span class='ocrx_word' id='word_1_583' title='bbox 2255 3965 2418 4029; x_wconf 85' lang='grc' dir='ltr'>Ποίας</span> <span class='ocrx_word' id='word_1_584' title='bbox 2463 3961 2555 4020; x_wconf 81' lang='grc' dir='ltr'>οὖν</span> <span class='ocrx_word' id='word_1_585' title='bbox 2601 3967 2773 4018; x_wconf 87' lang='grc' dir='ltr'>δεῖται</span> <span class='ocrx_word' id='word_1_586' title='bbox 2821 3966 2848 4018; x_wconf 88' lang='grc' dir='ltr'>ὁ</span> <span class='ocrx_word' id='word_1_587' title='bbox 2891 3965 3017 4028; x_wconf 83' lang='grc' dir='ltr'>νοῦς</span> <span class='ocrx_word' id='word_1_588' title='bbox 3058 3968 3487 4032; x_wconf 75' lang='grc' dir='ltr'>καταστάσεως,</span> <span class='ocrx_word' id='word_1_589' title='bbox 3535 3967 3624 4019; x_wconf 80' lang='grc' dir='ltr'>ἵνα</span> 
     </span>
    </p>
   </div>
   <div class='ocr_carea' id='block_1_75' title="bbox 2048 4057 3622 4130">
    <p class='ocr_par' dir='ltr' id='par_1_75' title="bbox 2048 4057 3622 4130">
     <span class='ocr_line' id='line_1_75' title="bbox 2048 4057 3622 4130; baseline -0.001 -20"><span class='ocrx_word' id='word_1_590' title='bbox 2048 4058 2250 4129; x_wconf 80' lang='grc' dir='ltr'>δυνηθῇ</span> <span class='ocrx_word' id='word_1_591' title='bbox 2323 4060 2532 4128; x_wconf 81' lang='grc' dir='ltr'>ὁμιλεῖν</span> <span class='ocrx_word' id='word_1_592' title='bbox 2591 4058 2668 4128; x_wconf 81' lang='grc' dir='ltr'>τῷ</span> <span class='ocrx_word' id='word_1_593' title='bbox 2705 4059 2822 4128; x_wconf 83' lang='grc' dir='ltr'><strong>ἰδίῳ</strong></span> <span class='ocrx_word' id='word_1_594' title='bbox 2853 4060 3097 4130; x_wconf 79' lang='grc' dir='ltr'>Δεσπὸτῃ</span> <span class='ocrx_word' id='word_1_595' title='bbox 3137 4059 3362 4128; x_wconf 72' lang='grc' dir='ltr'>μηδενὸς</span> <span class='ocrx_word' id='word_1_596' title='bbox 3395 4057 3622 4127; x_wconf 75' lang='grc' dir='ltr'>ἐμποδὶ-</span> 
     </span>
    </p>
   </div>
   <div class='ocr_carea' id='block_1_76' title="bbox 2052 4147 3625 4220">
    <p class='ocr_par' dir='ltr' id='par_1_76' title="bbox 2052 4147 3625 4220">
     <span class='ocr_line' id='line_1_76' title="bbox 2052 4147 3625 4220; baseline 0 -21"><span class='ocrx_word' id='word_1_597' title='bbox 2052 4147 2233 4212; x_wconf 83' lang='grc' dir='ltr'>ζοντος</span> <span class='ocrx_word' id='word_1_598' title='bbox 2269 4147 2377 4199; x_wconf 87' lang='grc' dir='ltr'><strong>τῶν</strong></span> <span class='ocrx_word' id='word_1_599' title='bbox 2414 4147 2581 4213; x_wconf 82' lang='grc' dir='ltr'>ξένων</span> <span class='ocrx_word' id='word_1_600' title='bbox 2614 4147 2930 4220; x_wconf 88' lang='grc' dir='ltr'>λογισμῶν;</span> <span class='ocrx_word' id='word_1_601' title='bbox 2989 4151 3021 4218; x_wconf 83' lang='grc' dir='ltr'>ἠ</span> <span class='ocrx_word' id='word_1_602' title='bbox 3077 4149 3212 4216; x_wconf 72' lang='grc' dir='ltr'>μετὰ</span> <span class='ocrx_word' id='word_1_603' title='bbox 3252 4149 3480 4210; x_wconf 77' lang='grc' dir='ltr'>πένθους</span> <span class='ocrx_word' id='word_1_604' title='bbox 3528 4149 3625 4200; x_wconf 68' lang='grc' dir='ltr'><strong>καὶ</strong></span> 
     </span>
    </p>
   </div>
   <div class='ocr_carea' id='block_1_77' title="bbox 2050 4236 3619 4308">
    <p class='ocr_par' dir='ltr' id='par_1_77' title="bbox 2050 4236 3619 4308">
     <span class='ocr_line' id='line_1_77' title="bbox 2050 4236 3619 4308; baseline -0.003 -16"><span class='ocrx_word' id='word_1_605' title='bbox 2050 4238 2108 4292; x_wconf 77' lang='grc' dir='ltr'>ἐν</span> <span class='ocrx_word' id='word_1_606' title='bbox 2157 4236 2427 4306; x_wconf 83' lang='grc' dir='ltr'>πνεύματι</span> <span class='ocrx_word' id='word_1_607' title='bbox 2476 4238 2793 4308; x_wconf 73' lang='grc' dir='ltr'>προσευχὴ,</span> <span class='ocrx_word' id='word_1_608' title='bbox 2852 4239 3026 4308; x_wconf 74' lang='grc' dir='ltr'>τροφὴ</span> <span class='ocrx_word' id='word_1_609' title='bbox 3088 4237 3176 4288; x_wconf 87' lang='grc' dir='ltr'><strong>τοῦ</strong></span> <span class='ocrx_word' id='word_1_610' title='bbox 3222 4236 3315 4289; x_wconf 88' lang='grc' dir='ltr'><strong>νοῦ</strong></span> <span class='ocrx_word' id='word_1_611' title='bbox 3362 4237 3619 4304; x_wconf 65' lang='grc' dir='ltr'>ὑπάρχει,</span> 
     </span>
    </p>
   </div>
   <div class='ocr_carea' id='block_1_78' title="bbox 2051 4323 3623 4400">
    <p class='ocr_par' dir='ltr' id='par_1_78' title="bbox 2051 4323 3623 4400">
     <span class='ocr_line' id='line_1_78' title="bbox 2051 4323 3623 4400; baseline -0.003 -20"><span class='ocrx_word' id='word_1_612' title='bbox 2051 4328 2240 4399; x_wconf 85' lang='grc' dir='ltr'>ῶσπερ</span> <span class='ocrx_word' id='word_1_613' title='bbox 2293 4330 2320 4380; x_wconf 89' lang='grc' dir='ltr'>ὁ</span> <span class='ocrx_word' id='word_1_614' title='bbox 2363 4329 2527 4400; x_wconf 84' lang='grc' dir='ltr'>ἄρτος</span> <span class='ocrx_word' id='word_1_615' title='bbox 2578 4327 2672 4380; x_wconf 88' lang='grc' dir='ltr'><strong>τοῦ</strong></span> <span class='ocrx_word' id='word_1_616' title='bbox 2717 4328 2988 4397; x_wconf 85' lang='grc' dir='ltr'>σώματος.</span> <span class='ocrx_word' id='word_1_617' title='bbox 3043 4329 3329 4395; x_wconf 74' lang='grc' dir='ltr'>Μακάριος</span> <span class='ocrx_word' id='word_1_618' title='bbox 3355 4323 3448 4380; x_wconf 83' lang='grc' dir='ltr'>οὖν</span> <span class='ocrx_word' id='word_1_619' title='bbox 3478 4330 3623 4379; x_wconf 82' lang='grc' dir='ltr'>ἐστιν</span> 
     </span>
    </p>
   </div>
   <div class='ocr_carea' id='block_1_79' title="bbox 379 4418 1949 4504">
    <p class='ocr_par' dir='ltr' id='par_1_79' title="bbox 379 4426 1945 4497">
     <span class='ocr_line' id='line_1_79' title="bbox 379 4426 1945 4497; baseline 0.001 -19"><span class='ocrx_word' id='word_1_620' title='bbox 379 4426 582 4481; x_wconf 86' lang='lat' dir='ltr'><strong>mentis</strong></span> <span class='ocrx_word' id='word_1_621' title='bbox 620 4442 741 4482; x_wconf 90' lang='lat' dir='ltr'><strong>cum</strong></span> <span class='ocrx_word' id='word_1_622' title='bbox 787 4428 896 4481; x_wconf 89' lang='lat' dir='ltr'><strong>Deo</strong></span> <span class='ocrx_word' id='word_1_623' title='bbox 925 4429 1262 4497; x_wconf 75' lang='lat' dir='ltr'><strong>colloquium</strong></span> <span class='ocrx_word' id='word_1_624' title='bbox 1301 4445 1314 4478; x_wconf 88' lang='lat'><strong>:</strong></span> <span class='ocrx_word' id='word_1_625' title='bbox 1350 4443 1460 4496; x_wconf 90' lang='lat' dir='ltr'><strong>quo</strong></span> <span class='ocrx_word' id='word_1_626' title='bbox 1500 4427 1670 4495; x_wconf 86' lang='lat' dir='ltr'><strong>igitur</strong></span> <span class='ocrx_word' id='word_1_627' title='bbox 1717 4428 1771 4481; x_wconf 92' lang='lat' dir='ltr'><strong>in</strong></span> <span class='ocrx_word' id='word_1_628' title='bbox 1803 4435 1945 4481; x_wconf 86' lang='lat' dir='ltr'><strong>statu</strong></span> 
     </span>
    </p>
   </div>
   <div class='ocr_carea' id='block_1_80' title="bbox 2054 4418 3624 4504">
    <p class='ocr_par' dir='ltr' id='par_1_80' title="bbox 2054 4418 3624 4490">
     <span class='ocr_line' id='line_1_80' title="bbox 2054 4418 3624 4490; baseline -0.004 -16"><span class='ocrx_word' id='word_1_629' title='bbox 2054 4424 2080 4474; x_wconf 81' lang='grc' dir='ltr'>ὁ</span> <span class='ocrx_word' id='word_1_630' title='bbox 2110 4422 2230 4482; x_wconf 86' lang='grc' dir='ltr'>νοῦς</span> <span class='ocrx_word' id='word_1_631' title='bbox 2250 4461 2265 4486; x_wconf 89' lang='grc'><strong>,</strong></span> <span class='ocrx_word' id='word_1_632' title='bbox 2319 4420 2377 4483; x_wconf 84' lang='grc' dir='ltr'>ὃς</span> <span class='ocrx_word' id='word_1_633' title='bbox 2426 4421 2588 4490; x_wconf 28' lang='grc' dir='ltr'>κατὰ,</span> <span class='ocrx_word' id='word_1_634' title='bbox 2611 4419 2705 4471; x_wconf 74' lang='grc' dir='ltr'><strong>τὸν</strong></span> <span class='ocrx_word' id='word_1_635' title='bbox 2741 4420 2932 4488; x_wconf 67' lang='grc' dir='ltr'>καιρὸν</span> <span class='ocrx_word' id='word_1_636' title='bbox 2963 4419 3062 4488; x_wconf 81' lang='grc' dir='ltr'>τῆς</span> <span class='ocrx_word' id='word_1_637' title='bbox 3091 4418 3402 4486; x_wconf 81' lang='grc' dir='ltr'>προσευχῆς</span> <span class='ocrx_word' id='word_1_638' title='bbox 3428 4419 3624 4486; x_wconf 80' lang='grc' dir='ltr'>ἀπερι-</span> 
     </span>
    </p>
   </div>
   <div class='ocr_carea' id='block_1_81' title="bbox 380 4519 1947 4582">
    <p class='ocr_par' dir='ltr' id='par_1_81' title="bbox 380 4519 1947 4582">
     <span class='ocr_line' id='line_1_81' title="bbox 380 4519 1947 4582; baseline 0.002 -12"><span class='ocrx_word' id='word_1_639' title='bbox 380 4533 606 4571; x_wconf 69' lang='lat' dir='ltr'><strong>necessn</strong></span> <span class='ocrx_word' id='word_1_640' title='bbox 636 4527 722 4572; x_wconf 88' lang='lat' dir='ltr'><strong>est</strong></span> <span class='ocrx_word' id='word_1_641' title='bbox 768 4529 826 4571; x_wconf 89' lang='lat' dir='ltr'><strong>ut</strong></span> <span class='ocrx_word' id='word_1_642' title='bbox 868 4534 926 4572; x_wconf 78' lang='lat' dir='ltr'><strong>se</strong></span> <span class='ocrx_word' id='word_1_643' title='bbox 979 4536 1132 4574; x_wconf 90' lang='lat' dir='ltr'><strong>meus</strong></span> <span class='ocrx_word' id='word_1_644' title='bbox 1189 4519 1543 4573; x_wconf 80' lang='lat' dir='ltr'><strong>constabiliat</strong></span> <span class='ocrx_word' id='word_1_645' title='bbox 1592 4527 1648 4572; x_wconf 92' lang='lat' dir='ltr'><strong>et</strong></span> <span class='ocrx_word' id='word_1_646' title='bbox 1694 4521 1947 4582; x_wconf 83' lang='lat' dir='ltr'><strong>adornet,</strong></span> 
     </span>
    </p>
   </div>
   <div class='ocr_carea' id='block_1_82' title="bbox 380 4607 1951 4678">
    <p class='ocr_par' dir='ltr' id='par_1_82' title="bbox 380 4607 1951 4678">
     <span class='ocr_line' id='line_1_82' title="bbox 380 4607 1951 4678; baseline 0.001 -19"><span class='ocrx_word' id='word_1_647' title='bbox 380 4607 461 4660; x_wconf 87' lang='lat' dir='ltr'><strong>sic</strong></span> <span class='ocrx_word' id='word_1_648' title='bbox 487 4607 829 4660; x_wconf 76' lang='lat' dir='ltr'><strong>familiariter</strong></span> <span class='ocrx_word' id='word_1_649' title='bbox 855 4624 979 4661; x_wconf 77' lang='lat' dir='ltr'><strong>cum</strong></span> <span class='ocrx_word' id='word_1_650' title='bbox 1015 4609 1241 4677; x_wconf 91' lang='lat' dir='ltr'><strong>proprio</strong></span> <span class='ocrx_word' id='word_1_651' title='bbox 1272 4609 1505 4662; x_wconf 89' lang='lat' dir='ltr'><strong>Domino</strong></span> <span class='ocrx_word' id='word_1_652' title='bbox 1529 4623 1902 4678; x_wconf 78' lang='lat' dir='ltr'><strong>congressum</strong></span> <span class='ocrx_word' id='word_1_653' title='bbox 1927 4607 1951 4660; x_wconf 82' lang='lat'><strong>?</strong></span> 
     </span>
    </p>
   </div>
   <div class='ocr_carea' id='block_1_83' title="bbox 378 4698 1948 4769">
    <p class='ocr_par' dir='ltr' id='par_1_83' title="bbox 378 4698 1948 4769">
     <span class='ocr_line' id='line_1_83' title="bbox 378 4698 1948 4769; baseline 0 -17"><span class='ocrx_word' id='word_1_654' title='bbox 378 4698 652 4752; x_wconf 82' lang='lat' dir='ltr'><strong>Nimirum</strong></span> <span class='ocrx_word' id='word_1_655' title='bbox 709 4700 753 4754; x_wconf 90' lang='lat' dir='ltr'><strong>si</strong></span> <span class='ocrx_word' id='word_1_656' title='bbox 807 4701 945 4753; x_wconf 91' lang='lat' dir='ltr'><strong>nihil</strong></span> <span class='ocrx_word' id='word_1_657' title='bbox 997 4717 1116 4754; x_wconf 80' lang='lat' dir='ltr'><strong>eam</strong></span> <span class='ocrx_word' id='word_1_658' title='bbox 1185 4700 1550 4769; x_wconf 89' lang='lat' dir='ltr'><strong>intcrpellarit</strong></span> <span class='ocrx_word' id='word_1_659' title='bbox 1595 4710 1948 4754; x_wconf 79' lang='lat' dir='ltr'><strong>externarum</strong></span> 
     </span>
    </p>
   </div>
   <div class='ocr_carea' id='block_1_84' title="bbox 381 4790 1949 4861">
    <p class='ocr_par' dir='ltr' id='par_1_84' title="bbox 381 4790 1949 4861">
     <span class='ocr_line' id='line_1_84' title="bbox 381 4790 1949 4861; baseline 0 -17"><span class='ocrx_word' id='word_1_660' title='bbox 381 4790 797 4860; x_wconf 78' lang='lat' dir='ltr'><strong>cogitationum.</strong></span> <span class='ocrx_word' id='word_1_661' title='bbox 829 4791 1017 4845; x_wconf 86' lang='lat' dir='ltr'><strong>Oratio</strong></span> <span class='ocrx_word' id='word_1_662' title='bbox 1065 4807 1192 4846; x_wconf 89' lang='lat' dir='ltr'><strong>cum</strong></span> <span class='ocrx_word' id='word_1_663' title='bbox 1244 4793 1397 4846; x_wconf 85' lang='lat' dir='ltr'><strong>luetu</strong></span> <span class='ocrx_word' id='word_1_664' title='bbox 1435 4792 1727 4861; x_wconf 86' lang='lat' dir='ltr'><strong>conjuncta</strong></span> <span class='ocrx_word' id='word_1_665' title='bbox 1772 4801 1829 4845; x_wconf 92' lang='lat' dir='ltr'><strong>et</strong></span> <span class='ocrx_word' id='word_1_666' title='bbox 1881 4791 1949 4845; x_wconf 90' lang='lat' dir='ltr'><strong>ad</strong></span> 
     </span>
    </p>
   </div>
   <div class='ocr_carea' id='block_1_85' title="bbox 381 4878 1951 4948">
    <p class='ocr_par' dir='ltr' id='par_1_85' title="bbox 381 4878 1951 4948">
     <span class='ocr_line' id='line_1_85' title="bbox 381 4878 1951 4948; baseline 0.001 -16"><span class='ocrx_word' id='word_1_667' title='bbox 381 4878 552 4932; x_wconf 87' lang='lat' dir='ltr'><strong>Deum</strong></span> <span class='ocrx_word' id='word_1_668' title='bbox 591 4878 762 4931; x_wconf 58' lang='lat' dir='ltr'><strong>effusa</strong></span> <span class='ocrx_word' id='word_1_669' title='bbox 801 4879 856 4931; x_wconf 89' lang='lat' dir='ltr'><strong>in</strong></span> <span class='ocrx_word' id='word_1_670' title='bbox 908 4880 1125 4948; x_wconf 84' lang='lat' dir='ltr'><strong>spiritu,</strong></span> <span class='ocrx_word' id='word_1_671' title='bbox 1158 4881 1420 4935; x_wconf 89' lang='lat' dir='ltr'><strong>alimonia</strong></span> <span class='ocrx_word' id='word_1_672' title='bbox 1447 4881 1647 4935; x_wconf 88' lang='lat' dir='ltr'><strong>mentis</strong></span> <span class='ocrx_word' id='word_1_673' title='bbox 1673 4890 1778 4943; x_wconf 90' lang='lat' dir='ltr'><strong>est,</strong></span> <span class='ocrx_word' id='word_1_674' title='bbox 1808 4879 1951 4934; x_wconf 86' lang='lat' dir='ltr'><strong>haud</strong></span> 
     </span>
    </p>
   </div>
   <div class='ocr_carea' id='block_1_86' title="bbox 381 4972 1956 5040">
    <p class='ocr_par' dir='ltr' id='par_1_86' title="bbox 381 4972 1956 5040">
     <span class='ocr_line' id='line_1_86' title="bbox 381 4972 1956 5040; baseline 0.001 -16"><span class='ocrx_word' id='word_1_675' title='bbox 381 4986 541 5026; x_wconf 86' lang='lat' dir='ltr'><strong>secus</strong></span> <span class='ocrx_word' id='word_1_676' title='bbox 568 4986 632 5025; x_wconf 91' lang='lat' dir='ltr'><strong>ac</strong></span> <span class='ocrx_word' id='word_1_677' title='bbox 675 4973 832 5040; x_wconf 88' lang='lat' dir='ltr'><strong>panis</strong></span> <span class='ocrx_word' id='word_1_678' title='bbox 860 4973 1096 5038; x_wconf 80' lang='lat' dir='ltr'><strong>corpori.</strong></span> <span class='ocrx_word' id='word_1_679' title='bbox 1129 4973 1293 5027; x_wconf 88' lang='lat' dir='ltr'><strong>Beata</strong></span> <span class='ocrx_word' id='word_1_680' title='bbox 1340 4989 1470 5028; x_wconf 88' lang='lat' dir='ltr'><strong>sane</strong></span> <span class='ocrx_word' id='word_1_681' title='bbox 1507 4989 1668 5027; x_wconf 92' lang='lat' dir='ltr'><strong>mens</strong></span> <span class='ocrx_word' id='word_1_682' title='bbox 1699 4972 1790 5027; x_wconf 93' lang='lat' dir='ltr'><strong>cui</strong></span> <span class='ocrx_word' id='word_1_683' title='bbox 1817 4980 1956 5026; x_wconf 89' lang='lat' dir='ltr'><strong>tem-</strong></span> 
     </span>
    </p>
   </div>
   <div class='ocr_carea' id='block_1_87' title="bbox 384 5065 1952 5136">
    <p class='ocr_par' dir='ltr' id='par_1_87' title="bbox 384 5065 1952 5136">
     <span class='ocr_line' id='line_1_87' title="bbox 384 5065 1952 5136; baseline 0.002 -20"><span class='ocrx_word' id='word_1_684' title='bbox 384 5079 519 5132; x_wconf 89' lang='lat' dir='ltr'><strong>pore</strong></span> <span class='ocrx_word' id='word_1_685' title='bbox 547 5065 817 5120; x_wconf 85' lang='lat' dir='ltr'><strong>orationis</strong></span> <span class='ocrx_word' id='word_1_686' title='bbox 837 5065 1023 5119; x_wconf 89' lang='lat' dir='ltr'><strong>datum</strong></span> <span class='ocrx_word' id='word_1_687' title='bbox 1045 5072 1151 5129; x_wconf 87' lang='lat' dir='ltr'><strong>est,</strong></span> <span class='ocrx_word' id='word_1_688' title='bbox 1185 5065 1348 5118; x_wconf 77' lang='lat' dir='ltr'><strong>nullis</strong></span> <span class='ocrx_word' id='word_1_689' title='bbox 1381 5081 1439 5120; x_wconf 89' lang='lat' dir='ltr'><strong>se</strong></span> <span class='ocrx_word' id='word_1_690' title='bbox 1463 5065 1952 5136; x_wconf 88' lang='lat' dir='ltr'><strong>interpellantibus</strong></span> 
     </span>
    </p>
   </div>
   <div class='ocr_carea' id='block_1_88' title="bbox 385 5156 1954 5226">
    <p class='ocr_par' dir='ltr' id='par_1_88' title="bbox 385 5156 1954 5226">
     <span class='ocr_line' id='line_1_88' title="bbox 385 5156 1954 5226; baseline 0.003 -21"><span class='ocrx_word' id='word_1_691' title='bbox 385 5156 621 5208; x_wconf 86' lang='lat' dir='ltr'><strong>remoris</strong></span> <span class='ocrx_word' id='word_1_692' title='bbox 652 5156 822 5210; x_wconf 90' lang='lat' dir='ltr'><strong>Deum</strong></span> <span class='ocrx_word' id='word_1_693' title='bbox 855 5172 1017 5226; x_wconf 84' lang='lat' dir='ltr'><strong>posse</strong></span> <span class='ocrx_word' id='word_1_694' title='bbox 1059 5156 1284 5222; x_wconf 85' lang='lat' dir='ltr'><strong>alloqui.</strong></span> <span class='ocrx_word' id='word_1_695' title='bbox 1325 5156 1474 5211; x_wconf 89' lang='lat' dir='ltr'><strong>Talis</strong></span> <span class='ocrx_word' id='word_1_696' title='bbox 1505 5157 1738 5226; x_wconf 86' lang='lat' dir='ltr'><strong>perinde</strong></span> <span class='ocrx_word' id='word_1_697' title='bbox 1767 5173 1825 5211; x_wconf 89' lang='lat' dir='ltr'><strong>se</strong></span> <span class='ocrx_word' id='word_1_698' title='bbox 1852 5157 1954 5210; x_wconf 83' lang='lat' dir='ltr'><strong>ha—</strong></span> 
     </span>
    </p>
   </div>
   <div class='ocr_carea' id='block_1_89' title="bbox 385 5243 1954 5316">
    <p class='ocr_par' dir='ltr' id='par_1_89' title="bbox 385 5243 1954 5316">
     <span class='ocr_line' id='line_1_89' title="bbox 385 5243 1954 5316; baseline 0.001 -20"><span class='ocrx_word' id='word_1_699' title='bbox 385 5243 501 5306; x_wconf 75' lang='lat' dir='ltr'><strong>bt-t,</strong></span> <span class='ocrx_word' id='word_1_700' title='bbox 535 5255 594 5298; x_wconf 90' lang='lat' dir='ltr'><strong>ut</strong></span> <span class='ocrx_word' id='word_1_701' title='bbox 627 5246 824 5314; x_wconf 73' lang='lat' dir='ltr'><strong>aquilae</strong></span> <span class='ocrx_word' id='word_1_702' title='bbox 876 5247 1080 5316; x_wconf 90' lang='lat' dir='ltr'><strong>pullus,</strong></span> <span class='ocrx_word' id='word_1_703' title='bbox 1117 5246 1249 5300; x_wconf 91' lang='lat' dir='ltr'><strong>dum</strong></span> <span class='ocrx_word' id='word_1_704' title='bbox 1290 5261 1411 5301; x_wconf 82' lang='lat' dir='ltr'><strong>sese</strong></span> <span class='ocrx_word' id='word_1_705' title='bbox 1443 5246 1498 5300; x_wconf 93' lang='lat' dir='ltr'><strong>in</strong></span> <span class='ocrx_word' id='word_1_706' title='bbox 1529 5247 1761 5302; x_wconf 89' lang='lat' dir='ltr'><strong>sublime</strong></span> <span class='ocrx_word' id='word_1_707' title='bbox 1790 5246 1954 5300; x_wconf 88' lang='lat' dir='ltr'><strong>attol-</strong></span> 
     </span>
    </p>
   </div>
   <div class='ocr_carea' id='block_1_90' title="bbox 389 5336 1956 5410">
    <p class='ocr_par' dir='ltr' id='par_1_90' title="bbox 389 5336 1956 5410">
     <span class='ocr_line' id='line_1_90' title="bbox 389 5336 1956 5410; baseline 0.002 -20"><span class='ocrx_word' id='word_1_708' title='bbox 389 5337 472 5392; x_wconf 83' lang='lat' dir='ltr'><strong>lit.</strong></span> <span class='ocrx_word' id='word_1_709' title='bbox 497 5336 632 5392; x_wconf 91' lang='lat' dir='ltr'><strong>&#39;l‘ota</strong></span> <span class='ocrx_word' id='word_1_710' title='bbox 664 5342 810 5393; x_wconf 90' lang='lat' dir='ltr'><strong>enim</strong></span> <span class='ocrx_word' id='word_1_711' title='bbox 835 5340 976 5395; x_wconf 83' lang='lat' dir='ltr'><strong>felici</strong></span> <span class='ocrx_word' id='word_1_712' title='bbox 1011 5357 1210 5410; x_wconf 87' lang='lat' dir='ltr'><strong>nempe</strong></span> <span class='ocrx_word' id='word_1_713' title='bbox 1245 5356 1307 5396; x_wconf 92' lang='lat' dir='ltr'><strong>ac</strong></span> <span class='ocrx_word' id='word_1_714' title='bbox 1337 5340 1522 5395; x_wconf 85' lang='lat' dir='ltr'><strong>divina</strong></span> <span class='ocrx_word' id='word_1_715' title='bbox 1550 5341 1956 5410; x_wconf 89' lang='lat' dir='ltr'><strong>permutatione</strong></span> 
     </span>
    </p>
   </div>
   <div class='ocr_carea' id='block_1_91' title="bbox 389 5429 1953 5502">
    <p class='ocr_par' dir='ltr' id='par_1_91' title="bbox 389 5429 1953 5502">
     <span class='ocr_line' id='line_1_91' title="bbox 389 5429 1953 5502; baseline -0.001 -18"><span class='ocrx_word' id='word_1_716' title='bbox 389 5444 418 5484; x_wconf 83' lang='lat' dir='ltr'><strong>a</strong></span> <span class='ocrx_word' id='word_1_717' title='bbox 462 5444 522 5484; x_wconf 86' lang='lat' dir='ltr'><strong>se</strong></span> <span class='ocrx_word' id='word_1_718' title='bbox 572 5430 832 5497; x_wconf 87' lang='lat' dir='ltr'><strong>alienata,</strong></span> <span class='ocrx_word' id='word_1_719' title='bbox 888 5433 1112 5487; x_wconf 88' lang='lat' dir='ltr'><strong>radioso</strong></span> <span class='ocrx_word' id='word_1_720' title='bbox 1151 5433 1446 5502; x_wconf 82' lang='lat' dir='ltr'><strong>splendore</strong></span> <span class='ocrx_word' id='word_1_721' title='bbox 1498 5431 1838 5487; x_wconf 87' lang='lat' dir='ltr'><strong>intermicat.</strong></span> <span class='ocrx_word' id='word_1_722' title='bbox 1873 5429 1953 5483; x_wconf 80' lang='lat' dir='ltr'><strong>Ad</strong></span> 
     </span>
    </p>
   </div>
   <div class='ocr_carea' id='block_1_92' title="bbox 390 5520 1955 5594">
    <p class='ocr_par' dir='ltr' id='par_1_92' title="bbox 390 5520 1955 5594">
     <span class='ocr_line' id='line_1_92' title="bbox 390 5520 1955 5594; baseline 0.003 -23"><span class='ocrx_word' id='word_1_723' title='bbox 390 5520 698 5576; x_wconf 80' lang='lat' dir='ltr'><strong>orationem</strong></span> <span class='ocrx_word' id='word_1_724' title='bbox 745 5524 875 5578; x_wconf 89' lang='lat' dir='ltr'><strong>dum</strong></span> <span class='ocrx_word' id='word_1_725' title='bbox 920 5524 1308 5586; x_wconf 89' lang='lat' dir='ltr'><strong>consistemus,</strong></span> <span class='ocrx_word' id='word_1_726' title='bbox 1343 5539 1443 5578; x_wconf 88' lang='lat' dir='ltr'><strong>ceu</strong></span> <span class='ocrx_word' id='word_1_727' title='bbox 1474 5525 1795 5594; x_wconf 69' lang='lat' dir='ltr'><strong>prredietum</strong></span> <span class='ocrx_word' id='word_1_728' title='bbox 1838 5531 1955 5585; x_wconf 84' lang='lat' dir='ltr'><strong>est;</strong></span> 
     </span>
    </p>
   </div>
   <div class='ocr_carea' id='block_1_93' title="bbox 461 5677 1360 5747">
    <p class='ocr_par' dir='ltr' id='par_1_93' title="bbox 461 5677 1360 5747">
     <span class='ocr_line' id='line_1_93' title="bbox 461 5677 1360 5747; baseline 0.004 -14"><span class='ocrx_word' id='word_1_729' title='bbox 461 5677 486 5713; x_wconf 73' lang='grc'><strong>’⁸</strong></span> <span class='ocrx_word' id='word_1_730' title='bbox 524 5679 680 5734; x_wconf 81' lang='lat' dir='ltr'><strong>Rom.</strong></span> <span class='ocrx_word' id='word_1_731' title='bbox 717 5697 806 5747; x_wconf 83' lang='lat' dir='ltr'><strong>xu,</strong></span> <span class='ocrx_word' id='word_1_732' title='bbox 840 5683 887 5739; x_wconf 84' lang='grc' dir='ltr'>Ι.</span> <span class='ocrx_word' id='word_1_733' title='bbox 965 5685 982 5713; x_wconf 85' lang='grc'><strong>⁵</strong></span> <span class='ocrx_word' id='word_1_734' title='bbox 1026 5683 1138 5737; x_wconf 82' lang='lat' dir='ltr'><strong>Jac.</strong></span> <span class='ocrx_word' id='word_1_735' title='bbox 1183 5701 1232 5746; x_wconf 88' lang='lat' dir='ltr'><strong>v,</strong></span> <span class='ocrx_word' id='word_1_736' title='bbox 1284 5685 1360 5737; x_wconf 75' lang='lat' dir='ltr'><strong>I5.</strong></span> 
     </span>
    </p>
   </div>
   <div class='ocr_carea' id='block_1_94' title="bbox 1438 5681 2420 5747">
    <p class='ocr_par' dir='ltr' id='par_1_94' title="bbox 1438 5681 2420 5747">
     <span class='ocr_line' id='line_1_94' title="bbox 1438 5681 2420 5747; baseline -0.005 -9"><span class='ocrx_word' id='word_1_737' title='bbox 1438 5686 1456 5716; x_wconf 84' lang='grc'><strong><em>⁶</em></strong></span> <span class='ocrx_word' id='word_1_738' title='bbox 1493 5684 1660 5738; x_wconf 77' lang='grc' dir='ltr'>Ει·οΙί.</span> <span class='ocrx_word' id='word_1_739' title='bbox 1702 5700 1789 5747; x_wconf 78' lang='lat' dir='ltr'><strong>xv,</strong></span> <span class='ocrx_word' id='word_1_740' title='bbox 1832 5686 1882 5738; x_wconf 85' lang='lat'><strong>9.</strong></span> <span class='ocrx_word' id='word_1_741' title='bbox 1956 5682 1975 5711; x_wconf 83' lang='grc'><strong>⁷</strong></span> <span class='ocrx_word' id='word_1_742' title='bbox 2014 5681 2203 5736; x_wconf 71' lang='lat' dir='ltr'><strong>Matth.</strong></span> <span class='ocrx_word' id='word_1_743' title='bbox 2241 5697 2291 5743; x_wconf 88' lang='lat' dir='ltr'><strong>v,</strong></span> <span class='ocrx_word' id='word_1_744' title='bbox 2331 5681 2420 5734; x_wconf 66' lang='grc' dir='ltr'><strong>ει.</strong></span> 
     </span>
    </p>
   </div>
   <div class='ocr_carea' id='block_1_95' title="bbox 2057 4509 3627 4582">
    <p class='ocr_par' dir='ltr' id='par_1_95' title="bbox 2057 4509 3627 4582">
     <span class='ocr_line' id='line_1_95' title="bbox 2057 4509 3627 4582; baseline -0.003 -18"><span class='ocrx_word' id='word_1_745' title='bbox 2057 4513 2312 4576; x_wconf 81' lang='grc' dir='ltr'>σπάστως</span> <span class='ocrx_word' id='word_1_746' title='bbox 2343 4511 2420 4580; x_wconf 83' lang='grc' dir='ltr'>τῷ</span> <span class='ocrx_word' id='word_1_747' title='bbox 2447 4511 2564 4582; x_wconf 81' lang='grc' dir='ltr'>Θεῷ</span> <span class='ocrx_word' id='word_1_748' title='bbox 2593 4511 2934 4580; x_wconf 86' lang='grc' dir='ltr'>προσομιλεῖ.</span> <span class='ocrx_word' id='word_1_749' title='bbox 2965 4510 3022 4562; x_wconf 86' lang='grc'><strong>’0</strong></span> <span class='ocrx_word' id='word_1_750' title='bbox 3048 4509 3288 4570; x_wconf 86' lang='grc' dir='ltr'>τοιοῦτος</span> <span class='ocrx_word' id='word_1_751' title='bbox 3310 4509 3384 4571; x_wconf 85' lang='grc' dir='ltr'>ὡς</span> <span class='ocrx_word' id='word_1_752' title='bbox 3410 4511 3627 4569; x_wconf 74' lang='grc' dir='ltr'>νεοσσὸς</span> 
     </span>
    </p>
   </div>
   <div class='ocr_carea' id='block_1_96' title="bbox 2055 4600 3626 4670">
    <p class='ocr_par' dir='ltr' id='par_1_96' title="bbox 2055 4600 3626 4670">
     <span class='ocr_line' id='line_1_96' title="bbox 2055 4600 3626 4670; baseline -0.006 -13"><span class='ocrx_word' id='word_1_753' title='bbox 2055 4602 2215 4657; x_wconf 78' lang='grc' dir='ltr'>ἀετοῦ</span> <span class='ocrx_word' id='word_1_754' title='bbox 2261 4605 2341 4664; x_wconf 79' lang='grc' dir='ltr'>εἰς</span> <span class='ocrx_word' id='word_1_755' title='bbox 2379 4602 2513 4670; x_wconf 71' lang='grc' dir='ltr'>ὕψος</span> <span class='ocrx_word' id='word_1_756' title='bbox 2559 4603 2806 4670; x_wconf 79' lang='grc' dir='ltr'>αἴρεται·</span> <span class='ocrx_word' id='word_1_757' title='bbox 2860 4601 2956 4654; x_wconf 70' lang='grc' dir='ltr'><strong>καὶ</strong></span> <span class='ocrx_word' id='word_1_758' title='bbox 2990 4601 3127 4661; x_wconf 84' lang='grc' dir='ltr'>ὅλως</span> <span class='ocrx_word' id='word_1_759' title='bbox 3159 4600 3525 4669; x_wconf 80' lang='grc' dir='ltr'>ὴλλοιωμὲνος</span> <span class='ocrx_word' id='word_1_760' title='bbox 3562 4601 3626 4666; x_wconf 80' lang='grc' dir='ltr'>τῇ</span> 
     </span>
    </p>
   </div>
   <div class='ocr_carea' id='block_1_97' title="bbox 2056 4690 3628 4760">
    <p class='ocr_par' dir='ltr' id='par_1_97' title="bbox 2056 4690 3628 4760">
     <span class='ocr_line' id='line_1_97' title="bbox 2056 4690 3628 4760; baseline -0.002 -14"><span class='ocrx_word' id='word_1_761' title='bbox 2056 4693 2148 4746; x_wconf 78' lang='grc' dir='ltr'><strong>τοῦ</strong></span> <span class='ocrx_word' id='word_1_762' title='bbox 2198 4691 2332 4746; x_wconf 86' lang='grc' dir='ltr'>Θεοῦ</span> <span class='ocrx_word' id='word_1_763' title='bbox 2386 4692 2672 4744; x_wconf 79' lang='grc' dir='ltr'>ἀλλοιώσει</span> <span class='ocrx_word' id='word_1_764' title='bbox 2722 4692 3021 4760; x_wconf 81' lang='grc' dir='ltr'>φωτοειδὴς</span> <span class='ocrx_word' id='word_1_765' title='bbox 3067 4692 3298 4758; x_wconf 79' lang='grc' dir='ltr'>γίνεται.</span> <span class='ocrx_word' id='word_1_766' title='bbox 3357 4690 3467 4742; x_wconf 77' lang='grc' dir='ltr'><strong>Καὶ</strong></span> <span class='ocrx_word' id='word_1_767' title='bbox 3501 4691 3628 4743; x_wconf 75' lang='grc' dir='ltr'>ὅταν</span> 
     </span>
    </p>
   </div>
   <div class='ocr_carea' id='block_1_98' title="bbox 2056 4781 3631 4854">
    <p class='ocr_par' dir='ltr' id='par_1_98' title="bbox 2056 4781 3631 4854">
     <span class='ocr_line' id='line_1_98' title="bbox 2056 4781 3631 4854; baseline -0.003 -17"><span class='ocrx_word' id='word_1_768' title='bbox 2056 4788 2135 4848; x_wconf 85' lang='grc' dir='ltr'><strong>εἰς</strong></span> <span class='ocrx_word' id='word_1_769' title='bbox 2164 4786 2328 4854; x_wconf 77' lang='grc' dir='ltr'>εὐχὴν</span> <span class='ocrx_word' id='word_1_770' title='bbox 2363 4785 2602 4853; x_wconf 81' lang='grc' dir='ltr'>στῶμεν,</span> <span class='ocrx_word' id='word_1_771' title='bbox 2635 4787 2709 4853; x_wconf 86' lang='grc' dir='ltr'><strong>μὴ</strong></span> <span class='ocrx_word' id='word_1_772' title='bbox 2737 4785 3024 4853; x_wconf 83' lang='grc' dir='ltr'>εὐξώμεθα</span> <span class='ocrx_word' id='word_1_773' title='bbox 3056 4783 3212 4851; x_wconf 77' lang='grc' dir='ltr'>ἡμῶν</span> <span class='ocrx_word' id='word_1_774' title='bbox 3243 4783 3454 4852; x_wconf 81' lang='grc' dir='ltr'>θέλημα</span> <span class='ocrx_word' id='word_1_775' title='bbox 3479 4781 3631 4848; x_wconf 80' lang='grc' dir='ltr'>γενέ-</span> 
     </span>
    </p>
   </div>
   <div class='ocr_carea' id='block_1_99' title="bbox 2059 4874 3631 4947">
    <p class='ocr_par' dir='ltr' id='par_1_99' title="bbox 2059 4874 3631 4947">
     <span class='ocr_line' id='line_1_99' title="bbox 2059 4874 3631 4947; baseline -0.004 -17"><span class='ocrx_word' id='word_1_776' title='bbox 2059 4877 2204 4939; x_wconf 86' lang='grc' dir='ltr'>σθαι,</span> <span class='ocrx_word' id='word_1_777' title='bbox 2241 4876 2425 4939; x_wconf 84' lang='grc' dir='ltr'>καθὼς</span> <span class='ocrx_word' id='word_1_778' title='bbox 2458 4877 2698 4947; x_wconf 83' lang='grc' dir='ltr'>εἴρηται,</span> <span class='ocrx_word' id='word_1_779' title='bbox 2738 4877 2877 4928; x_wconf 83' lang='grc' dir='ltr'>ἀλλά</span> <span class='ocrx_word' id='word_1_780' title='bbox 2905 4875 2966 4927; x_wconf 83' lang='grc' dir='ltr'>τὸ</span> <span class='ocrx_word' id='word_1_781' title='bbox 2993 4875 3086 4927; x_wconf 88' lang='grc' dir='ltr'><strong>τοῦ</strong></span> <span class='ocrx_word' id='word_1_782' title='bbox 3114 4874 3248 4927; x_wconf 82' lang='grc' dir='ltr'>Θεοῦ</span> <span class='ocrx_word' id='word_1_783' title='bbox 3271 4892 3282 4903; x_wconf 92' lang='grc'>·</span> <span class='ocrx_word' id='word_1_784' title='bbox 3323 4874 3502 4936; x_wconf 82' lang='grc' dir='ltr'>καθὼς</span> <span class='ocrx_word' id='word_1_785' title='bbox 3535 4875 3631 4928; x_wconf 54' lang='grc' dir='ltr'><strong>καλ⁵</strong></span> 
     </span>
    </p>
   </div>
   <div class='ocr_carea' id='block_1_100' title="bbox 2055 4967 3628 5038">
    <p class='ocr_par' dir='ltr' id='par_1_100' title="bbox 2055 4967 3628 5038">
     <span class='ocr_line' id='line_1_100' title="bbox 2055 4967 3628 5038; baseline -0.003 -17"><span class='ocrx_word' id='word_1_786' title='bbox 2055 4969 2414 5038; x_wconf 79' lang='grc' dir='ltr'>ἐδιδάχθημεν</span> <span class='ocrx_word' id='word_1_787' title='bbox 2438 4986 2451 4998; x_wconf 71' lang='grc'>³</span> <span class='ocrx_word' id='word_1_788' title='bbox 2499 4988 2517 5020; x_wconf 87' lang='grc'><strong><em>‹</em></strong></span> <span class='ocrx_word' id='word_1_789' title='bbox 2551 4968 2844 5038; x_wconf 84' lang='grc' dir='ltr'>Γενηθήτω</span> <span class='ocrx_word' id='word_1_790' title='bbox 2875 4967 2938 5020; x_wconf 74' lang='grc' dir='ltr'><strong>τὸ</strong></span> <span class='ocrx_word' id='word_1_791' title='bbox 2968 4967 3180 5037; x_wconf 86' lang='grc' dir='ltr'>θέλημά</span> <span class='ocrx_word' id='word_1_792' title='bbox 3213 4984 3304 5019; x_wconf 86' lang='grc' dir='ltr'><strong>σου</strong></span> <span class='ocrx_word' id='word_1_793' title='bbox 3334 4986 3351 5017; x_wconf 76' lang='grc' dir='ltr'><strong>ι</strong></span> <span class='ocrx_word' id='word_1_794' title='bbox 3393 4968 3450 5018; x_wconf 83' lang='grc' dir='ltr'>ἐν</span> <span class='ocrx_word' id='word_1_795' title='bbox 3483 4968 3628 5036; x_wconf 77' lang='grc' dir='ltr'>ἐμοὶ,</span> 
     </span>
    </p>
   </div>
   <div class='ocr_carea' id='block_1_101' title="bbox 2056 5058 3630 5132">
    <p class='ocr_par' dir='ltr' id='par_1_101' title="bbox 2056 5058 3630 5132">
     <span class='ocr_line' id='line_1_101' title="bbox 2056 5058 3630 5132; baseline -0.003 -19"><span class='ocrx_word' id='word_1_796' title='bbox 2056 5061 2150 5113; x_wconf 67' lang='grc' dir='ltr'><strong>καὶ</strong></span> <span class='ocrx_word' id='word_1_797' title='bbox 2181 5061 2275 5112; x_wconf 75' lang='grc' dir='ltr'><strong>ἐπὶ</strong></span> <span class='ocrx_word' id='word_1_798' title='bbox 2307 5061 2471 5114; x_wconf 75' lang='grc' dir='ltr'>παντὶ</span> <span class='ocrx_word' id='word_1_799' title='bbox 2498 5060 2816 5132; x_wconf 76' lang='grc' dir='ltr'>πράγματι,</span> <span class='ocrx_word' id='word_1_800' title='bbox 2855 5059 2944 5112; x_wconf 81' lang='grc' dir='ltr'>ἵνα</span> <span class='ocrx_word' id='word_1_801' title='bbox 2973 5058 3146 5121; x_wconf 77' lang='grc' dir='ltr'>οὕτως</span> <span class='ocrx_word' id='word_1_802' title='bbox 3176 5059 3334 5110; x_wconf 64' lang='grc' dir='ltr'>αὐτὸν</span> <span class='ocrx_word' id='word_1_803' title='bbox 3362 5059 3630 5126; x_wconf 80' lang='grc' dir='ltr'>αἰτῶμεν,</span> 
     </span>
    </p>
   </div>
   <div class='ocr_carea' id='block_1_102' title="bbox 2052 5148 3635 5220">
    <p class='ocr_par' dir='ltr' id='par_1_102' title="bbox 2052 5148 3635 5220">
     <span class='ocr_line' id='line_1_102' title="bbox 2052 5148 3635 5220; baseline -0.005 -14"><span class='ocrx_word' id='word_1_804' title='bbox 2052 5153 2200 5215; x_wconf 84' lang='grc' dir='ltr'>ὃπως</span> <span class='ocrx_word' id='word_1_805' title='bbox 2227 5151 2288 5202; x_wconf 77' lang='grc' dir='ltr'>τὸ</span> <span class='ocrx_word' id='word_1_806' title='bbox 2314 5149 2480 5203; x_wconf 86' lang='grc' dir='ltr'>αὐτοῦ</span> <span class='ocrx_word' id='word_1_807' title='bbox 2509 5150 2735 5220; x_wconf 84' lang='grc' dir='ltr'>γένηται</span> <span class='ocrx_word' id='word_1_808' title='bbox 2759 5149 2996 5219; x_wconf 82' lang='grc' dir='ltr'>θέλημα.</span> <span class='ocrx_word' id='word_1_809' title='bbox 3023 5149 3179 5200; x_wconf 78' lang='grc' dir='ltr'>Θέλει</span> <span class='ocrx_word' id='word_1_810' title='bbox 3205 5149 3311 5217; x_wconf 79' lang='grc' dir='ltr'><strong>γάρ</strong></span> <span class='ocrx_word' id='word_1_811' title='bbox 3338 5148 3396 5199; x_wconf 72' lang='grc' dir='ltr'><strong>τὸ</strong></span> <span class='ocrx_word' id='word_1_812' title='bbox 3425 5149 3635 5214; x_wconf 66' lang='grc' dir='ltr'>ἀγαθον</span> 
     </span>
    </p>
   </div>
   <div class='ocr_carea' id='block_1_103' title="bbox 2059 5239 3636 5313">
    <p class='ocr_par' dir='ltr' id='par_1_103' title="bbox 2059 5239 3636 5313">
     <span class='ocr_line' id='line_1_103' title="bbox 2059 5239 3636 5313; baseline -0.006 -15"><span class='ocrx_word' id='word_1_813' title='bbox 2059 5244 2153 5298; x_wconf 76' lang='grc' dir='ltr'><strong>καὶ</strong></span> <span class='ocrx_word' id='word_1_814' title='bbox 2184 5243 2461 5313; x_wconf 74' lang='grc' dir='ltr'>συμφέρον</span> <span class='ocrx_word' id='word_1_815' title='bbox 2493 5245 2558 5313; x_wconf 79' lang='grc' dir='ltr'>τῇ</span> <span class='ocrx_word' id='word_1_816' title='bbox 2588 5241 2758 5311; x_wconf 72' lang='grc' dir='ltr'>ψυχῇ.</span> <span class='ocrx_word' id='word_1_817' title='bbox 2812 5243 3006 5310; x_wconf 84' lang='grc' dir='ltr'>Ἡμεῖς</span> <span class='ocrx_word' id='word_1_818' title='bbox 3039 5241 3096 5293; x_wconf 81' lang='grc' dir='ltr'>δὲ</span> <span class='ocrx_word' id='word_1_819' title='bbox 3140 5242 3200 5293; x_wconf 76' lang='grc' dir='ltr'><strong>οὐ</strong></span> <span class='ocrx_word' id='word_1_820' title='bbox 3231 5241 3446 5301; x_wconf 86' lang='grc' dir='ltr'>πάντως</span> <span class='ocrx_word' id='word_1_821' title='bbox 3475 5239 3636 5290; x_wconf 85' lang='grc' dir='ltr'>τοῦτο</span> 
     </span>
    </p>
   </div>
   <div class='ocr_carea' id='block_1_104' title="bbox 2067 5331 3637 5404">
    <p class='ocr_par' dir='ltr' id='par_1_104' title="bbox 2067 5331 3637 5404">
     <span class='ocr_line' id='line_1_104' title="bbox 2067 5331 3637 5404; baseline -0.003 -16"><span class='ocrx_word' id='word_1_822' title='bbox 2067 5335 2357 5404; x_wconf 75' lang='grc' dir='ltr'>ζητοῦμεν,</span> <span class='ocrx_word' id='word_1_823' title='bbox 2399 5335 2598 5404; x_wconf 83' lang='grc' dir='ltr'>μᾶλλον</span> <span class='ocrx_word' id='word_1_824' title='bbox 2629 5334 2687 5387; x_wconf 82' lang='grc' dir='ltr'>δὲ</span> <span class='ocrx_word' id='word_1_825' title='bbox 2718 5332 3077 5402; x_wconf 77' lang='grc' dir='ltr'>ταλανίζομεν</span> <span class='ocrx_word' id='word_1_826' title='bbox 3111 5334 3334 5394; x_wconf 77' lang='grc' dir='ltr'>ἑαυτοὺς</span> <span class='ocrx_word' id='word_1_827' title='bbox 3367 5331 3460 5383; x_wconf 76' lang='grc' dir='ltr'><strong>καὶ</strong></span> <span class='ocrx_word' id='word_1_828' title='bbox 3497 5333 3637 5399; x_wconf 74' lang='grc' dir='ltr'>μετὰ</span> 
     </span>
    </p>
   </div>
   <div class='ocr_carea' id='block_1_105' title="bbox 2068 5423 3642 5493">
    <p class='ocr_par' dir='ltr' id='par_1_105' title="bbox 2068 5423 3642 5493">
     <span class='ocr_line' id='line_1_105' title="bbox 2068 5423 3642 5493; baseline -0.004 -12"><span class='ocrx_word' id='word_1_829' title='bbox 2068 5427 2269 5481; x_wconf 83' lang='grc' dir='ltr'>πολλοῦ</span> <span class='ocrx_word' id='word_1_830' title='bbox 2302 5427 2560 5489; x_wconf 69' lang='grc' dir='ltr'>πένθουςο</span> <span class='ocrx_word' id='word_1_831' title='bbox 2598 5427 2682 5478; x_wconf 81' lang='grc' dir='ltr'>ὅτι</span> <span class='ocrx_word' id='word_1_832' title='bbox 2718 5425 2890 5485; x_wconf 81' lang='grc' dir='ltr'>οὕτως</span> <span class='ocrx_word' id='word_1_833' title='bbox 2916 5423 3218 5493; x_wconf 80' lang='grc' dir='ltr'>ἀκάθαρτοι</span> <span class='ocrx_word' id='word_1_834' title='bbox 3246 5425 3398 5486; x_wconf 69' lang='grc' dir='ltr'>ὄντες</span> <span class='ocrx_word' id='word_1_835' title='bbox 3424 5423 3642 5493; x_wconf 83' lang='grc' dir='ltr'>τολμῶ-</span> 
     </span>
    </p>
   </div>
   <div class='ocr_carea' id='block_1_106' title="bbox 2069 5511 3640 5591">
    <p class='ocr_par' dir='ltr' id='par_1_106' title="bbox 2069 5511 3640 5591">
     <span class='ocr_line' id='line_1_106' title="bbox 2069 5511 3640 5591; baseline -0.004 -18"><span class='ocrx_word' id='word_1_836' title='bbox 2069 5539 2167 5591; x_wconf 88' lang='grc' dir='ltr'><strong>μεν</strong></span> <span class='ocrx_word' id='word_1_837' title='bbox 2198 5520 2390 5589; x_wconf 80' lang='grc' dir='ltr'>Κυρίῳ</span> <span class='ocrx_word' id='word_1_838' title='bbox 2415 5517 2676 5572; x_wconf 75' lang='grc' dir='ltr'>Σαϐϐαὼθ</span> <span class='ocrx_word' id='word_1_839' title='bbox 2711 5519 3064 5588; x_wconf 88' lang='grc' dir='ltr'>παριστάναι.</span> <span class='ocrx_word' id='word_1_840' title='bbox 3102 5518 3158 5572; x_wconf 86' lang='grc' dir='ltr'>Ὀ</span> <span class='ocrx_word' id='word_1_841' title='bbox 3187 5517 3510 5586; x_wconf 77' lang='grc' dir='ltr'>βουλόμενος</span> <span class='ocrx_word' id='word_1_842' title='bbox 3542 5511 3640 5569; x_wconf 76' lang='grc' dir='ltr'>οὖν</span> 
     </span>
    </p>
   </div>
   <div class='ocr_carea' id='block_1_107' title="bbox 2495 5675 3488 5744">
    <p class='ocr_par' dir='ltr' id='par_1_107' title="bbox 2495 5675 3488 5744">
     <span class='ocr_line' id='line_1_107' title="bbox 2495 5675 3488 5744; baseline -0.002 -11"><span class='ocrx_word' id='word_1_843' title='bbox 2495 5681 2514 5710; x_wconf 82' lang='grc'><strong><em>⁸</em></strong></span> <span class='ocrx_word' id='word_1_844' title='bbox 2571 5680 2758 5734; x_wconf 79' lang='lat' dir='ltr'><strong>Matth.</strong></span> <span class='ocrx_word' id='word_1_845' title='bbox 2804 5697 2909 5744; x_wconf 63' lang='grc' dir='ltr'>χχι,</span> <span class='ocrx_word' id='word_1_846' title='bbox 2942 5679 2994 5733; x_wconf 87' lang='grc'>9.</span> <span class='ocrx_word' id='word_1_847' title='bbox 3073 5681 3093 5710; x_wconf 87' lang='lat'><strong>’</strong></span> <span class='ocrx_word' id='word_1_848' title='bbox 3131 5678 3284 5731; x_wconf 85' lang='lat' dir='ltr'><strong>Joan.</strong></span> <span class='ocrx_word' id='word_1_849' title='bbox 3341 5691 3377 5741; x_wconf 87' lang='grc' dir='ltr'><strong>ι,</strong></span> <span class='ocrx_word' id='word_1_850' title='bbox 3437 5675 3488 5731; x_wconf 84' lang='grc'>9.</span> 
     </span>
    </p>
   </div>
  </div>
