3918 6106
390 270 527 335 1759

1620 264 1990 328 ANTIOCHI
2029 264 2376 328 MONACHI

3551 266 3644 331 ’ῖίιθ

385 384 461 439 lat
490 399 590 453 pro
630 380 876 437 nobis".
912 401 929 434 ι
953 378 1012 435 id
1041 378 1231 451 gratia:
1263 378 1397 434 dum
1425 379 1730 449 accipimus
1754 380 1967 449 eXplea-

2069 380 2210 448 ’ριον.
2261 379 2373 433 Kal
2414 376 2685 451 μνήσθητι
2713 376 2890 448 θυμοῦ
2926 378 2986 431 ὲν
3010 377 3201 450 ήμέρᾳ
3230 380 3531 452 τελευτῆς·
3564 385 3649 434 καὶ

384 490 510 530 mus
525 490 693 545 opera
707 475 776 530 ab
805 474 925 544 ipso
941 473 1077 543 legis
1097 473 1289 526 datore
1307 472 1422 527 Deo
1443 472 1731 541 imperata.
1757 472 1799 540 1
1812 472 1972 541 198

384 567 480 622 Ait
506 567 653 622 enim
691 566 931 636 Moyses:
965 585 983 616 «
1022 565 1079 619 Si
1110 564 1329 619 voveris
1378 572 1569 618 votum
1597 564 1831 619 Domino
1858 566 1970 619 Deo

388 670 505 723 tuo,
531 676 641 714 non
693 660 942 715 tardabis
984 658 1220 713 reddere
1272 658 1434 722 illud,
1488 658 1618 728 quia
1680 658 1970 727 requirens

387 749 634 818 requiret
661 756 766 803 ate
793 748 1061 802 Dominus
1086 748 1232 801 Deus
1266 756 1415 810 tuus,
1452 757 1506 802 et
1534 747 1642 801 erit
1688 747 1789 800 tibi
1839 763 1971 817 pee-

385 849 606 894 catum:
640 855 764 908 qua:
786 840 1098 908 procedunt
1122 840 1189 893 de
1212 839 1377 893 labiis
1400 840 1531 902 tuis,
1559 839 1916 894 custodies“.
1946 861 1964 893 ι

385 929 474 993 Ει,
512 950 529 980 ι
568 929 744 984 Ποωο
787 930 881 999 qui
917 931 1131 984 voveri!
1166 930 1401 983 Domino
1423 941 1480 984 ct
1507 931 1781 1001 juraverit
1822 932 1971 1000 jura.

386 1031 659 1085 mentum,
683 1037 792 1074 non
822 1022 1042 1074 irritum
1074 1022 1237 1076 faciet
1265 1022 1493 1075 verbum
1541 1039 1733 1076 suum:
1783 1024 1970 1077 omnia

386 1125 734 1179 quascunque
767 1124 991 1179 egressa
1017 1109 1310 1163 fuerintex
1346 1126 1442 1164 ore
1472 1113 1593 1180 ejus
1662 1111 1905 1165 faciet".
1946 1131 1964 1161 ι

387 1230 447 1242 -
503 1218 521 1250 ι
579 1200 695 1254 Heu
746 1214 855 1261 me,
920 1197 1030 1251 lilia
1083 1215 1225 1255 mea.
1276 1198 1542 1268 decepiin
1594 1215 1701 1272 me,
1760 1208 1816 1253 et
1852 1200 1969 1268 ipsa

387 1289 619 1357 decepta
649 1306 736 1344 es:
778 1289 1134 1357 aperuienim
1166 1305 1229 1344 os
1258 1306 1437 1343 meum
1473 1290 1539 1342 ad
1576 1291 1891 1352 Dominum,
1914 1298 1970 1344 et

388 1381 536 1435 aliud
558 1380 739 1434 facere
767 1396 875 1433 non
907 1376 1100 1449 po'tero
1128 1379 1193 1432 ¹⁶.
1221 1400 1239 1431 ι
1277 1381 1427 1434 Alter
1451 1380 1617 1434 item:
1650 1399 1668 1429 ι
1697 1380 1776 1434 Ne
1798 1380 1971 1448 impe-

387 1471 559 1525 diaris
599 1472 829 1526 reddere
865 1482 1053 1526 votum
1086 1472 1141 1525 in
1173 1481 1440 1540 tempore,
1469 1479 1524 1525 et
1568 1487 1638 1525 ne
1684 1479 1970 1540 exspectes

388 1576 564 1630 usque
610 1562 677 1615 ad
727 1573 960 1615 mortem
1001 1560 1328 1628 iustiﬁcari:
1391 1561 1709 1630 priusquam
1767 1577 1970 1616 voveas

388 1654 502 1707 sive
525 1669 670 1714 ores,
692 1668 818 1722 para
846 1655 1108 1722 teipsum,
1134 1668 1201 1706 ne
1230 1653 1306 1707 sis
1329 1653 1484 1722 quasi
1518 1654 1685 1707 homo
1712 1654 1806 1723 qui
1845 1663 1968 1708 ten-

2073 468 2341 538 ἀγωνίζου
2407 473 2489 535 είς
2534 469 2863 541 προσευχὴν,
2915 469 2998 523 ὅτι
3033 470 3187 539 εὐχαὶ
3214 470 3652 525 κατευθυνόντων

2070 560 2257 615 δεκτα“ι
2297 564 2446 634 παρὰ
2473 564 2707 633 Κυρίου.
2742 581 2761 614 ι
2817 563 2958 623 Kal,
3010 581 3029 613 ι
3064 562 3245 632 Εύχὰς
3282 563 3523 615 δικαίων
3565 566 3651 615 ὲπ-

2072 653 2261 707 ακούει
2287 656 2547 725 Κύριος.)
2588 655 2698 708 Kal
2725 654 2754 707 6
2781 653 2978 720 Δαυῖδ,
3034 671 3053 703 ι
3085 653 3360 718 Εῦξασθε.
3401 654 3501 708 καὶ
3524 656 3653 708 ἀπόδ-

2070 745 2192 798 δοτε
2243 746 2434 816 Κυρίῳ
2472 746 2553 817 τῷ
2589 745 2709 815 Θεῷ
2739 745 2915 815 ὑμῶν.
2946 764 2965 797 ι
3028 745 3138 797 Kal
3170 744 3338 797 πάλιν
3439 765 3461 796 ‹
3488 744 3651 798 Θῦσον

2070 834 2149 903 τῷ
2190 835 2311 907 Θεῷ
2362 835 2553 889 θυσίαν
2595 836 2885 898 αίνέσεως,
2935 836 3031 891 καὶ
3071 834 3268 896 ἀπόδος
3298 835 3383 906 τῷ
3418 835 3650 905 ’Υψίστῳ

2068 932 2168 991 τὰς
2199 928 2364 998 εὐχάς
2396 944 2513 981 σου.
2546 946 2566 978 ι
2627 926 2765 988 Kal.
2817 944 2835 975 ι
2875 926 2987 988 Τὰς
3018 926 3184 995 εὐχάς
3217 943 3321 994 μου
3356 925 3451 999 τῷ
3471 926 3651 993 Κυρίῳ

2071 1018 2336 1071 ἀποδώσω
2368 1018 2610 1071 ἐναντίον
2636 1015 2838 1078 παντὸς
2864 1015 2959 1069 τοῦ
2983 1015 3118 1068 λαοῦ
3147 1016 3340 1070 αὐτοῦ.
3356 1035 3376 1066 ι
3406 1016 3577 1084 Φησὶν
3599 1015 3650 1069 δὲ

2070 1112 2163 1163 καὶ
2196 1113 2225 1163 6
2252 1109 2500 1172 Παῦλος·
2560 1127 2578 1158 ι
2609 1109 2688 1177 Τῇ
2723 1107 2930 1176 σπουδῇ
2966 1108 3041 1176 μὴ
3069 1108 3296 1179 ὀκνηροί.
3317 1147 3333 1167 ,
3384 1107 3475 1177 τῷ
3497 1105 3652 1159 πνεύο

2075 1219 2206 1273 ματι
2242 1202 2475 1265 ζέοντες,
2521 1200 2600 1273 τῷ
2627 1201 2818 1271 Κυρίῳ
2850 1199 3221 1262 δουλεύοντες,
3268 1203 3340 1269 τῇ
3373 1200 3651 1270 προσευχῇ

2072 1291 2635 1364 προσκαρτεροῦντες.
2666 1310 2685 1342 ι
2728 1293 2835 1344 Kal
2858 1290 3046 1353 αὖθις·
3086 1308 3105 1340 ι
3136 1291 3239 1343 Διὰ
3268 1295 3459 1360 πάσης
3488 1307 3653 1360 προσ-

2071 1386 2235 1455 ευχῆς
2284 1385 2379 1437 καὶ
2423 1385 2663 1453 δεήσεως
2695 1384 3125 1453 προσευχόμενοι
3155 1385 3214 1435 ὲν
3245 1383 3419 1436 παντὶ
3454 1382 3650 1454 καιρῷ.

2070 1478 2129 1530 ὲν
2178 1476 2490 1546 πνεύματι,
2547 1477 2643 1528 καὶ
2690 1477 2771 1536 είς
2814 1475 2947 1529 αὐτὸ
2991 1474 3185 1536 τοῦτο,
3231 1474 3653 1545 ἀγρυπνοῦντες

2071 1571 2130 1623 ὲν
2173 1570 2325 1640 πάσῃ
2372 1570 2849 1640 προσκαρτερήσει
2891 1568 2988 1622 καὶ
3025 1568 3263 1636 δεήσει.»
3300 1570 3421 1622 Kal
3449 1568 3651 1622 πάλιν·

2078 1680 2096 1713 ι
2137 1660 2410 1729 Βούλομαι
2442 1664 2571 1723 τοὺς
2602 1661 2804 1730 ἄνδρας
2838 1659 3240 1730 προσεύχεσθαι
3273 1661 3332 1712 ὲν
3365 1661 3538 1712 παντῖ⁵
3566 1660 3652 1712 τό-

389 1751 469 1796 tat
495 1743 806 1797 Dominum.
835 1743 1107 1797 Memento
1130 1742 1226 1796 ire?
1260 1743 1313 1796 in
1339 1743 1427 1796 die
1453 1743 1966 1809 consummationis,

2074 1772 2195 1823 πῳ,
2245 1726 2576 1824 ἐπαίροντας
2627 1726 2783 1816 ὁσίας
2831 1726 3021 1822 χεῖρας
3049 1726 3238 1823 ήχωρὶς
3283 1753 3462 1822 ὀργῆς
3560 1751 3651 1804 καὶ

386 1840 446 1886 et
477 1833 770 1901 agonizare
791 1832 857 1886 ad
881 1833 1214 1895 orationem,
1244 1833 1371 1901 quia
1390 1832 1671 1886 orationes
1694 1833 1971 1901 corrigen-

387 1922 526 1976 tium
561 1938 619 1978 se
641 1924 1013 1992 acceptabiles
1032 1933 1162 1978 sunt
1208 1922 1355 1992 apud
1405 1922 1698 1977 Dominum
1719 1922 1783 1976 ³⁷.
1817 1941 1835 1972 ι
1865 1923 1964 1985 Et,

393 2031 412 2064 ι
441 2011 1093 2084 Orationibusjustorum
1117 2013 1308 2067 obedit
1340 2013 1606 2067 Dominus
1627 2012 1725 2064 ⁸³.»
1756 2012 1921 2066 David
1951 2029 1964 2063 :

396 2121 415 2155 ι
452 2103 663 2159 Vovete
695 2114 754 2159 et
816 2106 1030 2159 reddite
1072 2104 1306 2159 Domino
1338 2105 1450 2158 Deo
1478 2112 1664 2159 vestro
1680 2105 1745 2158 ¹⁹.
1780 2123 1798 2156 ι
1859 2104 1968 2159 lte-

388 2211 546 2250 rum:
584 2216 601 2247 ι
633 2197 859 2250 lmmola
891 2198 1004 2251 Deo
1054 2194 1389 2250 sacriﬁcium
1448 2195 1645 2257 laudis,
1699 2202 1756 2250 et
1798 2195 1969 2250 redde

387 2286 670 2341 ΛΙιὶδείωο
701 2297 827 2342 vota
871 2288 1047 2341 tua".
1083 2306 1100 2337 ι
1138 2287 1226 2344 Ει.
1257 2305 1275 2338 ι
1316 2288 1428 2357 Ego
1448 2296 1576 2341 vota
1593 2302 1709 2341 mea
1736 2288 1968 2341 Domino

388 2377 617 2433 reddam
642 2380 698 2433 in
722 2389 1023 2447 conspectu
1051 2378 1235 2433 omnis
1257 2379 1443 2448 populi
1471 2380 1671 2448 ejus".
1712 2400 1731 2431 ι
1767 2379 1971 2434 Paulus

388 2483 644 2538 quoque:
677 2486 696 2519 ι
726 2468 1113 2523 Sollicitudine
1137 2485 1246 2524 non
1270 2469 1431 2540 pigri,
1458 2469 1654 2538 spiritu
1669 2470 1967 2535 ferventes,

388 2562 622 2617 Domino
645 2563 974 2625 servientes,
1001 2562 1240 2617 orationi
1264 2563 1613 2619 instantes".
1652 2581 1671 2613 ι
1720 2561 1965 2616 Rursus:

394 2675 414 2707 ι
443 2656 547 2711 Per
572 2674 792 2712 onmem
826 2659 1134 2713 orationem
1168 2666 1225 2711 et
1261 2658 1706 2713 obsecrationem
1745 2668 1970 2713 orantes

389 2747 445 2801 in
482 2751 630 2803 omni
656 2761 928 2819 tempore,
951 2750 1004 2803 in
1038 2751 1259 2819 spiritu,
1295 2759 1351 2803 et
1381 2749 1435 2803 in
1484 2749 1591 2804 hoc
1619 2749 1797 2818 ipsum
1834 2749 1971 2819 vigi-

386 2838 566 2894 lantes
592 2838 647 2893 in
683 2840 831 2893 omni
881 2840 1142 2893 instantia
1184 2848 1243 2893 et
1295 2839 1761 2893 obsecratione”.
1800 2857 1818 2888 ι
1862 2839 1970 2893 lte-

389 2948 549 2987 rum:
584 2950 602 2981 ι
638 2932 772 2986 Volo
829 2932 982 2986 viros
1031 2947 1192 2986 orare
1224 2932 1279 2984 in
1310 2932 1461 2985 omni
1520 2931 1664 2995 loco,
1716 2931 1967 2986 levantes

387 3030 607 3077 sanctas
635 3037 834 3077 manus
867 3022 987 3076 sine
1019 3024 1097 3075 ira
1127 3031 1184 3076 et
1236 3021 1815 3090 disceptationibus“.
1845 3040 1864 3071 ι
1899 3021 1967 3075 Ει

388 3113 447 3167 in
479 3112 709 3167 Actibus
758 3114 1174 3180 apostolorum:
1231 3112 1361 3179 quia
1429 3130 1446 3161 ι
1479 3120 1639 3164 erant
1696 3111 1967 3166 instantes

390 3201 661 3255 doctrina:
707 3200 1110 3270 apostolorum,
1156 3208 1213 3254 et
1258 3201 1560 3264 communi,
1612 3208 1668 3254 et
1715 3200 1967 3254 fractioni

388 3295 567 3364 panis,
617 3305 673 3349 et
720 3295 1147 3349 orationibus”.
1193 3314 1211 3345 ι
1264 3294 1502 3348 lterum:
1565 3311 1583 3343 ‹
1632 3293 1744 3348 Nos
1784 3304 1968 3348 autem

386 3386 624 3440 orationi
654 3397 710 3441 et
767 3387 1081 3442 ministerio
1112 3385 1271 3440 verbi
1320 3386 1588 3439 instantes
1616 3385 1905 3439 erimus".
1942 3404 1960 3437 ι

390 3476 708 3544 Sapientia:
756 3498 774 3530 ι
811 3479 965 3534 Sicut
994 3479 1189 3533 vovisti
1221 3489 1410 3534 votum
1440 3478 1697 3543 Domino,
1742 3493 1813 3532 ne
1854 3494 1970 3533 mo-

392 3570 536 3622 reris
556 3569 788 3623 reddere
824 3569 983 3636 illud,
1008 3570 1137 3632 quia
1163 3584 1506 3638 quaecunque
1557 3568 1799 3629 voveris,
1840 3568 1967 3623 red-

389 3659 524 3714 des:
557 3659 752 3713 melius
773 3661 920 3714 enim
951 3676 1057 3714 non
1087 3660 1320 3719 vovisse.
1344 3675 1507 3728 quam
1530 3661 1745 3715 vo\isse
1778 3671 1829 3715 et
1860 3677 1967 3716 non

387 3751 693 3805 reddere".
734 3771 752 3802 ι
790 3751 896 3806 Sed
948 3760 1003 3806 et
1034 3750 1349 3820 iniquorum
1392 3766 1520 3804 osor
1572 3751 1675 3806 Job
1708 3767 1721 3805 :
1761 3769 1780 3802 ι
1818 3751 1966 3806 Nihil

388 3840 655 3910 injustam
685 3849 807 3894 erat
843 3841 899 3893 in
930 3840 1185 3894 manibus
1213 3838 1374 3902 meis,
1401 3838 1577 3892 oratio
1607 3849 1789 3893 autem
1846 3854 1967 3894 mea

387 3949 526 4003 pura
557 3932 819 3986 fuit“-".
856 3952 872 3981 ι
908 3932 1145 3986 Petrus:
1187 3953 1205 3982 ι
1249 3930 1431 3985 Sobrii
1457 3940 1634 3986 estote
1666 3940 1724 3986 et
1746 3931 1966 4002 vigilate

390 4023 446 4078 in
478 4024 846 4089 orationibus,
879 4033 937 4078 et
996 4023 1237 4078 resistite
1281 4023 1504 4077 diabolo
1521 4021 1586 4077 '9.
1624 4040 1641 4073 ι
1701 4023 1966 4078 Dominus

389 4116 556 4170 item:
595 4134 614 4166 ‹
646 4116 945 4183 Propterea
969 4113 1094 4168 dico
1146 4113 1323 4178 vobis,
1381 4113 1566 4167 omnia
1621 4129 1964 4182 quaecunque

387 4216 618 4261 orantes
653 4206 862 4275 petitis,
925 4204 1136 4259 credite
1181 4205 1313 4274 quia
1364 4203 1670 4273 accipietis.
1724 4213 1781 4259 et
1832 4203 1965 4259 ﬁent

386 4297 548 4352 vobis
571 4296 637 4352 ιθ.
677 4316 695 4348 ι
734 4297 784 4352 ls
820 4311 945 4350 cum
994 4304 1141 4351 esset
1181 4295 1236 4349 in
1281 4296 1539 4365 quopiam
1600 4295 1722 4350 loco
1776 4312 1960 4362 orans,

2068 1845 2444 1915 διαλογισμοῦ.
2474 1863 2492 1895 ι
2551 1845 2663 1898 Καὶ
2719 1847 2776 1898 ὲν
2822 1847 2943 1906 ταῖς
2972 1845 3265 1914 Πράξεσιν,
3299 1845 3385 1898 ὅτι
3423 1862 3443 1893 ι
3469 1839 3649 1896 Ἦσαν

2070 1935 2616 2006 προσκαρτεροῦντες
2640 1938 2706 2005 τῇ
2732 1935 2923 2005 διδαχῇ
2950 1935 3057 1987 τῶν
3081 1935 3427 1995 ἀποστόλων,
3465 1935 3562 1987 καί
3584 1936 3647 2004 τῇ

2070 2027 2329 2098 κοινωνίᾳ
2361 2027 2458 2080 καὶ
2485 2029 2551 2097 τῇ
2581 2025 2773 2079 κλάσει
2808 2024 2902 2078 τοῦ
2932 2025 3097 2095 ἄρτου
3121 2064 3135 2087 ,
3189 2026 3286 2079 καὶ
3318 2028 3444 2088 ταῖς
3473 2041 3644 2092 προσ·

2069 2122 2279 2189 ευχαῖς.
2296 2138 2315 2171 ι
2351 2119 2460 2172 Καὶ
2486 2119 2649 2172 πάλιν
2667 2138 2679 2150 ·
2711 2135 2729 2169 ι
2753 2119 2943 2188 Ἡμεῖς
2964 2118 3024 2172 δὲ
3045 2121 3114 2188 τῇ
3140 2120 3447 2187 προσευχῇ,
3466 2116 3563 2170 καὶ
3581 2118 3645 2186 τῇ

2068 2209 2316 2278 διακονίᾳ
2335 2210 2429 2263 τοῦ
2446 2210 2608 2278 λόγου
2626 2226 2938 2280 προσκαρτε
2949 2210 3230 2278 ρήσωμεν.
3242 2228 3261 2260 ι
3281 2210 3387 2261 Kal
3405 2210 3440 2278 ή
3454 2207 3641 2275 Σοφία·

2077 2317 2096 2350 ι
2132 2298 2332 2360 Καθὼς
2374 2297 2528 2368 ηὔξω
2574 2298 2740 2369 εὐχὴν
2781 2298 2859 2369 τῷ
2901 2299 3110 2368 Κυρίῳ.
3156 2297 3230 2368 μὴ
3257 2298 3523 2369 χρονίοῃς
3552 2293 3645 2348 τοῦ

2068 2387 2362 2442 ἀποδοῦναι
2394 2389 2564 2456 αὐτὴν
2584 2427 2599 2448 ,
2639 2389 2722 2440 ὅτι
2753 2387 2851 2440 ὅσα
2887 2386 3037 2456 ηὔξω
3070 2386 3394 2445 ἀποδώσεις.
3418 2384 3644 2454 Ἀγαθὸν

2068 2479 2129 2532 τὸ
2180 2478 2255 2549 μὴ
2296 2477 2556 2543 εὔξασθαι
2579 2520 2595 2544 ,
2643 2479 2678 2548 ἢ
2723 2477 3005 2545 εὔξασθαι,
3043 2478 3138 2530 καὶ
3170 2478 3244 2547 μὴ
3273 2476 3590 2532 ἀποδοῦναι.
3617 2493 3637 2526 ι

2074 2569 2140 2622 Ὃ
2165 2568 2222 2622 δὲ
2257 2569 2540 2639 μισάδικος
2571 2567 2693 2622 Ἰὼϐ
2713 2607 2729 2632 ,
2787 2588 2804 2620 ι
2835 2569 3056 2622 Ἀδικον
3076 2609 3093 2634 ,
3134 2569 3310 2636 λέγων
3329 2610 3344 2633 ,
3393 2569 3550 2622 οὐδὲν
3576 2563 3641 2638 ἦν

2069 2660 2127 2713 ἐν
2157 2660 2315 2731 χερσί
2342 2678 2466 2726 μου,
2506 2660 2639 2731 εὐχὴ
2667 2660 2725 2713 δέ
2759 2676 2862 2728 μου
2895 2660 3167 2730 καθαρόω
3204 2662 3313 2713 Kal
3342 2661 3371 2712 6
3399 2661 3601 2730 Πέτρος
3621 2675 3636 2688 ·

2075 2769 2094 2801 ι
2129 2750 2527 2821 Σωφρονήσατε
2558 2748 2653 2803 οῦν
2684 2750 2781 2801 καὶ
2811 2748 3019 2818 νήψατε
3064 2751 3145 2811 είς
3174 2750 3514 2819 προσευχὰς.
3548 2749 3637 2802 καὶ

2070 2837 2358 2909 ἀντίστητε
2388 2839 2466 2907 τῷ
2491 2837 2782 2908 διαϐόλῳ.»
2831 2838 2889 2891 Ὀ
2913 2839 2970 2891 δὲ
3004 2838 3243 2909 Κύριος·
3300 2857 3320 2889 ι
3356 2839 3458 2891 Διά
3486 2837 3637 2890 τοῦτο

2068 2929 2211 2996 λέγω
2244 2931 2404 2997 ὑμῖν,
2455 2932 2631 2983 πάντα
2674 2932 2775 2984 ὅσα
2826 2931 2890 2984 ἂν
2924 2933 3350 3000 προσευχόμενοι
3383 2930 3631 2990 αἰτεῖσθε,

2071 3022 2357 3074 πιστεύετε
2382 3021 2466 3075 ὅτι
2489 3021 2554 3075 λα
2563 3022 2820 3090 μῆάνετε,
2848 3023 2945 3075 καὶ
2967 3021 3118 3075 ἔσται
3140 3022 3284 3091 ὑμῖν.
3299 3041 3319 3073 ι
3354 3023 3466 3076 Kal
3488 3024 3544 3074 ὲν
3564 3019 3635 3091 τῷ

2068 3109 2211 3168 εἶναι
2255 3115 2418 3169 αὐτὸν
2466 3114 2526 3165 ὲν
2552 3114 2707 3183 τόπῳ
2735 3116 2843 3167 τινὶ
2874 3115 3328 3185 προσευχόμενον,
3362 3114 3439 3178 ὡς
3469 3113 3632 3167 inad-

2071 3221 2224 3271 σατο,
2257 3203 2379 3258 εἶπέ
2405 3222 2489 3268 τις
2514 3204 2619 3256 τῶν
2651 3204 2910 3276 μαθητῶν
2934 3204 3131 3258 αὐτοῦ·
3162 3223 3182 3257 ι
3218 3206 3414 3276 Κύριε,
3436 3203 3634 3270 δίδαξον

2069 3298 2216 3369 ήμᾶς
2264 3295 2688 3365 προσεύχεσθαι,
2720 3314 2739 3347 ι
2799 3296 2893 3348 καὶ
2939 3290 3124 3348 εἶπεν·
3182 3296 3381 3349 «Ὅταν
3415 3292 3632 3365 προσεύ-

2068 3387 2274 3457 χησθε,
2327 3386 2549 3454 λέγετε,
2603 3385 2785 3455 Πάτερ
2833 3384 2991 3455 ήμῶν
3043 3387 3071 3437 6
3115 3387 3171 3438 ὲν
3214 3388 3326 3448 τοῖς
3368 3386 3627 3455 οὐρανοῖς,

2070 3477 2384 3545 ἁγιασθήτω
2416 3476 2477 3528 τὸ
2500 3476 2673 3544 ὄνομά
2700 3494 2816 3536 σου.
2849 3496 2867 3528 ι
2921 3476 3018 3529 καὶ
3065 3477 3211 3544 ἑξῆς.
3258 3478 3367 3530 Kal
3404 3477 3626 3542 ἐπάγει·

2074 3589 2093 3621 ι
2123 3571 2355 3632 Αἰτεῖτε,
2378 3570 2473 3623 καὶ
2494 3569 2780 3639 δοθήσεται
2801 3568 2929 3637 ὑμῖν
2945 3586 2958 3598 ·
2986 3565 3222 3636 ζητεῖτε,
3242 3570 3336 3621 καὶ
3353 3569 3623 3639 εὑρήσετε·

2067 3660 2332 3730 κρούετε,
2385 3662 2480 3713 καὶ
2528 3661 2880 3730 ἀνοιγήσεται
2931 3660 3078 3730 ὑμῖν.
3110 3678 3127 3710 ι
3188 3660 3298 3712 Kal
3349 3660 3623 3726 ἐπιφέρει·

2073 3770 2093 3804 ι
2136 3752 2195 3805 Εί
2226 3748 2320 3805 οὖν
2354 3752 2534 3821 ὑμεῖς,
2569 3753 2797 3822 πονηροὶ
2829 3751 3196 3821 ὑπάρχοντες,
3231 3750 3412 3804 οἴδατε
3442 3750 3623 3804 διδόναι

2065 3845 2179 3906 τοῖς
2227 3844 2442 3906 τέκνοις
2489 3843 2645 3913 ὑμῶν
2693 3843 2904 3911 δόματα
2951 3842 3168 3910 ἀγαθὰ,
3232 3842 3383 3911 πόσῳ
3439 3841 3622 3910 μᾶλλον

2065 3935 2094 3987 6
2143 3933 2330 4004 Πατὴρ
2383 3935 2412 3987 6
2460 3933 2520 3998 ἐξ
2565 3932 2799 4003 ούρανοῦ
2850 3931 3013 3986 δώσει
3064 3932 3286 4003 Πνεῦμα
3325 3932 3482 3999 ἆγιον
3522 3933 3621 3992 τοῖς

2066 4024 2309 4078 αἰτοῦσιν
2350 4025 2541 4079 αὑτόνί
2573 4043 2592 4076 ι
2654 4024 2768 4079 Kal
2817 4023 3143 4095 βουλόμενο;
3172 4027 3320 4097 ἡμᾶς
3351 4028 3378 4079 6
3405 4023 3619 4080 πολυπό-

2067 4110 2226 4183 θητος
2268 4117 2475 4186 Κύριος
2522 4115 2611 4169 διὰ
2649 4116 2902 4185 κρυπτῆς
2933 4116 3198 4187 ἐργασίας
3229 4119 3328 4186 τὴν
3357 4117 3518 4188 εὐχὴν
3552 4114 3617 4184 τῷ

2064 4206 2184 4277 Θεῷ
2216 4206 2571 4277 προσφέρειν,
2609 4206 2791 4275 λέγει·
2854 4227 2873 4258 ι
2897 4208 3067 4261 Ὅταν
3097 4208 3398 4281 προσεύχῃ,
3436 4206 3618 4262 εἴσελθε

2065 4297 2146 4357 είς
2192 4295 2253 4348 τὸ
2297 4295 2520 4365 ταμεῖόν
2567 4311 2661 4348 σου
2688 4335 2703 4360 ,
2761 4295 2858 4349 καὶ
2908 4295 3129 4359 κλείσας
3177 4297 3274 4366 τὴν
3317 4297 3487 4364 θύραν
3517 4310 3615 4353 σου,

387 4399 561 4460 utque
610 4390 1006 4460 interquievit,
1068 4389 1291 4459 quidam
1361 4378 1761 4458 discipulorum
1839 4390 1959 4461 ejus

2069 4386 2360 4457 πρόσευξαι
2384 4385 2464 4458 τῷ
2488 4386 2662 4456 Πατρί
2688 4403 2781 4439 σου
2813 4389 2869 4439 ὲν
2890 4388 2967 4455 τῷ
2987 4387 3210 4458 κρυπτῷ
3229 4405 3244 4419 ·
3289 4389 3384 4442 καὶ
3405 4390 3434 4440 ὁ
3452 4389 3617 4453 Πατὴρ

386 4482 602 4554 rogavit
635 4482 824 4537 illum:
858 4501 876 4533 ι
917 4480 1170 4546 Domine,
1200 4480 1338 4534 doce
1366 4494 1468 4533 nos
1488 4493 1650 4533 orare
1666 4477 1736 4544 ";
1774 4497 1792 4529 ι
1818 4478 1959 4532 dixit

2069 4496 2191 4544 σου,
2234 4480 2263 4530 6
2298 4478 2511 4549 βλέπων
2544 4479 2602 4531 ὲν
2632 4477 2709 4548 τῷ
2737 4478 2993 4549 κρυπτῷ,
3050 4479 3320 4533 ἀποδώσει
3349 4498 3431 4534 σοι
3477 4483 3529 4532 ὲν
3553 4476 3619 4549 τῷ

385 4569 580 4624 Jesus:
623 4588 642 4621 ι
685 4569 822 4626 Cum
849 4571 1160 4637 oraveritis,
1184 4569 1378 4624 dicite:
1424 4569 1586 4624 Pater
1618 4578 1807 4623 noster
1861 4568 1958 4638 qui

2069 4570 2340 4640 φανερῷ.»
2386 4568 2546 4640 Αὐτῷ
2575 4572 2608 4641 ἡ
2635 4569 2761 4635 δόξα
2790 4571 2869 4633 εἰς
2894 4571 3019 4631 τοὺς
3047 4570 3271 4635 αἰῶνας.
3314 4573 3507 4642 Ἀμήν.

385 4678 449 4719 es
482 4662 537 4716 in
581 4663 755 4728 coelis,
806 4663 1183 4720 sanctificetur
1232 4678 1434 4718 nomen
1476 4665 1717 4728 tuum",
1771 4684 1790 4716 ι
1849 4673 1957 4720 etc.
1999 4663 2247 4719 Inducit:
2292 4679 2313 4714 ι
2350 4663 2549 4728 Petito,
2585 4672 2640 4717 et
2689 4663 2914 4717 dabitur
2946 4664 3142 4731 vobis;
3179 4665 3432 4735 quaerite,
3473 4674 3527 4720 et
3549 4662 3620 4716 in-

387 4756 658 4818 venielis;
694 4757 931 4826 pulsate,
959 4767 1015 4812 et
1036 4758 1319 4828 aperietur
1336 4757 1570 4813 vobis".
1612 4778 1630 4810 ι
1660 4758 1868 4813 infert;
1904 4779 1921 4810 ι
1951 4758 2005 4813 Si
2047 4760 2215 4828 igitur
2247 4774 2345 4813 vos
2401 4773 2526 4813 cum
2589 4759 2712 4813 sitis
2748 4758 2900 4825 mali,
2935 4761 3109 4815 nostis
3143 4759 3285 4814 dona
3328 4759 3471 4814 bona
3514 4758 3623 4813 dare

388 4846 518 4901 ﬁliis
543 4846 760 4901 vestris.
788 4856 994 4914 quanto
1016 4849 1187 4917 magis
1202 4848 1366 4902 Pater
1392 4848 1635 4903 caelestis
1657 4848 1813 4902 dabit
1836 4848 2106 4918 Spiritum
2134 4857 2387 4903 sanctum
2457 4850 2775 4919 petentibus
2833 4865 2892 4905 se
2933 4844 3012 4896 “1
3049 4873 3066 4903 ι
3106 4852 3325 4921 Nosque
3391 4852 3621 4921 cupiens,

386 4938 532 4993 votis
554 4937 813 4993 omnibus
834 4936 1175 5007 expetendus
1204 4949 1262 4993 et
1287 4938 1670 5015 desiderabilis
1694 4940 1961 4995 Dominus
1997 4956 2196 4995 arcana
2227 4956 2325 4995 sua
2382 4940 2706 5010 operatione
2746 4942 2954 4997 erudiri
3014 4943 3081 4997 ad
3145 4943 3482 4998 offerendam
3528 4942 3622 4997 Deo

387 5030 719 5095 orationem,
755 5029 923 5084 dicit:
951 5029 1164 5100 1199
1192 5049 1209 5081 ι
1246 5029 1384 5084 Cum
1420 5032 1689 5096 oraveris,
1744 5032 1886 5087 intra
1940 5032 1996 5087 in
2035 5032 2354 5088 cubiculum
2396 5041 2573 5097 tuum,
2608 5040 2665 5086 et
2703 5033 2891 5089 clauso
2948 5035 3092 5088 ostio
3131 5043 3227 5088 tuo
3284 5050 3379 5090 ora
3425 5034 3621 5090 Patrem

389 5136 543 5181 tuum
568 5120 660 5191 qui
694 5121 855 5177 estin
886 5120 1180 5186 absconso,
1214 5129 1270 5175 et
1298 5121 1459 5177 Pater
1484 5130 1613 5176 tuus
1645 5102 1741 5179 oui
1806 5122 1956 5177 videt
1993 5121 2052 5177 in
2082 5122 2372 5185 absconso,
2434 5119 2630 5175 reddet
2663 5121 2761 5175 tibi
2794 5120 2849 5175 in
2906 5121 3232 5177 manifesto“
3253 5122 3293 5176 '.
3332 5141 3349 5172 ι
3382 5121 3487 5191 Ipsi
3524 5120 3620 5192 glo-

390 5212 472 5267 ria
498 5212 551 5265 in
582 5215 800 5267 sarcula.
831 5205 1024 5267 Amen.

464 5391 509 5424 ¹³
538 5392 699 5446 Rom.
722 5407 843 5449 vni.
872 5391 963 5445 26.
1042 5392 1083 5423 ιθ
1270 5388 1424 5447 Deut.
1448 5387 1807 5453 xx:11,2|.9.3.

2120 5389 2281 5447 Num.
2324 5405 2446 5453 xxx,
2477 5388 2530 5443 5.
2649 5388 2692 5419 ¹⁶
2715 5387 2894 5442 Jmlic.
2928 5404 3002 5450 Kl,
3045 5384 3133 5441 35.
3215 5389 3255 5419 ⁸⁷
3282 5389 3454 5443 Eceli.
3490 5401 3621 5443 xrnl.

392 5463 577 5515 9.2—9.4.
657 5462 698 5490 ¹⁸
723 5461 886 5514 Prov.
928 5478 1016 5519 xv.
1039 5462 1127 5516 29.
1204 5461 1246 5491 "
1270 5460 1412 5515 Psal.
1442 5476 1601 5524 μίαν,
1630 5458 1714 5512 12.
1824 5459 1867 5489 ²⁰
1892 5459 1967 5513 Ps:

2070 5476 2213 5523 κως,
2271 5460 2350 5512 Η.
2457 5457 2668 5511 “Psal.
2727 5473 2845 5520 (τιν,
2914 5456 3000 5510 18.
3103 5459 3148 5489 "
3179 5459 3337 5512 Rom.
3394 5475 3489 5521 xn,
3550 5458 3617 5524 ll:

397 5534 441 5561 ”
471 5532 672 5597 Ephes.
706 5547 781 5591 τι,
814 5531 895 5583 lit.
973 5528 1348 5588 "l'l‘im.u,8.
1427 5522 1614 5593 "Act.
1644 5546 1700 5582 ιι.
1736 5530 1822 5583 19.
1900 5530 1945 5559 ’³

2069 5571 2092 5582 ν.
2120 5522 2207 5586 Vl,
2230 5531 2279 5584 4.
2360 5531 2400 5560 ’⁷
2432 5528 2611 5583 Eccle.
2651 5543 2703 5589 ν,
2727 5527 2778 5589 5,
2805 5528 2857 5580 4.
2960 5527 3081 5597 9⁸³⁸
3113 5528 3218 5583 Job
3255 5528 3481 5587 xxxr.7.
3545 5522 3619 5576 "l

397 5596 539 5657 Petri
586 5617 635 5653 ι’.
661 5602 711 5653 8.
790 5603 833 5635 ⁸⁸
862 5601 1001 5655 Maro
1060 5617 1130 5663 XI,
1162 5600 1249 5651 ‘24.
1330 5600 1369 5629 “
1409 5598 1538 5651 an.
1580 5616 1646 5664 si,
1678 5600 1726 5652 1.
1810 5600 1850 5629 ¹¹’
1882 5600 1958 5653 Ma

2109 5616 2180 5661 vn,
2208 5603 2259 5654 9.
2340 5599 2382 5631 κ’
2419 5598 2611 5653 Matth.
2647 5598 2803 5660 vu,7.
2886 5597 2924 5626 δ’·
2958 5596 3088 5650 Luc.
3122 5614 3195 5661 xi,
3227 5598 3309 5651 l3.
3392 5600 3437 5629 "
3457 5597 3621 5651 Matth.

400 5672 548 5733 “.6.

3000 5689 3013 5700 δ
