3918 6106
289 313 417 382 ιτοι

873 437 1107 498 ΛΟΓΟΣ
1136 437 1259 493 ΡΖ’.

785 556 920 626 Περ)
973 553 1376 620 κατανύξεως.

370 671 435 726 Ἥ
480 670 771 733 κατάνυξις
827 666 999 720 τίκτει
1068 665 1160 718 τὸν
1206 661 1489 734 κλαυθμὸν
1550 659 1647 715 καὶ
1678 659 1748 712 τὰ
1775 659 1867 712 δαν

276 779 464 837 κρυα’
499 764 650 831 κόπῳ
696 761 753 814 δέ
778 777 885 814 τινι
922 760 1163 830 ἔρχεται,
1192 757 1241 808 εί
1272 755 1347 826 μὴ
1401 753 1491 807 διὰ
1514 752 1715 817 πολλῆς
1750 750 1843 802 dbo

274 855 512 925 λεσχίας
555 854 648 907 καὶ
692 853 1053 921 ὑπομνήσεως
1096 848 1196 917 τῆς
1249 845 1488 915 φοϐερᾶς
1516 844 1731 913 ἡμέρας
1770 841 1869 909 τῆς

272 946 550 1016 κρίσεως,
592 943 685 996 καὶ
710 940 1120 1002 ὰνταποδόσεως
1153 932 1228 991 ὧν
1262 940 1581 1008 ἡμάρτομεν
1620 937 1678 986 ἐν
1705 933 1868 1001 λόγῳ,

273 1038 379 1091 καὶ
408 1037 578 1105 ἔργῳ,
604 1034 699 1087 καὶ
735 1030 972 1102 διανοίᾳο
1000 1030 1095 1082 καὶ
1121 1028 1221 1097 τῆς
1251 1027 1511 1098 αἰσχύνης
1533 1027 1748 1096 ἐκείνης
1773 1027 1872 1095 τῆς

281 1130 378 1180 ’.πὶ
410 1127 511 1180 τοῦ
538 1124 767 1196 φοϐεροῦ
800 1123 1066 1193 βήματος,
1112 1118 1344 1171 ἐνώπιον
1374 1117 1622 1186 ἀγγέλων
1653 1116 1748 1169 καὶ
1781 1117 1873 1169 ἀν-

275 1219 551 1290 θρώπων,
615 1216 710 1269 καὶ
737 1216 874 1268 ὅλων
899 1213 1008 1266 τῶν
1061 1210 1401 1281 ἐπουρανίων
1439 1209 1742 1277 δυνάμεων,
1782 1207 1872 1258 ὅτε

271 1309 479 1379 γυμνὰ
505 1306 600 1359 καὶ
627 1293 1095 1376 τετραχηλισμένα
1122 1301 1321 1361 πάντα,
1352 1300 1438 1353 ὅτε
1463 1298 1688 1359 ἕκαστος
1718 1295 1874 1366 ήμῶν

273 1402 629 1468 παρίσταται
662 1396 802 1463 ὑπὲρ
851 1393 1045 1448 ἑαυτοῦ
1079 1390 1535 1461 ἀπολογούμενος,
1591 1392 1677 1444 ὅτε
1704 1388 1876 1450 οὐδεὶς

272 1491 473 1543 οὐδενὶ
529 1488 743 1559 βοηθὸς,
800 1488 888 1539 ὅτε
920 1485 1280 1556 φανεροῦνται
1309 1487 1377 1536 τὰ
1410 1481 1790 1554 κεκρυμμένα,
1840 1479 1877 1533 ἃ

191 1581 221 1643 ,’
277 1583 473 1644 οὐδεὶς
503 1582 637 1644 τέως
667 1576 826 1645 οἶδεν,
866 1580 913 1632 εἰ
949 1580 1024 1649 μὴ
1050 1579 1083 1647 ή
1117 1576 1422 1646 συνείδησις
1463 1574 1642 1644 ἡμῶν,
1677 1572 1876 1643 μᾶλλον

274 1674 339 1726 δὲ
402 1675 480 1726 τὰ
529 1674 754 1726 πλεῖστα
809 1672 931 1725 οὐδὲ
997 1673 1030 1741 ή
1074 1669 1271 1741 καρδία
1332 1668 1642 1733 ἐπίσταται,
1699 1668 1749 1720 εί
1802 1665 1876 1736 μὴ

1204 300 1533 366 HOMILIA
1569 299 1836 363 CVll.--
1867 296 1965 356 DE
2005 292 2618 362 COMPUNCTIONE.

3402 302 3540 370 1762

2516 429 2804 487 HOMILIA
2838 433 2992 489 CVII.

2484 543 2563 600 De
2595 550 3020 617 compunctione.

2039 655 2405 725 Compunctio
2426 657 2615 713 fletum
2646 662 2791 729 parit
2820 671 2877 715 et
2914 663 3219 734 lacrymas:
3260 679 3372 720 non
3421 680 3543 720 mc-

1968 744 2141 801 diocri
2171 748 2392 816 negotio
2420 750 2648 804 obvenit
2671 751 2911 816 homini,
2940 752 3047 807 nisi
3070 753 3255 809 forsan
3277 756 3548 810 exercita-

1969 835 2047 891 tio
2077 839 2345 905 prolixior
2375 841 2758 905 anteverterit,
2788 855 2886 898 aut
2923 847 3379 902 commemoratio
3428 847 3545 902 for—

1968 928 2250 983 midabilis
2275 930 2496 1000 judicii,
2557 942 2614 987 ct
2644 932 2867 989 vicaria:
2922 936 3306 992 retributionis
3352 953 3546 1010 eorum

1969 1035 2093 1089 quae
2128 1022 2316 1092 inique
2346 1025 2620 1093 gessimus
2648 1040 2928 1090 sermone,
2951 1042 3141 1095 opere,
3178 1027 3548 1096 cogitatione:

1971 1121 2067 1167 aut
2092 1124 2244 1168 certe
2268 1114 2368 1184 p'er
2390 1115 2659 1184 pudorem
2684 1132 2749 1171 ac
2774 1117 3021 1173 dedecus
3037 1119 3184 1188 quod
3209 1118 3553 1174 damnandos

1972 1212 2158 1256 manet
2182 1213 2308 1258 ante
2344 1203 2482 1258 illud
2504 1205 2856 1263 formidabile.
2879 1209 3145 1273 tribunal,
3170 1211 3225 1263 in
3250 1222 3551 1280 conspectu

1973 1293 2294 1362 angelorum
2314 1303 2372 1349 et
2390 1295 2700 1357 hominum,
2728 1298 3221 1368 universarumque
3245 1300 3552 1355 caelestium

1974 1382 2281 1447 virtutum,
2327 1399 2451 1438 cum
2525 1385 2675 1440 nuda
2734 1395 2792 1440 et
2853 1396 3043 1456 aperta
3089 1398 3256 1441 erunt
3324 1389 3551 1452 omnia,

1976 1475 2198 1544 quando
2226 1477 2609 1547 unusquisque
2635 1486 2887 1532 nostrum
2927 1480 3350 1549 praesentabitur
3371 1497 3472 1550 pro
3496 1497 3555 1536 se

1976 1581 2365 1636 responsurus,
2399 1585 2522 1623 cum
2549 1585 2712 1624 nemo
2731 1570 2890 1625 alteri
2921 1573 3124 1640 poterit
3157 1588 3278 1627 esse
3309 1573 3552 1631 auxilio:

1977 1659 2201 1726 quando
2260 1661 2476 1714 cunctis
2529 1676 2729 1715 arcana
2777 1670 3083 1730 patescent,
3136 1663 3272 1716 nulli
3327 1671 3556 1720 eatenus

280 1765 463 1835 μόνος
492 1766 521 1815 ό
572 1763 778 1827 ὲτάζων
832 1762 1059 1831 καρδίας
1088 1764 1182 1815 καὶ
1228 1762 1483 1831 νεφροὺς,
1540 1762 1569 1813 ό
1598 1758 1752 1820 Θεὸς,
1786 1759 1876 1811 ὅτε

1994 1759 2262 1817 :omperta
2286 1757 2342 1803 et
2368 1750 2675 1818 explorata,
2707 1751 2810 1804 nisi
2836 1766 2961 1819 quae
2985 1752 3255 1821 cujusque
3274 1753 3558 1807 conscien-

284 1873 306 1904 ι
352 1855 484 1926 Πῦρ
518 1856 748 1908 ἐνώπιον
801 1854 966 1908 αὐτοῦ
1020 1853 1480 1923 προπορεύσεται,
1519 1851 1613 1904 καὶ
1669 1849 1882 1919 φλογιεί

278 1946 488 2017 κύκλῳ
524 1946 650 2008 τοὺς
682 1946 909 2015 ἐχθροὺς
947 1945 1136 1998 αὐτοῦ’
1172 1963 1190 1996 ι
1293 1945 1384 1999 ὅτε
1428 1943 1882 2006 καταδικάζονται

279 2039 335 2090 of.
366 2039 475 2108 μὲν
506 2040 585 2099 είς
612 2042 673 2089 τὸ
698 2037 885 2096 σκότος
910 2037 972 2088 τὸ
1007 2035 1269 2105 ἐξώτερον
1298 2034 1357 2086 τὺ
1390 2034 1789 2105 ἡτοιμασμένον
1809 2033 1883 2101 τῷ

282 2129 536 2197 διαϐόλῳ
572 2130 663 2181 καὶ⁴
711 2130 825 2189 τοῖς
853 2128 1102 2194 ἀγγέλοις
1146 2125 1312 2177 αὐτοῦ
1334 2140 1350 2157 ·
1401 2127 1448 2177 ol
1483 2125 1539 2177 δὲ
1574 2127 1652 2185 είς
1683 2124 1744 2176 τὸ
1775 2121 1887 2194 πῦρ

283 2217 351 2270 τὸ
372 2217 599 2269 αἰώνιον
624 2233 639 2249 ο
670 2215 818 2271 ἄλλοι
848 2216 1312 2283 παραπέμπονται
1342 2212 1419 2283 τῷ
1448 2213 1731 2282 ἀκοιμήτῳ
1756 2210 1887 2264 σκώ-

288 2305 453 2376 ληκι,
493 2307 643 2360 ἄλλοι
697 2305 775 2374 τῷ
826 2308 1086 2374 ταρτάρῳ
1137 2303 1523 2370 παραδίδονται
1594 2304 1690 2354 καὶ
1728 2301 1780 2352 τί
1810 2300 1889 2351 δεῖ

290 2399 490 2452 πάντα
537 2398 675 2450 κατὰ
700 2396 897 2449 λεπτὸν
924 2395 1311 2463 ἀπαγγέλλειν,
1370 2394 1466 2446 καὶ
1513 2394 1742 2464 ἀκηδίαν
1785 2394 1889 2462 ἐμ-

289 2493 480 2543 ποιεῖν
542 2492 654 2552 τοίς
717 2491 1047 2559 ἁκροαταῖς;
1114 2488 1156 2540 Τ
1160 2486 1297 2540 αῦτα
1346 2482 1438 2540 οὖν
1475 2486 1654 2539 πάντα
1684 2488 1778 2538 καὶ
1823 2487 1891 2538 τὰ

289 2582 468 2651 ὃμοια
496 2578 823 2642 ἐννοοῦντες,
861 2579 1154 2648 ἀγαπητοὶ,
1183 2578 1425 2646 ἔλθωμεν
1452 2579 1529 2639 είς
1574 2576 1889 2641 κατὰνυξιν,

294 2676 399 2727 καὶ
454 2671 793 2741 παυσώμεθα
849 2672 956 2724 τῶν
1011 2671 1198 2724 κακῶν
1260 2670 1414 2739 ήμῶν
1469 2669 1751 2741 πράξεωνο
1798 2667 1894 2721 καὶ

295 2764 636 2832 κλαύσωμεν
673 2762 886 2832 ἡμέρας
916 2763 1007 2814 καὶ
1033 2760 1248 2822 νυκτὸς,
1283 2761 1525 2829 ἐναντίον
1558 2760 1761 2829 Κυρίου
1798 2757 1891 2810 τοῦ

300 2858 639 2924 ποιήσαντος
672 2853 1021 2924 ήμᾶ;.“οπου
1049 2853 1158 2922 γὰρ
1185 2852 1418 2922 δάκρυα,
1448 2854 1564 2904 ἐκεῖ
1582 2850 1895 2920 δυσώπησις

299 2946 477 3000 Θεοῦ·
531 2946 771 3017 ήπόρνη
820 2945 906 2998 διὰ
951 2946 1170 3017 θερμῶν
1225 2945 1495 3014 δακρύων,
1545 2946 1673 3014 μιᾶς
1722 2943 1891 3012 ὥρας,

301 3039 526 3092 πολλῶν
544 3021 884 3109 ’ὀφλημάτων
904 3039 1097 3105 ἄφεσιν
1119 3038 1444 3107 ἐκομίσατο·
1466 3038 1536 3089 τὰ
1555 3037 1769 3107 δάκρυα
1795 3038 1893 3106 τὴν

302 3133 480 3202 εὐχὴν
509 3130 588 3200 τῷ
616 3131 733 3201 Θεῷ
778 3130 1139 3200 παριστῶσιν,
1173 3131 1269 3183 καὶ
1294 3129 1692 3201 εὐπρόσδεκτον
1719 3130 1892 3199 αὐτὴν

305 3221 582 3275 ποιοῦσιν.
607 3222 665 3274 'O
701 3222 926 3290 Πέτροῖ,
956 3221 1043 3274 διὰ
1072 3223 1198 3291 μιᾶς
1224 3220 1369 3293 ὥρας
1389 3217 1607 3292 πικρῶν
1620 3220 1890 3288 δακρύων,

304 3313 372 3365 οὐ
410 3314 574 3382 μόνον
598 3313 957 3382 συνεχωρήθη
992 3312 1072 3383 τῷ
1097 3312 1401 3382 πταίσματι
1448 3316 1549 3382 τῆς
1580 3313 1891 3383 ἀρνήσεως,

306 3402 454 3457 ἀλλὰ
489 3403 583 3454 καὶ
614 3401 709 3464 τὰς
742 3404 889 3464 κλεῖς
917 3398 1013 3472 τῆς
1071 3401 1348 3472 βασιλείας
1379 3401 1488 3455 τῶν
1526 3401 1773 3472 οὐρανῶν
1802 3416 1895 3452 πι-

310 3494 592 3547 στεύεται.
641 3494 859 3562 Ἐζεκία
892 3493 971 3564 τῷ
1002 3493 1211 3563 βασιλεῖ
1279 3492 1347 3545 δι’
1399 3493 1594 3559 ὀλίγων
1644 3491 1896 3560 δακρύων

306 3583 616 3637 δεκαπέντε
662 3582 757 3653 ἐτη
787 3585 852 3652 τῇ
902 3583 1013 3652 ζωῇ
1046 3581 1371 3652 προσετέθη.
1427 3582 1493 3633 Δί
1526 3582 1736 3653 ῥανίδες
1788 3582 1897 3633 τῶν

307 3675 574 3745 δακρύων
603 3675 679 3738 ὡς
720 3676 842 3743 μέλι
873 3675 1145 3743 γλυκάζον
1190 3675 1332 3726 εἰσὶν
1356 3677 1415 3726 ὲν
1459 3676 1524 3744 τῇ
1556 3674 1774 3744 καρδίᾳ,
1803 3673 1899 3726 καὶ

310 3767 577 3838 θυμίαμα
610 3766 807 3830 εὑῶδες
836 3768 987 3835 παρὰ
1005 3767 1083 3837 τῷ
1113 3766 1251 3835 Θεῷ.
1275 3765 1395 3837 Χρὴ
1423 3765 1538 3828 οὖν,
1566 3766 1673 3834 πρὸ
1701 3764 1898 3829 παντὸς
1938 3760 1941 3763 ’

309 3858 650 3927 αἰτήματος,
699 3856 1037 3927 κατόρθωσιν
1085 3856 1388 3927 κεχρῆσθαι
1444 3859 1554 3919 τοίς
1615 3855 1895 3927 δάκρυσιν.

309 3952 477 4006 Ιιάνυ
525 3949 633 4022 γὰρ
660 3948 835 4018 χαίρει
862 3949 892 4001 ό
935 3950 1210 4018 Δεσπότης
1235 3951 1266 4019 ή
1278 3950 1394 4018 μῶν
1414 3948 1697 4019 δεχόμενος
1732 3964 1903 4019 προσο

310 4044 490 4111 ευχὴν
521 4041 576 4092 ὲν
603 4041 865 4109 δάκρυσιν
896 4034 1035 4109 μὲτὰ
1067 4040 1331 4110 ταπεινῆς
1358 4040 1603 4110 καρδίας.
1639 4039 1900 4111 μηδαμῶς

310 4131 718 4202 ὲπαιρομένης,
738 4130 813 4192 ὡς
844 4130 983 4199 ὑπὲρ
1010 4132 1136 4192 τοὺς
1161 4130 1390 4193 πολλοὺς
1417 4132 1585 4185 ὄντων
1609 4133 1788 4202 ήμῶν,
1814 4132 1902 4185 ἵνα

315 4226 400 4297 μὴ
432 4225 526 4276 ἐπὶ
548 4223 732 4275 πλεῖον
767 4225 1191 4292 παροργίσωμεν
1216 4222 1305 4275 τὸν
1322 4223 1589 4276 δεδωκότα
1608 4223 1703 4294 τὴν
1722 4225 1898 4293 χάριν.

1984 1840 2063 1894 tia
2097 1840 2281 1894 novit:
2315 1840 2448 1909 quin
2477 1842 2659 1910 potius
2681 1842 2917 1911 plurima
2946 1858 3069 1912 quae
3109 1860 3178 1898 ne
3210 1860 3306 1898 cor
3334 1845 3558 1914 quidem

1982 1939 2237 1986 nostrum
2273 1933 2398 1993 scit.
2432 1941 2633 2000 praeter
2654 1933 2826 1987 Deum
2860 1934 2952 2002 qui
2984 1934 3151 1989 corda
3205 1944 3483 1991 scrutatur
3505 1944 3563 1991 et

1984 2038 2184 2084 renes;
2219 2039 2367 2088 cum,
2404 2043 2423 2074 ι
2462 2024 2606 2094 Ignis
2628 2025 2683 2077 in
2724 2034 3021 2092 conspectu
3046 2027 3166 2094 ejus
3198 2026 3482 2094 procedet,
3507 2035 3564 2081 et

1987 2113 2352 2169 inﬂammabit
2378 2114 2432 2168 in
2459 2115 2698 2168 circuitu
2729 2114 2984 2170 inimicos
3018 2116 3226 2186 ejus“:
3277 2136 3295 2168 ι
3343 2115 3564 2186 quando

1987 2205 2506 2291 condemnabuntur
2530 2205 2586 2259 bi
2610 2206 2834 2274 quidem
2867 2206 2919 2259 in
2963 2207 3221 2261 tenebras
3259 2208 3566 2263 exteriores

1990 2298 2300 2368 ablegandi.
2325 2314 2448 2367 qua:
2476 2306 2679 2367 parata:
2703 2306 2834 2351 sunt
2863 2297 3086 2351 diabolo
3108 2307 3163 2351 et
3186 2299 3397 2367 angel's
3419 2298 3563 2367 ejus:

1990 2390 2071 2445 illi
2104 2404 2235 2443 vero
2259 2389 2639 2458 prmeipntandi
2673 2389 2729 2442 in
2755 2389 2936 2465 ignem
2972 2390 3321 2443 aeternum".
3350 2389 3418 2445 Et
3443 2390 3567 2459 qui-

1992 2481 2117 2536 dem
2146 2482 2236 2535 alii
2266 2483 2666 2551 propellentur,
2709 2481 3002 2536 addicendi
3055 2498 3335 2552 nunquam
3362 2482 3570 2536 dormi-

1994 2581 2118 2628 turo
2170 2573 2367 2637 vermi,
2414 2573 2509 2627 alii
2559 2573 2804 2643 voragini
2861 2573 3150 2627 tradentur
3230 2571 3566 2627 tartareae“.

1992 2665 2204 2735 Ecquid
2232 2680 2459 2719 necesse
2496 2664 2567 2719 sit
2615 2664 2832 2735 singula
2894 2665 3010 2719 haec
3041 2664 3294 2718 minutim
3334 2672 3395 2717 ut
3440 2677 3569 2732 pero

1993 2772 2269 2820 censeam,
2297 2771 2537 2825 quorum
2563 2770 2732 2809 censu
2757 2755 3111 2811 auditoribus
3162 2755 3382 2811 taedium
3411 2754 3569 2826 inge-

1993 2849 2213 2904 nercm?
2241 2847 2365 2903 Haec
2414 2848 2584 2919 igitur
2642 2859 2809 2918 atque
2863 2849 2951 2903 his
3014 2863 3280 2918 perquam
3343 2847 3570 2913 similia,

1993 2940 2331 3005 charissimi,
2360 2941 2404 2995 si
2448 2940 2901 3009 expenderimus,
2963 2942 3031 2995 ad
3085 2939 3573 3010 compunctionem

1994 3034 2187 3104 utique
2209 3037 2605 3104 pertingemus,
2631 3049 2843 3103 nosque
2859 3049 3020 3104 quam
3063 3033 3319 3088 ocissime
3342 3031 3575 3101 recipie-

1994 3141 2116 3180 mus
2140 3141 2171 3179 a
2195 3126 2479 3181 consuetis
2513 3125 2780 3194 operibus
2840 3123 3146 3193 improbis;
3179 3122 3268 3177 die
3317 3138 3381 3178 ac
3407 3129 3574 3178 nocte

1993 3217 2338 3287 plorabimus
2364 3218 2418 3271 in
2447 3226 2748 3286 conspectu
2776 3215 2992 3270 Domini
3016 3217 3109 3284 qui
3155 3215 3286 3271 fecit
3317 3231 3440 3270 nos.
3468 3214 3570 3273 Ubi

1992 3308 2139 3363 enim
2165 3308 2441 3381 lacrymae,
2484 3307 2559 3361 ibi
2599 3307 2900 3363 exorabilis
2929 3307 3023 3361 Dei
3054 3305 3368 3361 clementia.
3401 3305 3577 3359 Mere-

1995 3399 2106 3453 trix
2130 3400 2223 3453 illa
2250 3400 2513 3469 lacrymis
2540 3399 2708 3452 unius
2740 3398 2891 3452 hora:
2911 3397 3004 3452 sed
3034 3396 3401 3466 praefervidis,
3435 3395 3578 3450 mul-

1996 3501 2178 3547 torum
2232 3491 2421 3546 retulit
2469 3489 2856 3544 remissionem
2916 3488 3257 3543 debitorum.
3297 3486 3573 3558 Lacrymaa

1995 3592 2325 3655 praesentem
2362 3582 2631 3639 exhibent
2654 3582 2766 3636 Deo
2800 3580 3132 3646 orationem,
3163 3595 3396 3649 eamque
3454 3596 3576 3650 gra-

1998 3676 2196 3731 tiosam
2271 3675 2517 3730 reddunt
2576 3683 2634 3729 et
2703 3673 3124 3743 acceptabilem.
3191 3673 3392 3729 Petrus
3456 3672 3575 3741 ipse

1997 3767 2359 3823 amarulentis
2386 3767 2644 3837 lacrymis
2667 3782 2775 3821 una
2812 3766 2946 3820 liora
2986 3763 3345 3834 profusisnon
3379 3775 3576 3832 peccav

1997 3869 2114 3916 tum
2141 3859 2305 3913 modo
2327 3858 2715 3929 abnegationis
2756 3857 3066 3927 promeruit
3117 3854 3222 3909 sibi
3258 3852 3578 3914 condonari,

2000 3950 2097 4005 sed
2127 3958 2185 4004 et
2214 3951 2270 4005 in
2293 3965 2484 4005 earum
2510 3950 2742 4021 gratiam
2775 3949 2852 4003 illi
2873 3946 3209 4003 concreditae
3242 3953 3372 4000 sunt
3400 3945 3581 4001 claves

2001 4041 2155 4111 regni
2197 4041 2467 4097 caelorum
2487 4041 2549 4094 δ’.
2586 4040 2837 4095 Ezechiae
2862 4038 2974 4109 regi
3005 4037 3231 4099 eximio,
3273 4033 3421 4104 quod
3463 4043 3583 4088 tan-
3644 4097 3649 4100 ί

2001 4134 2179 4188 tillum
2212 4131 2449 4186 fudisset
2483 4130 2877 4201 lacrymarum,
2918 4134 3281 4183 accreverunt
3316 4124 3385 4179 ad
3432 4125 3582 4179 illius

2001 4226 2173 4281 vitam
2195 4224 2329 4278 anni
2372 4223 2617 4291 quinque
2643 4230 2699 4276 et
2725 4221 2914 4276 decem
2954 4222 3001 4272 °.
3028 4219 3347 4273 Rorulcnta:
3390 4232 3581 4287 asper-

314 4317 519 4374 Ποὶλοὶ
543 4317 650 4385 γὰρ
679 4314 1003 4383 δακρύοντες
1035 4315 1173 4384 ὑπὲρ
1206 4315 1512 4385 ἁμαρτιῶν,
1549 4315 1891 4368 ἐπιλανθανό-

2004 4318 2161 4389 giues
2185 4318 2549 4386 lacrymarum
2588 4326 2648 4368 ut
2674 4314 2872 4368 dulcor
2904 4313 3083 4367 mellis
3101 4321 3233 4366 sunt
3265 4311 3446 4373 cordi,
3489 4320 3585 4366 aut

318 4424 485 4480 μενοι
515 4406 610 4459 τοῦ
648 4406 855 4459 σκοποῦ
915 4406 1023 4458 τῶν
1054 4406 1325 4475 δακρύων,
1379 4406 1636 4475 μανέντες
1675 4406 1891 4471 ἐξεπλά-

2006 4425 2173 4464 suavc
2200 4408 2450 4478 fragrans
2478 4406 2771 4477 thymiama
2799 4405 2942 4473 apud
2981 4405 3171 4458 Deum.
3201 4400 3584 4457 Omnimodam

314 4518 526 4572 γησαν.
574 4500 789 4564 Ἐὰν,δέ
834 4517 917 4562 τις
942 4500 1154 4552 τελείαν
1179 4500 1468 4565 κατανυξιν
1499 4500 1781 4569 κέκτηται,
1816 4504 1891 4555 αί‹

2004 4503 2177 4573 igitur
2192 4511 2330 4562 ante
2348 4500 2668 4570 petitionem
2694 4513 2920 4553 necesse
2939 4496 3011 4553 sit
3035 4497 3394 4565 lacrymarum
3416 4492 3587 4547 utaris

317 4594 589 4649 σθάνεται
616 4591 806 4644 ἑαυτὸν
842 4595 990 4652 παρὰ
1046 4592 1139 4644 τοῦ
1191 4593 1356 4660 ἄρτου
1382 4591 1480 4660 τῆς
1504 4591 1666 4662 ζωῆς,
1698 4593 1904 4664 τροφὴν

315 4684 617 4754 δεχόμενον
658 4683 1070 4752 πνευματικὴν,
1115 4684 1323 4752 τροφὴν
1359 4681 1452 4734 τοῦ
1485 4683 1786 4754 κρείττονος
1813 4684 1908 4752 <96-

290 4776 452 4841 σου,
485 4771 691 4841 τροφὴν
722 4772 887 4824 πόθου
922 4773 1261 4841 ἐπουρανίου,
1309 4774 1402 4825 καὶ
1433 4774 1736 4844 στεναγμοῦ
1766 4792 1907 4848 παρ-

319 4859 561 4931 ηγορίας
591 4858 682 4911 καὶ
715 4858 1076 4925 κατανύξεως,
1112 4863 1203 4912 καὶ
1225 4861 1511 4931 μελῳδίας,
1542 4864 1634 4915 καὶ
1656 4863 1910 4931 γνώσεως

324 4954 659 5027 βαθυτέρας,
696 4954 790 5007 καὶ
820 4953 979 5006 θείων
1003 4953 1163 5007 τινῶν
1200 4956 1535 5026 μυστηρίων.
1581 4957 1645 5010 Ἡ
1673 4960 1907 5013 κατάνυ·

327 5044 419 5110 ξις
451 5042 792 5112 δακρυώδους
822 5044 972 5105 τινας
1003 5044 1095 5095 καὶ
1109 5043 1304 5112 ἠπίους
1332 5044 1541 5107 ἐννοίας
1563 5046 1663 5114 τὴν
1686 5047 1911 5115 καρδίαν

328 5134 748 5205 παρασκευάζει
783 5136 967 5204 φέρειν
997 5150 1010 5164 ·
1049 5133 1170 5186 ὃθεν
1237 5134 1405 5198 ὅντως
1449 5135 1596 5189 ἔστιν
1664 5136 1790 5190 ίδεῖν
1849 5137 1912 5190 τὰ

328 5225 633 5293 σπέρματα
684 5225 781 5294 τῆς
842 5223 1007 5293 εὐχῆς
1064 5223 1202 5293 μετὰ
1244 5224 1493 5295 δακρύων
1524 5227 1582 5277 ἐν
1615 5229 1681 5297 τῇ
1714 5228 1783 5297 γῇ
1812 5231 1912 5297 τῆς

331 5316 564 5387 καρδίας
607 5315 1001 5386 ὲνσπειρόμενα
1053 5314 1141 5367 διὰ
1184 5317 1282 5386 τὴν
1332 5316 1521 5370 ἐλπίδα
1551 5317 1651 5387 τῆς
1683 5318 1777 5372 τοῦ
1825 5319 1917 5371 θε-

335 5407 538 5479 ρισμοῦ
569 5409 764 5478 χαρᾶς.
807 5408 870 5460 Ἠ
915 5407 1055 5477 μετὰ
1081 5407 1428 5473 κατανύξεως
1480 5410 1575 5462 καὶ
1610 5415 1918 5483 προσευχῆς

338 5497 540 5567 μελέτη
594 5497 768 5551 τίκτει
802 5498 892 5550 τὸν
915 5497 1010 5550 τοῦ
1037 5496 1173 5549 Θεοῦ
1192 5497 1355 5565 φόϐον
1383 5501 1441 5551 ὲν
1465 5500 1615 5571 ἡμῖν.
1646 5502 1784 5571 Φησὶ
1813 5501 1920 5572 γὰρ

2006 4593 2289 4663 prtesidio.
2323 4593 2389 4647 ad
2431 4593 2558 4646 vita:
2603 4589 2961 4645 obtinendam
3002 4586 3427 4643 correctionem.
3464 4584 3587 4654 Ipse

2008 4684 2157 4738 enim
2221 4682 2491 4736 Dominus
2538 4689 2730 4735 noster
2786 4692 3138 4747 summopere
3205 4675 3408 4747 gaudet
3457 4674 3587 4728 dum

2009 4774 2319 4829 orationem
2339 4771 2545 4841 excipit
2575 4785 2738 4839 quam
2780 4770 3031 4839 lacryma:
3091 4767 3429 4822 comitantur
3461 4778 3587 4820 cum

2014 4866 2208 4920 humili
2247 4865 2436 4927 corde,
2465 4863 2678 4933 1200
2707 4877 2810 4916 nec
2839 4861 2952 4916 ullo
2999 4869 3160 4930 pacto
3209 4875 3267 4914 sc
3321 4858 3590 4913 elferente

2015 4956 2171 5025 quasi
2206 4965 2409 5025 praeter
2435 4955 2639 5008 multos
2666 4953 2759 5023 qui
2801 4953 2948 5007 inter
2973 4966 3076 5005 nos
3110 4959 3277 5005 sunt:
3326 4964 3390 5002 ea
3442 4947 3589 5001 enim

2015 5046 2184 5101 animi
2212 5045 2453 5115 exigitur
2475 5042 2764 5106 modestia,
2789 5048 2849 5095 ut
2880 5057 2950 5096 ne
2982 5048 3133 5093 tanto
3160 5035 3399 5104 amplius
3422 5032 3589 5102 largi-

2016 5147 2191 5193 torem
2233 5136 2395 5191 istius
2416 5137 2605 5206 gratiae
2628 5133 3043 5189 exacerbemus.
3063 5128 3203 5182 Sunt
3238 5125 3386 5179 enirn
3424 5123 3593 5193 pleri-

2018 5243 2125 5298 que
2164 5243 2263 5296 pro
2295 5236 2535 5296 peccatis
2563 5226 2988 5294 illacrymamcs,
3029 5234 3168 5286 quos
3184 5215 3388 5285 alioqui
3432 5214 3590 5283 fugit.

2019 5319 2112 5388 qui
2166 5318 2238 5372 sit
2291 5333 2493 5387 scopus
2549 5317 2937 5384 lacrymarum.
3000 5309 3066 5363 Hi
3105 5308 3318 5362 insania
3376 5305 3592 5375 perciti,

2019 5410 2241 5464 demum
2269 5418 2455 5463 mente
2506 5406 2671 5459 etiam
2722 5403 2869 5458 moti-
2899 5410 3047 5454 sunt.
3106 5398 3161 5453 Si
3213 5398 3338 5466 quis
3368 5395 3599 5465 proinde

2021 5503 2319 5572 perfectus,
2372 5505 2663 5552 assecutus
2709 5505 2792 5548 est
2837 5491 3319 5560 compunctionem
3358 5528 3372 5554 ,
3434 5500 3598 5540 sensu

415 5650 461 5682 “
485 5652 627 5707 Psal.
656 5666 797 5719 xcvr,
833 5655 887 5709 5.
964 5653 1008 5685 ’⁵⁷
1042 5652 1232 5708 Matth.
1259 5669 1386 5722 xxv,
1414 5656 1503 5710 41.
1581 5656 1746 5713 "lsa.
1779 5673 1891 5712 va'

1994 5660 2055 5725 4;
2092 5659 2261 5713 Marc.
2289 5674 2361 5720 ix,
2384 5656 2473 5709 45.
2551 5654 2595 5684 δ’
2627 5652 2817 5706 Matth.
2854 5666 2966 5717 xvr,
3007 5647 3089 5702 19.
3168 5645 3213 5678 "
3237 5643 3341 5699 lsa.
3372 5657 3600 5710 xxxvm,

339 5717 374 5775 1
413 5734 525 5792 SCq.
