3918 6106
461 208 600 274 1⁵163

1725 207 2092 272 ANTIOCHI
2131 206 2478 268 moment
3557 209 3668 274 tm
3739 179 3748 194 ’

463 327 583 397 ipso
603 325 942 396 experietur,
963 337 1023 378 se
1043 337 1074 376 a
1101 336 1243 392 pane
1279 319 1408 376 vitae
1432 319 1749 376 alimoniam
1784 320 2036 390 accipere

2136 313 2165 366 ὁ
2199 313 2384 382 νόμος,
2418 331 2438 364 ι
2471 307 2798 394 Καθήμενος
2831 312 2891 364 ἔν
2923 310 3079 382 οἴκῳ,
3111 313 3208 366 καὶ
3253 313 3596 384 πορευόμενος
3621 319 3668 370 ὲν

461 420 839 492 splritualem:
880 413 1198 472 alimoniam
1241 411 1387 477 dico,
1435 411 1839 482 praestantioris
1889 413 2036 468 illius

463 512 684 582 (nempe
716 507 920 578 ﬁlialis)
966 505 1202 567 timoris,
1229 502 1546 556 alimoniam
1571 501 1834 556 desiderii
1867 503 2034 558 cmle-

463 601 582 664 stis,
615 599 976 670 suspiriosum
1007 596 1272 666 gemitum
1293 595 1526 648 internae
1559 593 1956 648 consolationis
1980 603 2038 649 et

463 689 926 760 compunctionis,
948 689 1239 756 melleique
1269 702 1332 740 ac
1349 685 1534 740 suavis
1563 684 1762 740 cantici
1792 685 2037 740 scientia:

463 783 919 853 prol'undioriset
949 780 1262 834 divinorum
1319 777 1684 848 quorumdam
1743 777 2036 848 mysterio-

461 888 604 938 rum_
641 871 1010 941 Compunctio
1042 871 1275 924 adornat
1295 883 1392 922 cor
1419 867 1797 937 concipiendis
1834 867 2038 937 cogita-

465 963 712 1020 tionibus
741 979 864 1031 quae
893 963 1004 1016 sint
1039 959 1438 1031 profundendis
1463 955 1720 1031 lacrymis
1745 959 1955 1014 idoneae
1980 966 2038 1013 et

463 1069 728 1126 perquam
797 1068 1028 1116 suaves,
1085 1053 1236 1108 unde
1287 1052 1478 1106 videre
1551 1066 1778 1121 prorsus
1849 1051 2033 1116 liccat,

463 1147 673 1202 semina
699 1143 967 1200 orationis
983 1159 1108 1198 cum
1135 1145 1645 1215 lacrymisinspersa
1661 1157 1782 1197 esse
1813 1142 1867 1196 in
1889 1151 2036 1197 terra

461 1237 648 1294 cordis
673 1235 848 1290 nostri
889 1248 1114 1305 propter
1165 1247 1326 1305 spem‘
1350 1235 1590 1290 metendi
1639 1235 1770 1289 olim
1824 1235 2034 1305 gaudii.

460 1331 744 1388 Mcditatio
775 1345 939 1398 quam
968 1329 1304 1382 comitantur
1334 1327 1691 1396 compunctio
1741 1336 1796 1382 et
1831 1327 2033 1392 oratio,

2138 402 2263 472 ὁδῷ,
2295 403 2388 456 καὶ
2423 400 2811 472 κοιταζόμενος
2863 402 2958 455 καὶ
3012 401 3405 471 ἀνιστάμενος
3433 405 3537 475 ﬁta;
3559 406 3668 460 ἀσά-

2136 496 2303 547 λευτα
2331 494 2436 564 πρὸ
2458 493 2756 563 ὀφθαλμῶν
2785 511 2878 546 σου
2903 533 2918 555 ,
2965 493 3051 547 ἴνα
3084 495 3264 564 μάθῃς
3291 494 3558 563 φοϐεῖσθαι
3580 499 3670 551 Κύ-

2137 601 2256 652 ριον
2307 585 2400 637 τὸν
2431 585 2565 637 Θεόν
2595 601 2714 638 σου.
2753 604 2773 636 ι
2833 586 2996 654 Λέγει
3027 585 3080 638 δὲ
3116 587 3210 639 καὶ
3265 590 3294 640 ὁ
3331 587 3471 652 Ἰὼϐ,
3515 605 3532 638 ι
3570 589 3672 658 Ἀφ-

2140 675 2317 726 ίκοιτό
2345 693 2448 745 μου
2488 679 2521 746 ἡ
2570 675 2758 744 δέησις
2789 676 2924 746 πρὸς
2955 677 3189 748 Κύριον,
3239 676 3416 731 ἔναντι
3443 679 3496 731 δὲ
3539 681 3673 734 αὐτοῦ

2139 768 2324 830 στάξοι
2375 785 2476 838 μου
2519 769 2547 820 ὀ
2583 767 2882 836 ὀφθαλμός.
2926 787 2945 819 ι
2995 769 3106 822 Καὶ
3149 771 3184 839 ἡ
3221 770 3394 824 Ἄννα
3426 771 3676 840 etiamm

2137 861 2322 931 Σιλὼμ
2352 863 2444 916 καὶ
2471 863 2708 917 ἔκλαιεν.
2778 863 2888 916 Καὶ
2945 863 3294 934 προσηύξατο
3324 867 3455 936 πρὸς
3489 866 3674 938 Κύριον,

2135 953 2392 1022 λέγουσα,
2427 973 2445 1003 ι
2497 954 2622 1006 Ἐὰν
2652 953 2954 1022 ammon;
2983 955 3074 1007 ἐπὶ
3105 955 3201 1024 τὴν
3230 956 3548 1010 ταπείνωσιν
3577 975 3677 1026 μου,

2137 1047 2230 1098 καὶ
2259 1044 2364 1115 δῷς
2398 1061 2489 1113 μοι
2512 1046 2736 1114 σπέρμα
2762 1045 2974 1116 ἀνδρὸς.
3015 1063 3035 1096 τ
3074 1045 3186 1098 Καὶ
3205 1049 3520 1116 είσήκουσεν
3543 1049 3678 1118 αὐτῆς

2137 1134 2360 1204 Κύριος.
2397 1139 2504 1188 Καὶ
2541 1138 2816 1207 παρέσχεν
2846 1139 2984 1210 αὐτῇ
3008 1140 3100 1190 τὸν
3129 1142 3420 1212 προφήτην
3441 1142 3679 1214 Σαμουήλ.

2137 1228 2248 1280 Καὶ
2273 1231 2306 1298 ἡ
2339 1227 2649 1297 ἄλλη“Αννα
2677 1230 2772 1282 τοῦ
2789 1232 3042 1301 Ἰωακεὶμ
3078 1231 3344 1286 κλαίουσα
3373 1236 3463 1288 καὶ
3489 1237 3681 1290 αἰτοῦσα

2135 1321 2194 1372 ἐν
2217 1319 2294 1388 τῷ
2333 1321 2648 1392 παραδείσῳ
2668 1323 2838 1392 αὐτῆς
2869 1325 2994 1394 περὶ
3024 1325 3240 1388 τέκνου,
3279 1328 3564 1396 ἐκομίσατο
3601 1330 3681 1400 τὴν

2136 1409 2300 1476 ἁγίαν
2329 1411 2610 1481 Παρθένον
2660 1415 2900 1484 Μαρίαν,
2943 1415 3044 1486 τὴν
3077 1419 3218 1471 κατὰ
3275 1421 3456 1490 σάρκα
3486 1421 3682 1492 Μητέρα

2137 1501 2232 1554 τοῦ
2285 1503 2492 1574 Κυρίου
2539 1505 2633 1556 καὶ
2669 1505 2804 1558 Θεοῦ
2873 1507 2969 1560 καὶ
3013 1509 3269 1578 Σωτῆρος
3324 1511 3480 1580 ἡμῶν
3539 1513 3682 1582 ’1ησοῦ

463 1603 722 1660 miensac
769 1619 1004 1667 surgens
1153 1603 1257 1658 fixa
1297 1603 1409 1657 sint
1456 1613 1512 1658 et
1551 1603 1852 1658 immobilia
1904 1612 2034 1660 ante

2138 1594 2398 1666 Χριστοῦ.
2434 1597 2592 1648 Καὶὸ
2613 1597 2796 1662 Δαυῖδ,
2832 1617 2852 1649 ι
2889 1599 3220 1654 Εἰσὰκουσον
3253 1601 3359 1672 τῆς
3410 1604 3684 1674 προσευχῆς

462 1697 656 1751 oculos
702 1699 966 1767 ισοξ-εμπ
1019 1694 1200 1751 discas
1257 1695 1449 1750 timere
1503 1695 1797 1750 Dominum
1861 1695 2034 1751 Deum

2141 1705 2264 1758 μου,
2295 1688 2467 1760 Κύριε
2490 1729 2506 1754 ,
2545 1691 2636 1742 καὶ
2687 1691 2786 1760 τῆς
2833 1691 3071 1762 δεήσεὼς
3121 1709 3222 1764 μου
3252 1710 3269 1723 ·
3303 1695 3551 1749 ὲνώτισαι
3595 1695 3683 1748 τῶν

461 1799 620 1842 tuum
643 1789 709 1840 ".
755 1807 774 1840 ι
813 1787 955 1842 Dicit
988 1795 1172 1842 autem
1209 1795 1266 1842 et
1293 1787 1426 1843 Joh:
1474 1805 1492 1838 ι
1520 1787 1810 1842 Perveniat
1837 1787 2036 1858 depre-

2137 1779 2387 1852 δακρύων
2421 1800 2544 1852 μου,
2579 1783 2652 1851 μὴ
2685 1787 3145 1857 παρασιωπήσῃ.»
3185 1789 3291 1840 Καὶ
3314 1788 3681 1851 εἰσακουσθεὶς.

463 1879 610 1934 catio
661 1893 780 1932 mea
811 1878 879 1933 ad
924 1879 1242 1944 Dominum,
1277 1894 1463 1934 coram
1513 1887 1698 1933 autem
1751 1895 1821 1934 eo
1866 1865 2038 1936 stillet

2138 1875 2334 1942 φησὶν,
2373 1892 2392 1924 ι
2443 1873 2722 1944 Ἐλεήμων
2772 1875 2800 1928 ό
2841 1875 3042 1946 Κύριος
3093 1879 3188 1931 καὶ
3215 1879 3445 1944 δίκαιος,
3471 1881 3548 1934 ὅτι
3577 1882 3683 1934 ἑτα-

461 1969 662 2022 oculus
701 1969 940 2022 meus”.
987 1987 1008 2020 ι
1068 1969 1224 2022 Anna
1291 1969 1518 2037 insuper
1567 1979 1920 2026 consternata
1981 1970 2037 2024 in

2139 1963 2410 2032 πεινώθην
2437 1966 2530 2016 καὶ
2558 1964 2762 2016 ἔσωσεν
2790 1981 2878 2034 με.
2911 1984 2929 2016 ι
2967 1967 3096 2031 Καὶ,
3127 1985 3146 2018 ι
3189 1968 3457 2032 Ἐξείλετο
3480 1971 3572 2042 τὴν
3594 1967 3683 2038 ψυ-

463 2058 673 2125 Seloin,
719 2058 988 2128 flensque.
1041 2059 1348 2114 orationem
1385 2059 1581 2113 etludit
1611 2049 1676 2114 ad
1716 2061 2034 2126 Dominum,

2136 2057 2238 2122 χήν
2271 2070 2370 2121 μου
2414 2055 2478 2106 ἐκ
2519 2053 2756 2107 θανάτου
2777 2069 2792 2084 '
2820 2057 2943 2119 τοὺς
2978 2056 3294 2127 ὀφθαλμούς
3339 2076 3444 2128 μου
3473 2060 3574 2113 ἀπὸ
3600 2059 3681 2114 δα-

463 2151 685 2207 dicens:
727 2171 744 2201 ι
773 2150 828 2205 Si
861 2151 1170 2220 respiciens
1199 2151 1513 2220 respexeris
1549 2152 1617 2206 ad
1667 2153 2035 2208 humilitatem

462 2259 666 2306 meam,
694 2252 754 2296 et
781 2241 1006 2296 dederis
1057 2242 1191 2296 mihi
1254 2258 1440 2296 semen
1471 2243 1575 2296 viri
1594 2243 1674 2296 ’δι
1717 2263 1735 2296 ι
1785 2251 1842 2299 et
1895 2244 2038 2301 hanc

463 2333 731 2388 Deminus
753 2333 1056 2393 exaudivit,
1079 2333 1341 2401 deditque
1365 2334 1684 2404 prophetam
1700 2335 2032 2394 Samuelcm.

463 2422 650 2479 Altera
712 2424 843 2478 item
879 2429 1033 2478 Anna
1067 2423 1335 2480 Joacltitni
1373 2440 1532 2489 uxor,
1592 2424 1731 2480 ﬂens
1783 2425 1837 2480 in
1875 2426 2036 2481 horto

463 2531 723 2574 suo.cum
747 2517 1068 2586 petitionem
1088 2532 1241 2570 suam
1267 2516 1670 2586 obtulissetpro
1689 2516 2036 2586 impetrando

463 2606 597 2671 ﬁlio,
626 2607 928 2676 promeruit
955 2607 1206 2676 accipere
1221 2617 1463 2662 sanctam
1486 2607 1764 2677 Virginem
1785 2607 2034 2673 Mariam,

463 2699 681 2756 Domini
714 2715 778 2754 ac
810 2700 905 2754 Dei
950 2708 1006 2754 et
1047 2699 1353 2754 Salvatoris
1419 2700 1590 2754 nostri
1640 2701 1770 2754 Jesu
1828 2699 2034 2755 Christi

461 2793 768 2846 secundum
791 2807 1037 2851 carnem,
1077 2791 1324 2845 Matrem.
1357 2791 1528 2845 David
1566 2791 1682 2860 ipse
1713 2809 1726 2844 :
1766 2809 1784 2841 ι
1826 2791 2036 2846 Exaudi

465 2881 774 2937 orationem
795 2898 992 2948 meam,
1017 2883 1266 2946 Domine,
1283 2890 1339 2936 et
1361 2882 1801 2952 deprecationem
1828 2899 2035 2939 meam:

467 2972 698 3027 auribus
729 2972 954 3041 percipe
1005 2973 1274 3042 lacrymas
1315 2987 1492 3026 meas:
1545 2987 1616 3026 ne
1663 2972 1968 3026 siiueris".
2009 2991 2028 3022 ι

463 1421 636 1494 gignit
661 1422 714 1475 in
747 1420 907 1476 nobis
939 1430 1150 1475 castum
1181 1419 1274 1474 Dei
1309 1420 1563 1474 timorem
1583 1435 1608 1484 ;-
1627 1419 1708 1474 ait
1735 1419 1882 1472 enim
1913 1420 2032 1473 lea:

465 1531 490 1564 4
537 1511 749 1568 Sedens
775 1513 828 1566 in
848 1513 1015 1568 domo
1045 1521 1158 1574 tua,
1185 1525 1242 1565 et
1267 1511 1557 1566 ambulans
1581 1511 1636 1565 in
1668 1513 1777 1573 via,
1817 1520 1873 1566 et
1903 1513 2035 1568 dor-

2142 2251 2161 2284 ι
2191 2235 2258 2286 ill
2288 2236 2394 2304 γὰρ
2423 2235 2736 2303 σπείροντες
2773 2238 2830 2288 ἐν
2859 2236 3141 2306 δάκρυσιν,
3191 2241 3249 2292 ἐν
3269 2240 3584 2308 ἀγαλλιάσει
3612 2241 3685 2294 θε-

2139 2326 2333 2396 ριοῠσι.
2366 2345 2384 2376 ι
2419 2328 2639 2390 Λοιπὸν,
2681 2345 2700 2377 ι
2743 2327 3218 2398 Εύαρεστήσωμεν
3273 2332 3356 2402 τῷ
3411 2332 3592 2402 Κυρίῳ
3634 2334 3682 2384 ἐν

2137 2417 2290 2486 χώρᾳ
2322 2416 2591 2480 ζώντων.)
2625 2420 2732 2470 Καὶ
2751 2418 2832 2482 τὸ,
2870 2421 3259 2491 «Πορευόμενοι
3287 2423 3344 2475 δὲ
3368 2424 3682 2492 ἐπορεύοντο,

2137 2511 2230 2559 καί
2267 2506 2500 2572 ἔκλαιον,
2535 2526 2555 2558 ι
2619 2509 2693 2572 ὡς
2737 2505 2908 2580 οἶμαι,
2965 2512 3046 2564 ὅτι
3103 2516 3230 2584 περὶ
3285 2515 3382 2584 τῆς
3435 2516 3682 2586 ἡμετέρας

2138 2599 2516 2670 αἰχμαλωσίας
2581 2603 2804 2670 φάσκει.
2855 2603 2936 2656 Τὰ
2983 2603 3094 2675 γὰρ
3145 2610 3565 2678 προγραφέντα,
3616 2611 3682 2669 εἰς

2139 2693 2284 2762 ἡμᾶς
2315 2695 2670 2764 κατήντησεν.
2707 2695 2814 2747 Καὶ
2840 2697 2998 2765 ἡμεῖς
3055 2691 3148 2751 οὗν
3198 2699 3504 2771 ὀφείλομεν,
3563 2699 3682 2770 ὑπὲρ

2139 2783 2348 2835 ἑαυτῶν
2371 2786 2643 2837 κάκείνων
2673 2787 2885 2856 πικρῶς
2931 2788 3209 2858 δακρύειν.
3240 2792 3464 2861 Πρῶτον
3503 2793 3592 2862 μὲν
3609 2793 3682 2844 διὰ

2137 2874 2228 2926 τὸν
2255 2877 2580 2946 ἐμπρησμὸν
2609 2877 2707 2944 τῆς
2755 2880 2918 2946 ἁγίας
2957 2883 3163 2945 πόλεως
3213 2885 3576 2956 Ἰερουσαλὴμ.
3603 2886 3680 2938 καὶ

2093 3025 2106 3044 ο
2139 2965 2237 3034 τὴν
2267 2967 2360 3018 τοῦ
2383 2968 2539 3034 ἁγίου
2560 2969 2791 3039 σταυροῦ
2819 2971 3054 3040 Χριστοῦ
3077 2973 3170 3026 τοῦ
3203 2974 3340 3028 Θεοῦ
3369 2978 3518 3043 ἡμῶν
3543 2977 3681 3046 μετά·

468 3063 540 3120 Ει
567 3063 867 3118 exauditus
899 3063 1014 3116 ait:
1049 3081 1066 3111 ε
1099 3062 1414 3116 Misericors
1462 3063 1728 3116 Dominus
1755 3063 2032 3132 etjustus,

2141 3075 2331 3110 στασιν
2397 3061 2454 3110 ἐν
2498 3062 2738 3133 Περσίδι,
2793 3065 2886 3116 καὶ
2919 3063 3006 3116 διὰ
3040 3067 3163 3128 τοὺς
3195 3067 3252 3116 ἐν
3303 3067 3574 3129 τοσούτοις
3603 3082 3680 3120 πο-

465 3157 595 3224 quia
615 3153 938 3208 humiliatus
959 3165 1102 3218 sum,
1121 3162 1180 3206 et
1210 3153 1437 3208 salvarit
1477 3169 1566 3208 me
1583 3155 1650 3207 “.
1687 3173 1706 3205 ι
1735 3154 1824 3217 Ει,
1869 3174 1888 3206 ι
1914 3155 2037 3209 Eri-

2136 3147 2322 3218 λὲμοις
2348 3150 2772 3221 ἀπολλυμένους,
2801 3155 2882 3208 ὅτι
2912 3155 3192 3226 σύσσωμοι
3216 3159 3248 3228 ἡ
3257 3159 3375 3228 μῶν
3426 3161 3578 3220 εἰσιν,
3605 3159 3680 3212 καὶ

465 3247 842 3316 puitanimam
873 3260 1051 3298 meam
1075 3245 1144 3300 de
1173 3255 1374 3309 morte,
1395 3245 1588 3301 oculos
1617 3261 1772 3301 meos
1803 3261 1832 3300 a
1862 3248 2038 3318 lacry-

2135 3242 2442 3312 ὁμόπιστοι.
2486 3245 2736 3309 Καθὼςό
2786 3251 3070 3320 προφήτης
3121 3249 3279 3320 Ἰωὴλ
3335 3251 3472 3322 βοᾷ·
3522 3269 3541 3302 ι
3570 3252 3680 3302 [law

467 3337 597 3400 mis,
621 3336 789 3406 pedes
817 3350 1018 3390 meosa
1049 3335 1208 3405 lapsu
1223 3335 1323 3390 ".-
1357 3336 1446 3403 Et,
1479 3354 1497 3387 ι
1534 3335 1639 3404 Qui
1670 3337 1948 3392 seminant
1979 3337 2036 3390 in

2138 3333 2299 3396 θεῖτε,
2331 3334 2527 3404 λέγων,
2553 3339 2603 3390 οἱ
2635 3339 2802 3410 ἱερεῖς
2855 3342 2904 3394 οἱ
2929 3341 3370 3412 λειτουργοῦντες
3418 3343 3492 3413 τῷ
3521 3345 3680 3396 θυσια-

464 3429 724 3500 lacrymis
773 3427 828 3482 in
882 3428 1256 3482 exsultatione
1301 3429 1596 3484 metent".
1637 3447 1658 3482 ι
1719 3429 1928 3484 Deinde
1981 3437 2038 3484 et

2138 3427 2364 3497 στηρίῳ.
2407 3429 2491 3480 ὅτι
2513 3429 2998 3501 τεταλαιπωρηκεν
3036 3435 3234 3503 πᾶοαὴ
3267 3436 3343 3504 γῆ
3367 3451 3381 3464 ⁸
3414 3433 3676 3495 κλαύσατε,

461 3521 638 3576 illud:
672 3543 690 3574 ι
733 3521 968 3577 Placebo
1006 3523 1240 3577 Domino
1271 3523 1329 3578 in
1383 3507 1610 3595 regione
1637 3523 1890 3598 vivorum
1908 3525 1976 3576 ".
2011 3543 2032 3576 τ

2135 3517 2184 3569 οἱ
2209 3519 2374 3588 ἱερεῖς
2419 3523 2466 3572 οἱ
2500 3519 2942 3588 λειτουργοῦντες
2987 3523 3064 3592 τῷ
3110 3525 3324 3594 Κυρίῳ,
3375 3520 3468 3578 καί
3510 3527 3678 3596 ἐρεῖτε,

462 3611 604 3667 Illud
637 3613 802 3666 item:
827 3633 862 3663 -ε
904 3611 1113 3668 Euntes
1143 3611 1297 3668 ibant
1321 3623 1380 3668 et
1415 3612 1620 3668 ﬂebant
1635 3613 1702 3668 ⁶⁰.
1733 3633 1752 3666 ι
1789 3614 2034 3684 lltputo,

2135 3612 2346 3677 Φεῖσαι,
2373 3613 2565 3684 Κύριε,
2590 3613 2682 3667 τοῦ
2707 3615 2836 3667 λαοῦ
2868 3633 2984 3680 σου,
3003 3617 3188 3687 καὶμὴ
3215 3617 3307 3681 δὺς
3330 3619 3431 3688 τὴν
3457 3619 3679 3686 κληρνεο·

459 3703 582 3758 ὴωο
614 3703 687 3757 de
723 3711 914 3757 nostra
941 3703 1260 3772 captivitate
1287 3703 1532 3758 reddidit
1554 3705 1798 3769 oracula,
1833 3704 1880 3757 si
1914 3705 2038 3774 qui-

2139 3701 2269 3770 μίαν
2300 3719 2394 3755 σου
2419 3705 2498 3766 εἰς
2523 3701 2741 3770 ὄνειδος,
2763 3704 2857 3758 τοῦ
2883 3707 3149 3778 κατάρξαι
3179 3709 3350 3780 αὐτὴν
3376 3711 3528 3778 ἔθνη·
3557 3710 3679 3768 ὅπως

459 3793 590 3848 dem
621 3793 939 3863 praescripta
976 3793 1093 3846 haec
1146 3792 1200 3846 in
1232 3809 1346 3848 nos.
1382 3793 1741 3848 incurrerunt
1764 3793 1863 3860 (l).
1925 3794 2037 3849 Nos

2138 3794 2212 3862 μὴ
2241 3794 2485 3859 εἴπωσιν,
2547 3795 2649 3848 ποῦ
2691 3797 2842 3850 ἐστιν
2875 3799 2904 3850 6
2937 3799 3070 3864 Θεὸς
3109 3802 3322 3866 αύτῶνς
3361 3822 3382 3854 ι
3442 3803 3524 3856 Ἐν
3568 3803 3678 3870 ἡμῖν

463 3881 650 3952 igitur,
689 3897 788 3952 pro
817 3881 980 3936 nobis
1010 3880 1142 3951 ipsis
1161 3889 1326 3950 atque
1349 3881 1456 3936 illis
1478 3883 1745 3937 debemus
1768 3884 2037 3954 lacrymas

2136 3888 2243 3954 γάρ
2270 3885 2418 3937 ἐστιν
2449 3885 2542 3938 τοῦ
2570 3887 2892 3958 δυσωπῆσαι
2919 3890 3011 3942 τὸν
3058 3892 3438 3962 ἁμνησίκακον
3486 3891 3674 3963 Κύριον,

461 3974 804 4045 profundere
834 3973 1225 4028 amaritudinis
1253 3973 1462 4042 plenas.
1513 3973 1757 4028 Primum
1785 3976 2032 4044 quidem,

2135 3973 2318 4038 καθὼς
2348 3977 2442 4028 καὶ
2475 3979 2504 4029 ὁ
2549 3985 2836 4051 προφήτης
2886 3981 3146 4049 Σοφονίας
3201 3984 3466 4046 διδάσκει,
3511 3985 3674 4049 λέγων,

459 4067 608 4134 quod
639 4065 835 4120 civitas
857 4073 1044 4120 sancta
1065 4064 1368 4119 Jerusalem
1387 4065 1644 4120 incendio
1665 4066 2032 4136 conﬂagrarit,

2141 4083 2161 4116 ι
2189 4065 2505 4136 Παρέθηκέν
2549 4084 2632 4120 σοι
2669 4068 2802 4140 πῦρ,
2835 4073 2928 4124 καὶ
2960 4071 3123 4144 ὕδωρ,
3165 4067 3248 4140 οὗ,
3279 4077 3376 4128 ἐὰν
3397 4075 3565 4146 θέλῃς,
3600 4073 3676 4128 ἔκ-

459 4171 597 4212 crux
625 4171 846 4225 quoque
879 4169 1066 4210 sancta
1088 4155 1294 4212 Christi
1321 4157 1410 4210 Dei
1443 4157 1616 4211 nostri
1651 4157 1706 4212 in
1753 4158 2035 4214 Persidem

2135 4158 2310 4208 τεινόν
2348 4174 2440 4210 σου
2472 4159 2571 4228 τὴν
2601 4164 2790 4231 χείρω
2841 4163 3084 4218 ἐναντιον
3125 4163 3417 4235 ἀνθρώπου
3447 4167 3553 4236 ζωὴ
3599 4165 3675 4218 καὶ

461 4247 869 4318 transmigravit
893 4247 1082 4319 (Slzin
1105 4263 1299 4302 eorum
1337 4249 1469 4303 item
1527 4249 1756 4318 gratiam
1785 4250 1900 4319 'qui
1955 4257 2036 4305 tot

2136 4247 2383 4312 θάνατος.
2419 4251 2522 4302 Καὶ
2555 4247 2616 4306 οὗ
2651 4255 2746 4305 ἐὰν
2769 4254 3036 4328 εὐδοκήεῃ
3059 4300 3070 4316 ,
3101 4257 3388 4328 δοθήσεται
3414 4257 3571 4328 αὐτῷ.
3591 4255 3674 4309 Τδν

457 4340 626 4395 act-isi
659 4341 820 4394 hellis
841 4341 1154 4410 perierunt:
1183 4339 1344 4396 nobis
1365 4341 1514 4394 enim
1547 4347 1708 4396 erant
1731 4355 2030 4411 concorpo-

2138 4342 2244 4410 γὰρ
2293 4343 2674 4413 ἁμαρτάνοντα
2727 4349 2806 4410 εἰς
2860 4347 2962 4418 τὴν
3015 4351 3193 4420 ψυχὴν
3227 4351 3430 4416 αὐτοῦ,
3483 4353 3559 4412 τίς
3612 4349 3674 4403 δι-

458 4445 568 4499 res,
607 4440 663 4487 et
690 4433 886 4486 eadem
941 4432 1233 4486 nobiscum
1292 4431 1730 4504 insigniebatttur
1775 4433 1901 4487 nde.
1947 4433 2032 4488 Ad

2135 4433 2376 4498 καιώσει,
2423 4453 2442 4485 ι
2477 4437 2526 4488 εξ
2576 4439 2650 4508 μὴ
2679 4437 2844 4502 ζεστὰ
2873 4439 3084 4511 δάκρυα
3133 4445 3272 4512 μετὰ
3327 4443 3560 4508 κατανύξ
3583 4457 3672 4508 ω;;

457 4536 622 4592 quem
647 4522 870 4576 modum
891 4521 1009 4577 Joel
1035 4523 1305 4592 propheta
1326 4523 1554 4578 clamat:
1584 4523 1792 4592 1201
1820 4541 1840 4575 ι
1869 4523 2033 4578 Plan-

2135 4525 2274 4596 Διψᾷ
2316 4527 2424 4596 γὰρ
2453 4527 2540 4578 ἀεὶ
2564 4528 2662 4597 τὴν
2691 4530 2964 4600 σωτηρίαν
2991 4533 3148 4603 ἡμῶν
3193 4535 3222 4586 ὁ
3265 4535 3468 4602 ἀγαθὸς
3499 4537 3583 4586 καὶ
3604 4528 3674 4583 ετ·-

457 4612 592 4682 gite,
620 4613 939 4668 sacerdotes
961 4613 1058 4682 qui
1087 4614 1420 4669 ministratis
1460 4615 1642 4680 altari,
1671 4614 1800 4684 quia
1827 4615 2034 4670 misere

2135 4616 2438 4686 σπλαγχνες
2469 4621 2743 4687 Δεσπότης
2767 4635 2784 4652 ο
2813 4621 2994 4686 καθὼς
3016 4627 3046 4675 ὁ
3089 4624 3144 4676 Ἀ
3156 4624 3410 4689 πόστολος
3443 4621 3674 4694 μαρτυρεῖ

458 4701 657 4756 atilicta
686 4711 771 4756 est
795 4703 982 4761 omnis
1003 4713 1168 4758 terra.
1209 4705 1384 4770 Flete,
1408 4706 1727 4762 sacerdotes
1743 4707 1837 4776 qui
1869 4707 2035 4760 mini-

2135 4706 2326 4776 λέγων.
2366 4728 2386 4760 ι
2425 4709 2546 4763 Ὅτι
2573 4714 2776 4774 πάντας
2805 4713 3122 4784 ἁνῡρὼττους
3160 4717 3302 4770 θέλει
3329 4717 3580 4785 σωθῆναι,
3600 4728 3672 4766 καί

457 4795 645 4850 stratis
664 4794 918 4857 Domino,
935 4805 988 4848 et
1001 4795 1191 4862 dicite,
1210 4797 1402 4862 Parce,
1417 4798 1668 4862 Domine,
1687 4799 1894 4868 populo
1917 4809 2032 4864 tuo,

2137 4802 2214 4862 είς
2243 4801 2538 4868 ἐπίγνωσιν
2567 4802 2827 4873 ἀληθείας
2862 4804 3058 4860 ἐλθεῖν.
3088 4825 3109 4858 ι
3170 4807 3490 4878 Γέγραπται
3518 4807 3571 4860 δὲ
3597 4819 3668 4858 κατ

456 4895 512 4942 et
539 4903 606 4942 ne
629 4889 727 4941 des
759 4886 1136 4942 haareditatem
1171 4898 1318 4942 tuam
1349 4889 1401 4942 in
1437 4889 1824 4959 opprobrium,
1851 4891 2032 4946 utdo-

2137 4893 2196 4944 ὲν
2231 4891 2312 4964 τῷ
2339 4895 2479 4946 κατὰ
2503 4897 2718 4948 Λουκᾰν
2767 4898 3110 4970 Εὑαγγελίῳ,
3149 4919 3169 4949 ι
3209 4901 3317 4952 Καὶ
3351 4900 3462 4953 ἰδοὺ
3492 4898 3611 4968 γυνὴ
3627 4897 3672 4946 ἐν

456 4979 740 5034 minentur
771 4979 893 5050 ejus
927 4979 1206 5042 nationes,
1239 4989 1302 5034 ut
1326 4996 1396 5034 ne
1419 4979 1631 5044 dicant,
1663 4981 1754 5035 ubi
1777 4991 1860 5036 est
1886 4982 2034 5039 Deus

2137 4986 2204 5055 τῇ
2222 4985 2386 5038 πόλει
2415 4987 2534 5056 ἣτις
2553 4982 2618 5058 ἦν
2636 4989 2976 5059 ἁμαρτωλὸς.
3003 4992 3408 5060 καὶὲπιγνοῦσα
3434 4993 3512 5046 ὅτι
3540 4989 3674 5043 κατὰ·

455 5077 770 5132 θοιιυιηειῖ»
791 5074 847 5129 ln
867 5081 1057 5128 nostra
1088 5073 1238 5127 enim
1291 5073 1461 5126 situm
1495 5085 1579 5128 est
1607 5083 1878 5144 potestate
1904 5091 2036 5130 exo-

2140 5093 2319 5130 κειται
2345 5082 2372 5132 ὁ
2399 5079 2600 5151 Κύριος
2655 5083 2714 5134 ἐν
2738 5085 2804 5152 τῇ
2837 5085 2986 5157 οἱκὲᾳ
3016 5087 3104 5138 τοῦ
3133 5087 3451 5156 Φαρισαίου,
3479 5082 3674 5154 κομίσαι

527 5227 569 5256 ⁵¹
595 5225 975 5305 Deut._\_rl,_7,8_.
1003 5298 1028 5305 _
1053 5229 1099 5260 δ’
1125 5228 1285 5305 Deut.
1311 5245 1430 5305 _x1v,
1471 5228 1596 5305 23.-Δ
1667 5229 1834 5305 '1ng
1863 5246 1972 5305 im,
2003 5229 2038 5284 2

2153 5301 2170 5305 Δ
2197 5232 2448 5305 "lReg.
2474 5251 2514 5298 ι,
2567 5235 2656 5290 Η.
2765 5237 2811 5270 ³³
2834 5238 2975 5296 Psal.
3015 5255 3241 5302 xxxvm.
3295 5242 3377 5298 15.

456 5301 720 5368 cxtv,5,6.
761 5301 806 5332 "
833 5301 970 5354 ibid.
999 5298 1050 5354 8.
1127 5300 1173 5331 ⁵⁸
1203 5301 1345 5355 Psal.
1378 5315 1536 5364 στιν,
1564 5301 1618 5356 5.
1695 5299 1742 5332 ⁸⁹
1765 5301 1908 5356 Psal.
1943 5316 2038 5356 cxr

2145 5301 2197 5356 9.
2275 5304 2320 5335 ‘°
2342 5298 2486 5360 Psal.
2512 5321 2672 5373 ωιτν,
2703 5306 2758 5363 6.
2837 5309 2881 5342 ⁸⁸
2907 5308 3028 5365 .loel
3055 5325 3098 5376 ι,
3129 5298 3317 5378 ίὸέιι,
3347 5310 3432 5366 t7.

3479 5241 3525 5275 ι·
3549 5233 3664 5293 I‘saL

2011 5461 2239 5518 NOTAE.

527 5571 606 5646 (l)
639 5571 756 5646 §uh
781 5571 1026 5646 Cosdroa
1072 5583 1305 5646 tyranno
1338 5576 1602 5646 Persidis.

527 5641 606 5710 (2)
636 5640 1144 5714 Hierosolymitanée
1174 5645 1328 5700 urbis
1361 5645 1678 5702 incendium
1716 5645 1821 5702 sub
1849 5644 2118 5703 Cosdroa.

2137 2145 2340 2213 κρύων,
2369 2145 2460 2196 καὶ
2508 2144 2636 2206 τοὺς
2681 2146 2847 2209 πόδας
2883 2163 2984 2216 μου
3036 2147 3146 2200 ὰπὸ
3173 2147 3552 2220 ὀλισθήματος.
3587 2169 3684 2204 3—-
3747 2220 3756 2228 .
