3918 6106
313 248 448 311 1765
1119 243 1452 307 HOMILIA
1488 246 1699 309 CVIII.
1733 270 1802 285 -
1841 246 1941 307 DE
1980 246 2296 307 HONORE
2339 240 2780 307 PARENTUM.
3443 247 3581 314 1766

310 375 382 412 σα
410 358 749 429 ἀλάϐαστρον
782 358 970 430 μύρου,
1033 359 1139 411 καὶ
1170 361 1348 413 στᾶσα
1378 359 1555 413 ὀπίσω
1600 358 1754 431 παρὰ
1779 359 1908 424 τοὺς

2015 374 2132 413 rare
2166 369 2274 413 tam
2309 358 2639 413 clementem
2693 348 3005 432 Dominum,
3032 365 3090 411 et
3125 356 3216 428 qui
3257 354 3419 414 facile
3452 372 3570 416 me-

300 448 480 510 πόδας
508 448 602 502 τοῦ
654 448 826 517 Ἰησοῦ
856 447 1144 510 κλαίουσα,
1172 447 1377 518 ἤρξατο
1401 449 1614 519 βρέχειν
1642 451 1767 513 τοὺς
1796 452 1896 503 πό-

2015 450 2182 502 ‘iorum
2213 451 2461 502 omnium
2515 448 2903 503 obliviscitur:
2933 449 3088 518 juxta
3134 450 3426 504 oraculum
3475 449 3578 504 So—

301 539 401 602 δας
438 538 609 593 αὐτοῦ
637 543 747 602 τοῖς
779 540 1045 608 δάκρυσιν
1065 578 1080 601 ,
1119 540 1213 591 καὶ
1242 543 1364 602 ταῖς
1393 539 1567 611 θριξὶν
1591 539 1691 608 τῆς
1725 556 1899 609 κεφα-

2015 540 2221 606 ρῑιοηίαξ
2258 541 2562 610 prOphetm,
2593 541 2867 595 dicentis:
2908 540 3218 610 «Apposuit
3254 541 3355 595 tibi
3392 541 3574 609 ignem

296 627 406 697 λῆς
434 630 609 697 αὐτῆς
642 630 964 699 ἐκμάσσειν,
994 629 1091 682 καὶ
1144 628 1424 697 κατεφίλει
1451 629 1579 693 τοὺς
1602 631 1767 692 πόσας
1799 631 1897 682 αύ-

2015 644 2050 684 :t
2079 647 2275 701 aquam
2299 649 2312 685 :
2345 632 2411 685 ad
2436 633 2761 686 utrumlibet
2790 633 3054 696 volueris,
3082 632 3317 686 extende
3353 644 3577 685 manum

295 717 419 780 τοῦ,
451 721 552 772 καὶ
589 719 812 790 ἤλειφεν
839 721 918 789 τῷ
954 718 1134 790 μύρῳ,
1171 737 1193 771 ι
1229 720 1324 773 καὶ
1354 720 1588 791 ἡκουσεν
1616 720 1771 791 παρὰ
1802 719 1896 774 τοῦ

2021 736 2144 775 nam
2173 738 2186 774 :
2212 731 2339 777 ante
2365 724 2616 777 homines
2672 724 2785 776 vita
2804 732 2860 777 et
2889 738 3062 786 mors,
3099 728 3153 774 et
3179 719 3565 789 quodcumque

291 811 584 879 Σωτῆρος,
624 829 642 861 ι
665 811 971 878 Ἀφέωνταί
998 828 1091 863 σου
1121 813 1175 864 αἱ
1207 813 1527 884 ἁμαρτίαι.»
1561 814 1722 885 Λύτῴ
1745 817 1779 885 ἡ
1802 814 1886 867 δό-

2015 815 2279 878 μιοοιιειοὶι,
2311 814 2534 869 dabitur
2557 830 2658 869 eis.
2689 815 3013 869 Peccantem
3053 815 3203 869 enim
3244 815 3299 869 in
3332 817 3569 871 animam

290 902 366 969 ξα
401 905 489 967 εἰς
521 904 645 966 τοὺς
675 904 892 967 αἰῶνας.
941 904 1131 975 Ἀμήν.

2017 922 2137 961 uam
2156 907 2280 975 quis
2296 906 2620 976 justificabit
2636 906 2718 959 B*?
2741 928 2757 956 ι
2782 907 2935 972 Quis,
2957 907 3199 975 inquam,
3217 908 3321 963 nisi
3345 909 3568 977 praefero

291 1001 454 1075 vida:
481 1001 758 1073 lacrymm,
786 1017 925 1071 quas
949 1006 1248 1060 comitetur
1272 1006 1626 1073 eompunctio
1648 1009 1675 1061 ?
1713 1007 1845 1062 Sitit
1878 1005 2100 1076 quidem
2132 1021 2353 1077 semper
2385 1014 2633 1059 nostram
2658 1002 2903 1056 omnium
2935 1005 3170 1058 salutem
3202 1003 3474 1074 benignus
3513 1005 3570 1058 cf

323 1092 634 1147 aiserieors
664 1093 933 1148 Dominus
954 1095 1041 1149 vel
1084 1104 1221 1151 teste
1244 1097 1544 1167 Apostolo:
1574 1116 1592 1149 ι
1621 1097 1726 1164 Qui
1762 1113 1956 1152 omnes
1987 1097 2239 1152 homines
2263 1096 2381 1151 vult
2413 1096 2594 1150 salvus
2628 1094 2769 1160 fieri,
2794 1104 2850 1148 et
2872 1094 2936 1147 ad
2961 1094 3294 1163 agnitionem
3326 1091 3573 1150 veritatis

299 1187 507 1242 venire
535 1187 601 1241 ".
640 1205 661 1239 ι
700 1185 976 1258 Scriptum
1010 1201 1196 1244 autem
1229 1202 1313 1245 est
1344 1200 1401 1246 et
1429 1192 1485 1246 in
1520 1190 1682 1246 Lucae
1710 1191 2007 1261 Evangelia
2038 1208 2051 1244 :
2094 1210 2111 1241 ι
2145 1189 2212 1243 Ει
2233 1204 2362 1243 ecce
2392 1188 2590 1242 mulier
2623 1203 2746 1257 quae
2775 1197 2888 1242 erat
2925 1188 2980 1241 in
3015 1188 3237 1242 civitate
3269 1187 3566 1256 peccatrix.

290 1286 370 1333 ut
403 1276 673 1350 cognovit
697 1278 826 1347 quia
865 1280 1219 1335 accumberet
1242 1282 1509 1336 Dominus
1550 1282 1609 1336 in
1638 1281 1802 1336 domo
1846 1280 2130 1342 Pharisrei,
2174 1280 2360 1333 attulit
2393 1280 2729 1333 alabastrum
2770 1279 3040 1348 unguenti
3074 1297 3086 1331 :
3119 1293 3355 1347 cumque
3385 1277 3568 1333 stetis-

296 1377 395 1425 set
427 1379 584 1424 retro
630 1383 794 1424 secus
839 1362 1018 1439 pedes'
1054 1371 1194 1440 ejus,
1224 1370 1362 1427 ﬂens
1392 1371 1560 1441 erepit
1584 1371 1763 1442 rigare
1791 1371 1959 1441 pedes
1989 1371 2110 1440 ejus
2132 1370 2411 1439 lacrymis,
2444 1377 2498 1422 et
2527 1368 2742 1437 capillis
2792 1369 2990 1441 capitis
3032 1369 3118 1423 sui
3167 1368 3475 1438 detergere,
3506 1376 3565 1422 et

305 1465 613 1530 unguento
645 1457 883 1528 ungebat
910 1457 992 1523 ἰς
1036 1476 1056 1510 ι
1087 1467 1148 1514 et
1171 1473 1239 1514 eo
1259 1460 1565 1531 promeruit
1587 1475 1722 1516 voce
1752 1458 2052 1516 Salvatoris
2076 1458 2214 1513 illud
2240 1458 2433 1513 audire
2459 1475 2473 1511 :
2510 1475 2528 1508 ι
2550 1457 2923 1512 Dimittuntur
2943 1458 3042 1512 tibi
3064 1468 3287 1527 peccata
3319 1467 3410 1512 tua
3435 1458 3499 1510 “.
3532 1477 3551 1510 ο

304 1548 445 1620 Ipsi,
465 1551 641 1621 gloria
670 1550 729 1605 in
754 1550 981 1633 saecula.
1010 1550 1209 1607 Amen.

911 1728 1135 1781 ΛΟΓΟΣ
1170 1728 1302 1780 PH'.
1924 1686 1969 1741 ³
2010 1739 2027 1751 ”

788 1839 927 1906 Περὶ
955 1837 1130 1906 τιμῆς
1159 1838 1405 1908 γονέων.

2456 1719 2744 1776 HOM‘ILIA
2772 1722 2954 1778 CVIII.

2356 1832 2435 1888 De
2460 1834 2661 1889 honore
2690 1845 2997 1906 parentum.

379 1953 499 2009 Τοῦ
521 1954 691 2023 τιμᾷν
713 1952 841 2013 τοὺς
868 1949 1127 2012 τεκόντας
1148 1950 1314 2019 ἡμᾶς,
1341 1947 1436 2001 καὶ
1452 1943 1689 2016 ἀμοιϐὰς
1718 1942 1903 2007 αὐτοῖς

2074 1941 2342 2001 Parentes
2392 1954 2453 1999 ut
2502 1943 2713 1999 honore
2756 1960 3180 2015 prosequamur,
3211 1926 3382 2019 utque
3407 1950 3581 2009 vicem

302 2046 628 2101 ἀποδιδόναι
661 2042 937 2111 ὀφειλέται
969 2040 1138 2112 ἐσμὲν
1188 2040 1281 2093 καὶ
1319 2040 1382 2092 ἐκ
1412 2041 1511 2109 τῆς
1551 2035 1782 2105 φυσικῆς
1812 2051 1901 2086 νο-

307 2137 603 2209 μοθεσίας.
653 2136 741 2188 Ἐν
770 2131 1007 2204 πρώτοις
1068 2132 1188 2200 μὲν,
1241 2131 1324 2184 ὅτι
1368 2129 1429 2182 τὸ
1456 2127 1715 2197 αἰσθητὸν
1744 2123 1905 2178 τοῦτο

306 2230 432 2299 φῶς
464 2228 534 2281 δι’
557 2226 736 2280 αὐτῶν
761 2224 1085 2293 ἑωράκαμεν
1108 2237 1124 2253 ο
1177 2220 1366 2273 ἔπειτα
1389 2217 1445 2272 δὲ
1484 2217 1576 2270 καὶ
1604 2215 1664 2268 τὸ
1690 2213 1901 2284 νοητὸν,

307 2321 598 2376 τουτέστιν
619 2317 717 2388 τὴν
747 2318 823 2378 εἰς
849 2315 940 2367 τὸν
984 2316 1184 2382 Κύριον
1209 2311 1367 2381 ήμῶν
1409 2307 1617 2377 Ἰησοῦν
1672 2304 1907 2376 Χριστὸν

308 2411 403 2465 διὰ
434 2408 530 2462 τοῦ
578 2406 954 2476 βαπτίσματος
986 2402 1311 2468 ἐπίγνωσιν·
1341 2400 1436 2452 καὶ
1463 2398 1551 2451 διὰ
1599 2395 1698 2466 τὴν
1750 2411 1906 2462 φυσι-

310 2500 421 2571 κὴν
448 2498 630 2553 αὐτῶν
661 2495 797 2564 πρὸς
829 2494 897 2546 τὰ
925 2492 1030 2545 ῑδια
1054 2480 1249 2559 ἔγγονα
1283 2490 1518 2557 στοργήν
1541 2502 1555 2517 ’
1594 2487 1687 2537 καὶ
1707 2483 1796 2536 διὰ
1814 2482 1905 2536 τὸν

313 2596 494 2649 κόπον
516 2589 574 2642 ὃν
597 2587 963 2657 ὑπομένουσιν
993 2585 1121 2654 περὶ
1145 2582 1243 2651 τῆς
1270 2578 1536 2648 ὲντροφῆς
1559 2577 1758 2638 αὐτῶν,
1813 2576 1907 2628 καὶ

314 2686 420 2755 τὴν
447 2682 720 2751 μέριμναν
745 2677 811 2748 ἢν
834 2675 1051 2749 ἔχουσιν
1076 2673 1268 2729 νυκτὸς
1289 2672 1380 2724 καὶ
1404 2669 1617 2741 ἡμέρας
1643 2666 1709 2720 δι’
1734 2666 1901 2720 αύτά.’

323 2778 403 2845 μή
452 2790 506 2825 τι
533 2771 640 2824 τῶν
683 2768 996 2836 ἀϐουλήτων
1026 2765 1208 2826 αὐτοῖς
1250 2762 1558 2833 συναντήσει
1578 2775 1593 2789 ⁸
1619 2759 1712 2811 καὶ
1738 2760 1905 2827 ἐργα-

321 2865 550 2936 ζόμενοι
581 2863 675 2916 καὶ
708 2859 1036 2932 μοχθοῦντες
1068 2857 1197 2928 περὶ
1227 2855 1521 2923 ἐνδύματος
1572 2852 1667 2907 καὶ
1702 2851 1909 2921 τροφῆς

320 2956 531 3015 αὐτῶν.
567 2953 662 3007 καὶ
693 2949 786 3003 τοῦ
816 2946 1252 3016 ἀποθησαυρισαι
1277 2945 1459 3006 αὐτοῖς
1496 2941 1634 3012 μετὰ
1656 2941 1905 2994 θάνατον.

2002 2034 2371 2102 rependamus
2406 2035 2825 2100 beneficiorum,
2875 2038 2961 2092 vel
3015 2038 3134 2107 ipse
3168 2050 3379 2097 naturae
3424 2050 3583 2097 tenor

2003 2131 2169 2192 atque
2238 2123 2378 2176 ordo
2453 2124 2625 2179 docet‘
2666 2140 2768 2179 nos
2819 2127 2946 2195 jure
3002 2126 3298 2199 obstringi,
3340 2130 3578 2200 idipsum

2003 2210 2296 2269 confirmat
2349 2210 2562 2266 sanctio
2604 2213 2745 2283 legis
2803 2214 3022 2268 divinae.
3090 2215 3150 2270 In
3199 2217 3414 2285 primis,
3450 2220 3579 2288 quia

2004 2299 2204 2354 sensile
2246 2299 2353 2355 hoc
2382 2301 2592 2366 lumen,
2625 2302 2845 2356 illorum
2873 2319 3040 2372 opera
3073 2315 3445 2375 contuemur;
3480 2310 3579 2364 de.

2004 2391 2134 2444 tnde
2164 2400 2220 2445 et
2269 2392 2611 2463 spiritualcm
2644 2393 2823 2448 lucem
2870 2395 3178 2460 hausimus,
3214 2396 3582 2466 nimirumag—

2004 2483 2264 2540 nitiouem
2361 2483 2485 2538 ﬁdei
2511 2500 2633 2553 qum
2666 2501 2765 2539 nos
2810 2502 2909 2555 per
2963 2487 3329 2557 regenerativi
3377 2489 3580 2544 lavacri

2005 2572 2235 2639 gratiam
2268 2582 2418 2626 recta
2449 2573 2603 2627 ducit
2635 2573 2700 2627 ad
2753 2575 3045 2629 Dominum
3084 2586 3337 2631 nostrum
3388 2578 3578 2634 Jesum

2006 2662 2331 2718 Christum:
2379 2673 2491 2718 tum
2540 2678 2766 2735 propter
2821 2668 2971 2737 pium
3025 2684 3154 2739 erga
3198 2686 3327 2725 suos
3355 2671 3578 2738 liberos,

2007 2771 2171 2823 quem
2198 2756 2418 2811 illorum
2458 2758 2657 2813 animis
2690 2770 2885 2813 natura
2929 2762 3147 2822 insevit.
3192 2748 3580 2819 affectumzob

2007 2848 2252 2903 laborem
2301 2865 2465 2919 quem
2501 2866 2604 2919 pro
2653 2851 2871 2906 illorum
2911 2853 3244 2909 educatione
3277 2853 3577 2920 sustinent,

2011 2948 2064 2994 et
2095 2939 2312 2994 anxiam
2367 2941 2799 2996 sollicitudinem
2857 2959 2964 3012 qua
3009 2944 3253 2998 interdiu
3303 2954 3579 3016 noctuque

324 3048 496 3109 Ποίας
524 3040 618 3098 οὖν
644 3042 800 3108 ἀξίας
829 3037 1064 3108 ἀμοιϐὰς
1118 3036 1257 3107 ὑπὲρ
1310 3034 1516 3088 τούτων
1548 3033 1766 3085 πάντων
1819 3030 1909 3083 δυ·

2015 3042 2250 3103 aguntur
2283 3031 2592 3087 dummale
2622 3041 2896 3095 metuunt,
2931 3048 3000 3088 ne
3036 3035 3167 3103 quid
3194 3036 3322 3090 tiliis
3352 3038 3467 3093 suis
3492 3052 3585 3094 oc-

327 3138 545 3207 νάμεθα
600 3130 991 3188 ἀνταποδοῦναι
1028 3130 1253 3193 αὐτοῖςς
1319 3125 1558 3178 Πάντοτε
1621 3121 1910 3193 τοιγαροῦν

331 3227 726 3293 σπουδάσωμεν
769 3223 836 3275 τὰ
860 3223 939 3282 εἰς
986 3220 1083 3290 τὴν
1105 3218 1269 3289 τιμὴν
1308 3218 1406 3269 καὶ
1460 3213 1754 3286 θεραπείαν
1815 3213 1911 3266 καὶ

329 3321 638 3374 ἀνάπαυσιν
665 3314 846 3369 αὐτῶν
867 3310 1320 3382 διαπράττεσθαι.
1350 3307 1646 3377 ἐξαιρέτως
1679 3305 1736 3359 δὲ
1759 3307 1816 3357 ὲν
1833 3303 1912 3376 τῷ

332 3412 498 3480 γήρει
530 3406 730 3469 αυτῶν,
759 3406 845 3458 ἵνα
902 3407 959 3456 ὲν
1006 3403 1190 3474 ὁράσει
1212 3401 1321 3453 τῶν
1366 3399 1573 3452 τέκνων
1620 3396 1913 3460 ἀναζωπυ-

364 3492 671 3570 ρῶνται,ῶς
691 3496 721 3548 ὁ
756 3492 949 3547 Ἰακὼϐ
990 3491 1248 3564 ἑωρακὼς
1262 3491 1354 3543 τὸν
1375 3482 1594 3558 Ἰωσήφ.
1622 3485 1914 3556 Γενώμεθα

336 3592 628 3664 ἐφάμιλλοι
662 3589 763 3643 κᾶν
793 3589 903 3649 τοῖς
947 3585 1155 3655 ὀρνέοις
1182 3585 1297 3643 τοῖς
1334 3578 1649 3647 λεγομένοις
1700 3575 1913 3646 ἔποψιν.

352 3689 570 3742 Ἐκεῖνα
590 3682 697 3751 γὰρ
724 3682 852 3734 ὅταν
883 3676 1064 3730 ῑδωσιν
1087 3675 1213 3737 τοὺς
1243 3674 1423 3741 γονεῖς
1448 3668 1628 3722 αὐτῶν
1649 3668 1918 3738 γηράσαν-

336 3796 466 3840 τας,
519 3775 613 3827 καὶ
642 3769 1192 3841 ἀμϐλυωπήσαντας,
1261 3761 1327 3815 τὰ
1380 3761 1547 3814 τέκνα
1584 3758 1918 3812 ὲκτίλλουσιν

2007 3132 2199 3179 currat
2226 3123 2441 3179 fortuiti
2495 3133 2552 3179 et
2578 3123 2797 3179 adversi
2820 3140 3012 3180 casus:
3061 3127 3255 3181 sedulo
3286 3128 3419 3183 item
3451 3130 3581 3185 dum

2008 3223 2334 3286 operantur,
2369 3231 2434 3270 ac
2462 3216 2751 3285 perplexos
2798 3215 3005 3272 adeunt
3046 3218 3269 3274 labores
3294 3221 3557 3289 quibusli

2010 3305 2160 3360 beris
2182 3307 2300 3360 suis
2324 3305 2706 3360 indumentum
2746 3314 3020 3373 parentet
3046 3306 3382 3371 alimoniam,
3418 3320 3587 3381 utque

2011 3397 2319 3467 posteritati
2370 3405 2639 3466 seponant
2684 3396 3007 3452 thesaurum
3035 3407 3097 3469 et
3122 3415 3152 3453 a
3186 3410 3363 3455 morte
3413 3401 3588 3457 relin-

2015 3495 2208 3557 quant.
2239 3486 2439 3553 Quam,
2479 3501 2686 3555 quaeso,
2733 3487 2910 3542 vicem
2977 3489 3252 3547 universis
3280 3491 3368 3546 his
3392 3493 3589 3548 condi-

2015 3594 2175 3649 gnam
2205 3578 2507 3648 rependere
2533 3578 2841 3647 possimus?
2867 3580 3132 3647 Quocirca
3154 3583 3471 3640 adnitamur
3489 3600 3591 3655 pro

2016 3668 2188 3734 virili,
2218 3684 2284 3723 ea
2313 3668 2537 3738 explere
2574 3684 2697 3738 quae
2719 3668 2789 3724 ad
2817 3686 3009 3725 eorum
3039 3673 3278 3727 attinent
3300 3674 3588 3741 honorem,

2016 3758 2382 3823 famulatum,
2432 3762 2704 3830 requiem,
2770 3759 2938 3831 idque
3002 3764 3377 3833 peculiariter,
3438 3766 3593 3822 senio

338 3869 442 3929 τὰς
474 3864 750 3933 πτέρυγας
772 3859 880 3912 τῶν
904 3853 1240 3926 γονέων,καὶ
1272 3852 1541 3921 λείχουσιν
1569 3850 1693 3913 τοὺς
1716 3849 1916 3919 όνροαλ-

2019 3853 2150 3909 dum
2203 3862 2541 3924 gravantur:
2575 3854 2787 3923 1,202
2825 3863 2885 3909 ut
2922 3856 3007 3909 vel
3058 3857 3180 3925 ipso
3234 3857 3473 3913 filiorum
3505 3873 3595 3915 as-

326 3938 493 4029 :pobc
525 3952 726 4018 αὐτῶν,
763 3952 856 4006 καὶ
903 3948 1196 4004 θάλπουσιν
1219 3944 1345 4007 τοὺς
1373 3945 1547 4011 γονεῖς
1594 3942 1773 3995 αὐτῶν

2020 3953 2182 4016 pectu
2219 3954 2544 4000 recreentur
2587 3961 2651 3999 ac
2686 3962 2854 4015 pr0pe
2921 3948 3294 4003 reviviscant:
3326 3950 3592 4019 quemad-

341 4050 446 4111 τὰς
480 4044 687 4099 ἑαυτῶν
731 4041 1030 4111 πτέρυγας,
1084 4036 1181 4090 καὶ
1207 4032 1612 4087 νοσσοποιοῦσιν
1640 4045 1655 4062 ⁶
1689 4033 1782 4085 καὶ
1812 4033 1916 4086 νέοι

2021 4033 2245 4089 modum
2268 4034 2460 4097 Jacob,
2488 4034 2608 4088 viso
2633 4051 2756 4088 Inox
2790 4035 3017 4105 Joseph.
3040 4037 3436 4094 Concertemus
3466 4055 3592 4095 cum

342 4140 588 4207 γίνονται
627 4136 675 4188 οἱ
701 4135 877 4202 γονεῖς
903 4127 1082 4184 αὐτῶν
1111 4143 1123 4157 '
1148 4126 1392 4194 λέγοντες
1419 4126 1531 4185 τοῖς
1559 4122 1803 4192 γονεῦσιν
1827 4124 1923 4176 αύ-

342 4230 477 4292 τῶν,
517 4228 595 4291 ὼς
625 4226 716 4279 καῖ¹
752 4223 908 4293 ὑμεῖς
951 4219 1401 4284 ὲνοσσοποιήσατε
1428 4215 1593 4284 ἡμᾶς,
1618 4214 1710 4265 atat
1738 4213 1923 4283 1511f;-

2024 4123 2258 4178 aviculis
2281 4136 2403 4193 qua:
2429 4138 2626 4193 upupa:
2654 4123 2950 4188 dicuntur;
2983 4126 3089 4181 illis
3120 4143 3188 4182 ne
3218 4128 3469 4201 dispares
3494 4129 3596 4186 de-

2023 4213 2438 4284 prehendamur
2479 4223 2537 4269 et
2583 4215 2942 4270 dissentanei.
2975 4215 3031 4270 Si
3080 4218 3303 4286 quando
3329 4223 3475 4275 enim
3500 4234 3597 4289 pa-

343 4339 480 4378 κατε
515 4319 832 4389 κάμνοντες,
874 4313 970 4366 καὶ
995 4310 1308 4381 τρέφοντες,
1348 4307 1443 4358 καὶ
1473 4306 1635 4404 ἡμεῖς
1661 4305 1722 4355 τὸ
1737 4303 1916 4404 ϐμοιον

2025 4315 2213 4359 rentes
2246 4318 2378 4358 suos
2402 4303 2644 4358 viderint
2693 4307 3074 4369 consenuisse,
3137 4317 3191 4362 et
3218 4323 3318 4376 per
3379 4311 3596 4366 senium

346 4412 479 4481 ὑμῖν
504 4406 654 4461 ποιοῦ
664 4423 784 4477 μεν.
815 4402 924 4456 Καὶ
953 4399 1070 4460 πῶς
1094 4396 1302 4463 λογικοὶ
1330 4395 1487 4464 ἡμεῖς
1510 4391 1681 4453 ὄντες,
1698 4393 1758 4481 ού
1791 4391 1922 4443 πολὺ

347 4478 513 4556 πλέον
544 4499 916 4565 ἀγαπήσωμεν
944 4491 1067 4553 τοὺς
1092 4487 1298 4541 ἑαυτῶν
1321 4487 1533 4554 γονείς;
1566 4481 1657 4551 Μὴ
1690 4478 1784 4535 οὖν
1803 4497 1926 4533 στε-

348 4589 602 4654 νάξουσιν
631 4582 751 4637 καθ’
777 4580 963 4651 ἡμῶν*
1018 4575 1329 4638 ἀλυσιτελὲς
1405 4574 1513 4644 γὰρ
1568 4572 1728 4625 τοῦτο
1772 4572 1924 4641 ἡμῖν,

353 4680 554 4754 μᾶλλον
575 4677 633 4731 δὲ
665 4675 760 4728 καὶ
797 4658 1088 4732 ἐπιϐλαϐές
1114 4685 1128 4699 ο
1167 4669 1263 4720 καὶ
1291 4666 1516 4725 εἰκότως
1556 4660 1924 4732 εὑρισκόμεθα

352 4768 667 4842 πατρολῷαι
718 4768 810 4820 καὶ
841 4762 1172 4834 μητρολῷαι.
1208 4761 1299 4813 Ἐν
1324 4759 1405 4831 τῷ
1427 4756 1925 4842 νὸμῳγέγραπταις

359 4887 378 4917 ι
418 4865 462 4918 Τ
469 4841 565 4934 ῖμα
593 4862 684 4913 τὸν
704 4858 914 4926 πατέρα
948 4871 1065 4917 σου,
1094 4852 1189 4906 καὶ
1216 4852 1314 4919 τὴν
1344 4850 1556 4918 μητέρα
1585 4864 1698 4914 σου,
1732 4846 1819 4900 ἴνα
1869 4841 1931 4899 εὖ

358 4973 440 5009 σοι
465 4956 710 5023 γένηται,
765 4949 861 5002 καὶ
890 4946 990 5019 ἔσῃ
1046 4942 1438 5015 μακροχρόνιος
1470 4940 1562 4992 ἐπὶ
1611 4939 1709 5008 τῆς
1746 4937 1865 5006 γῆς.
1906 4955 1927 4989 ι

359 5047 488 5109 Καὶ,
525 5063 542 5095 ι
582 5042 640 5095 'O
668 5037 983 5106 κακολογῶν
1035 5036 1244 5104 πατέρα
1269 5032 1301 5103 ἢ
1328 5032 1564 5102 μητέρα,
1595 5030 1811 5100 θανάτῳ
1839 5048 1931 5083 τε·-

359 5136 621 5191 λευτάτω.
648 5153 666 5184 ι
715 5131 987 5193 Ὡσαύτως
1020 5128 1111 5181 καὶ
1153 5129 1180 5180 ὁ
1216 5124 1463 5206 Ἡσαΐας,
1506 5140 1525 5173 ι
1567 5123 1625 5174 ’0
1649 5122 1824 5189 λέγων
1854 5122 1930 5194 τῷ

360 5229 549 5299 πατρὶ,
583 5226 648 5280 Τί
675 5224 976 5295 γεννήσῃςς
1004 5221 1097 5274 καὶ
1119 5220 1188 5289 τῇ
1222 5216 1408 5286 μητρὶ,
1433 5213 1496 5267 Τί
1517 5212 1746 5285 ὡδίνῃςς
1770 5212 1931 5281 γινὼ-

363 5336 477 5373 σκω
521 5315 632 5386 ἐγὼ
680 5317 760 5368 ὅτι
811 5312 1045 5383 σκληρὸς
1073 5304 1156 5373 εἴ,
1208 5307 1303 5361 καὶ
1348 5305 1539 5375 νεῦρον
1590 5304 1866 5373 σιδηροῦν,
1902 5306 1930 5358 ὁ

362 5408 628 5478 τράχηλος
659 5424 772 5460 σου.
813 5425 832 5458 t
868 5403 1061 5465 Ἀλλος
1086 5402 1164 5467 δὲ,
1222 5418 1240 5449 ι
1286 5398 1344 5451 ’0
1372 5395 1551 5465 τιμῶν
1578 5396 1817 5467 πατέρα,
1844 5397 1931 5449 εύ-

363 5499 737 5571 φρανθήσεται
784 5499 876 5551 ἐπὶ
894 5495 1126 5557 τέκνοις,
1179 5491 1275 5545 καὶ
1317 5489 1376 5543 ὲν
1407 5487 1592 5571 ἡμέρα
1622 5487 1931 5558 προσευχῆς

2028 4396 2346 4452 hebetiores
2397 4413 2519 4453 esse
2546 4399 2708 4452 visu:
2746 4397 2842 4452 filii
2885 4399 3060 4454 alares
3111 4401 3255 4469 pilos
3304 4412 3594 4471 parentum

2027 4489 2383 4553 convellunt,"
2422 4488 2942 4545 deindeallambunt
2988 4491 3175 4546 oculos
3202 4492 3444 4559 illorum,
3475 4509 3600 4551 mox

2026 4576 2176 4645 ipsos
2205 4586 2459 4646 parentes
2496 4577 2725 4632 suismet
2750 4578 2852 4633 alis
2883 4579 3162 4648 subiectos
3197 4582 3601 4639 excalefaciunt

2026 4682 2091 4722 ac
2128 4667 2400 4730 refovent,
2437 4678 2605 4738 atque
2642 4669 2717 4723 ita
2781 4669 3004 4724 demum
3057 4682 3155 4726 eos
3213 4674 3391 4743 quasi
3417 4675 3601 4745 pullos

2025 4772 2224 4811 recens
2243 4757 2425 4812 editos
2457 4767 2721 4813 revocant
2747 4761 2812 4814 ad
2838 4760 3030 4816 ﬂorent
3057 4765 3257 4830 astatis,
3308 4765 3390 4823 sic
3429 4767 3604 4839 utju-

2026 4865 2198 4906 vcnes
2226 4850 2404 4906 videri
2436 4852 2691 4921 possint:
2754 4854 2912 4923 quasi
2936 4854 2981 4908 si
3015 4857 3132 4911 suis
3165 4857 3352 4913 dicant
3401 4874 3602 4926 paren-

2030 4943 2713 5009 tibuszQuemadmodum
2750 4962 2848 5000 vos
2870 4947 3174 5015 pullescere
3222 4964 3324 5002 nos
3371 4947 3599 5013 fecistis,

2029 5033 2334 5089 et'lahores
2351 5035 2627 5089 tolerastis
2659 5052 2759 5106 pro
2791 5037 3120 5090 educatione
3156 5046 3364 5100 nostra,
3395 5045 3452 5090 et
3499 5052 3601 5092 nos

2031 5126 2212 5180 simile
2242 5125 2504 5195 quiddam
2540 5128 2699 5181 vobis
2731 5142 3110 5196 repensamns.
3161 5126 3363 5191 Quidni
3429 5127 3602 5198 igitur

2032 5230 2137 5269 nos
2165 5224 2422 5284 parentes
2443 5218 2679 5271 arctiorc
2710 5218 2934 5270 vinculo
2978 5216 3267 5271 charitatis
3297 5233 3605 5289 proseque-

2033 5321 2159 5360 mur
2187 5308 2417 5362 rationis
2449 5318 2750 5376 compotes,
2778 5315 2838 5360 ut
2878 5323 2947 5361 ne
2999 5308 3288 5362 adversum
3319 5325 3420 5363 n05
3447 5309 3603 5382 inge-

1984 5420 1993 5431 κ
2035 5397 2486 5452 miscant?PIane
2534 5413 2622 5451 res
2671 5398 3006 5466 ejuscemodi
3053 5400 3376 5470 neutiquam
3416 5401 3603 5459 futura

2035 5488 2198 5545 nobis
2224 5498 2310 5545 est
2331 5489 2426 5545 ulli
2462 5489 2857 5552 emolumento,
2883 5494 3057 5560 magis
3095 5500 3276 5547 autem
3300 5492 3601 5549 detrimen-

433 5678 478 5710 ⁶²
507 5677 620 5732 lino
655 5679 819 5735 Eccli.
856 5696 942 5746 xv,
978 5682 1064 5748 l'i,
1096 5682 1192 5748 l8;
1225 5698 1278 5748 ι,
1316 5682 1403 5737 5%.
1482 5683 1525 5714 ”
1559 5682 1577 5736 l
1609 5682 1747 5737 Tim.
1780 5700 1838 5751 ιι,
1870 5685 1916 5740 4.

2015 5683 2046 5715 θλ
2079 5685 2208 5741 Luc.
2242 5699 2335 5749 vn,
2371 5682 2436 5739 57
2466 5695 2618 5753 seqq.
2694 5683 2740 5715 "
2773 5678 2909 5738 ibid.
2940 5680 3027 5735 47.
