3918 6106
438 224 575 291 1767

1696 218 2063 280 ANTIOCHI
2101 217 2448 282 MONACHI

3564 218 3683 289 1768

436 345 556 394 tosa
588 331 908 395 admodum.
934 338 995 386 ut
1021 327 1112 400 qui
1133 324 1539 396 comperiemur
1552 333 1608 379 et
1628 326 1803 394 patris
1831 325 2000 379 fuisse

2109 328 2270 383 αὐτοῦ
2295 328 2800 400 εἰσακουσθήσεται.
2838 346 2858 382 ι
2893 327 3003 384 Kal
3031 329 3212 395 πάλιν,
3258 348 3282 382 ε
3313 329 3475 400 Εὐχή
3504 331 3684 402 πατρὸς

432 435 489 483 et
514 427 706 481 matris
733 438 983 481 rzsores.
1017 408 1074 477 In
1099 420 1218 489 lege
1267 419 1536 488 scriptum
1559 424 1684 471 est:
1726 434 1745 466 ι
1781 415 2001 469 Honora

420 528 646 587 patrem
676 526 828 570 tuum
847 522 904 569 et
928 520 1155 565 matrem
1179 519 1329 563 tuam
1356 518 1416 562 ut
1440 509 1578 561 bene
1613 506 1710 559 tibi
1738 505 1811 559 sit
1843 512 1899 556 et
1928 505 2005 558 sis

432 605 707 671 longaevus
724 615 890 668 super
914 591 1111 650 terram
1126 599 1191 650 “.
1205 597 1321 660 ιΕῑ,
1337 617 1357 648 ι
1379 596 1480 661 Qui
1506 597 1848 651 maledixerit
1867 596 2008 664 patri

432 689 1255 756 autmatri,mortemoriatur".
1271 688 1408 742 »Νεο
1426 689 1635 742 abludit
1649 690 1841 742 Isaias:
1866 710 1882 739 ι
1905 689 2009 756 Qui

430 786 564 842 dicit
580 786 721 854 patri
742 803 754 836 :
771 784 909 850 Quid
922 780 1250 852 generas?et
1266 781 1590 846 mali-izQuid
1605 782 1869 851 parturis?
1885 784 2011 840 Scio

430 893 554 949 ego,
580 877 708 946 quia
731 876 904 929 durus
921 888 1001 935 es,
1023 883 1080 925 et
1100 887 1301 926 nervus
1325 872 1538 927 ferreus
1562 875 1749 928 cervix
1775 886 1864 929 tua
1887 877 1953 927 ⁸⁸.
1985 892 2005 926 ι

429 970 587 1026 Alius
612 970 743 1023 item
774 985 789 1021 :
824 990 842 1017 ι
880 966 981 1033 Qui
1009 967 1502 1035 honoratpatrem,
1529 967 1929 1036 jucundabitur
1954 968 2010 1023 in

432 1061 566 1117 ﬁliis
580 1060 776 1123 suis,et
788 1060 840 1111 in
856 1059 943 1111 die
957 1058 1224 1111 orationis
1237 1073 1346 1110 suae
1358 1057 1687 1110 exaudietur
1699 1057 1743 1089 °’
1779 1056 2009 1111 ilterum

439 1170 458 1202 ι
475 1150 664 1206 Oratio
680 1148 853 1219 patris
868 1143 1158 1200 conﬁrmat
1177 1144 1370 1195 domos
1389 1140 1625 1193 ﬁliorum
1653 1158 1667 1200 ;
1694 1138 2006 1192 maledictio

430 1248 614 1291 autem
660 1237 850 1289 matris
887 1231 1131 1287 eradicat
1168 1230 1520 1284 fundamenta
1547 1229 1646 1281 ⁷⁸.»
1677 1226 2002 1295 Apostolus:

436 1351 455 1382 ι
468 1329 838 1388 Filii,obedite
853 1324 1172 1395 parentibus
1188 1323 1389 1378 vestris
1405 1325 1458 1375 in
1478 1322 1729 1376 Domino:
1745 1320 1847 1374 hoc
1857 1319 2004 1373 enim

426 1421 632 1492 justam
662 1429 763 1471 est.
806 1420 1021 1470 Honora
1055 1424 1263 1485 patrem
1298 1424 1450 1468 tuum
1491 1422 1547 1466 et
1576 1421 1827 1473 matrem,
1859 1410 2006 1480 quod

428 1511 762 1579 estprimum
782 1508 1099 1562 mandatum
1120 1506 1172 1558 in
1192 1501 2003 1574 promissionibus".nRursus:

435 1620 455 1653 ι
484 1601 606 1655 Filii
639 1601 856 1655 discant
899 1600 1139 1667 primum
1178 1597 1461 1665 propriam
1485 1595 1709 1648 domum
1751 1592 2004 1662 religiose

432 1709 649 1762 regere,
682 1702 739 1745 et
768 1700 1015 1744 mutuam
1048 1689 1221 1743 vicem
1246 1687 1480 1742 reddere
1511 1684 1836 1755 parentibus
1859 1701 1872 1735 :
1894 1683 2000 1737 hoc

427 1785 575 1838 enim
634 1784 839 1837 bonum
894 1790 948 1836 et
989 1790 1274 1848 acceptum
1307 1794 1492 1832 coram
1555 1778 1665 1831 Deo
1688 1778 1786 1828 τ’.»
1815 1776 2001 1829 Parm-

430 1877 656 1929 miastes
702 1876 831 1927 item
869 1892 881 1927 :
920 1894 935 1921 ι
970 1871 1143 1925 Filius
1172 1880 1384 1924 astutus
1408 1868 1597 1922 obedit
1645 1867 1782 1937 patri
1811 1883 1825 1918 :
1854 1866 1999 1919 lilius

432 1967 762 2037 inobediens
784 1967 837 2019 in
865 1965 1177 2034 perditione
1207 1963 1312 2015 erit
1336 1961 1436 2014 ⁷³.»
1464 1960 1699 2015 Iterum:
1728 1978 1745 2008 ι
1771 1957 1999 2012 Maledi-

429 2058 608 2112 ccntis
648 2056 786 2126 patri
841 2069 935 2109 aut
987 2056 1147 2109 matri
1198 2052 1580 2123 exstinguetur
1623 2051 1847 2104 lucerna
1874 2048 1942 2101 “.
1975 2065 1994 2098 ι

428 2151 632 2206 lterum
659 2167 671 2200 :
696 2167 713 2198 ι
748 2147 848 2212 Qui
889 2148 996 2199 vim
1035 2147 1164 2201 facit
1201 2146 1340 2214 patri
1381 2154 1476 2197 aut
1515 2142 1699 2203 matri,
1729 2151 1786 2197 et
1825 2139 2002 2195 credit

429 2254 488 2293 se
520 2254 626 2291 non
658 2252 910 2306 peccare.
930 2236 1112 2290 socius
1139 2245 1223 2290 est
1249 2236 1350 2288 viri
1377 2234 1528 2304 impii
1553 2235 1649 2287 '5.»
1681 2233 1919 2301 ldipsum
1945 2240 2002 2288 et

428 2326 694 2381 Dominus
717 2325 783 2378 ad
822 2325 1149 2383 Pbariszeos,
1192 2343 1209 2374 ι
1249 2327 1427 2389 Quare
1450 2332 1506 2376 et
1542 2338 1642 2377 vos
1667 2321 2002 2390 transgredi-

428 2419 564 2472 mini
590 2419 761 2487 legem
796 2417 890 2470 Dei
927 2424 1151 2485 propter
1190 2414 1540 2469 traditionem
1567 2423 1807 2468 vestram
1829 2413 1852 2465 ?
1873 2428 2000 2466 nam

429 2510 574 2564 Deus
602 2509 772 2563 dixit:
803 2508 1022 2562 Honora
1058 2516 1268 2576 patrem
1294 2516 1447 2560 tuum
1476 2516 1533 2560 et
1549 2516 1800 2570 matrem,
1828 2513 1883 2560 et
1904 2504 2000 2574 qui

429 2600 778 2654 maledixerit
800 2599 940 2668 patri
965 2598 1049 2652 vel
1069 2597 1252 2660 matri,
1269 2605 1445 2652 morte
1468 2598 1731 2651 moriatur
1752 2614 1768 2663 ;
1788 2612 1884 2650 vos
1904 2612 2002 2651 au-

431 2700 539 2745 tem
565 2690 749 2745 dicitis
784 2707 795 2739 ε
826 2690 1171 2757 Quicumque
1196 2686 1398 2742 dixerit
1426 2688 1568 2757 patri
1592 2688 1676 2742 vel
1705 2689 1863 2742 matri
1888 2704 2002 2743 suae

428 2781 641 2836 Corban
674 2780 873 2849 :(quod
910 2789 995 2834 est
1013 2795 1256 2841 munus,
1295 2778 1683 2848 quodcumque
1707 2789 1790 2833 est
1818 2794 1885 2833 ex
1913 2794 1999 2834 me

430 2872 529 2926 tibi
561 2870 842 2939 proderit;
869 2879 925 2923 et
946 2885 1052 2922 non
1083 2868 1697 2937 honoriﬁcabitpatrem
1726 2884 1882 2922 suum
1905 2875 2002 2922 aut

2106 422 2352 491 στηρίξει
2405 417 2553 475 οἷκον
2586 421 2819 475 τέκνων·
2871 422 3084 492 κατάρα
3139 422 3192 474 δὲ
3227 420 3462 492 μητρὸς
3503 422 3687 492 ὲκριζοῖ

2103 512 2328 583 θεμέλια
2351 515 2522 567 οἴκου.
2553 534 2572 565 ι
2610 516 2717 567 Καὶ
2742 516 2771 566 6
2820 514 3160 577 Ἀπόστολος,
3208 533 3229 565 ι
3272 515 3368 567 Τὰ
3397 514 3588 579 τέκνα,
3609 515 3688 566 ὺπ-

2105 604 2329 657 ακούετε
2361 608 2473 667 τοῖς
2505 605 2754 672 γονεῦσιν
2785 606 2960 674 ὑμῶν,
2990 608 3048 658 ὲν
3093 607 3311 676 Κυρίῳ.
3356 607 3541 658 Τοῦτο
3575 608 3686 676 γὰρ,

2104 696 2288 762 φησὶν.
2322 695 2438 748 ἐστι
2466 695 2692 755 δίκαιον,
2730 696 2875 764 Τίμα
2919 697 3012 748 τὸν
3043 699 3257 767 πατέρα
3307 713 3415 749 σου
3462 698 3558 749 καὶ
3607 696 3688 767 τὴν

2107 789 2319 856 μητέρα
2350 803 2466 840 σου.
2492 787 2650 849 "Hm;
2689 789 2837 841 ἐστὶν
2870 788 3061 853 ἐντολὴ
3086 789 3281 856 πρώτη
3350 789 3414 839 ὲν
3463 790 3689 853 ἐπαγγε-

2103 874 2266 938 λίαις.
2304 896 2322 927 ι
2358 877 2465 927 Kal
2498 877 2674 940 αὖθις,
2722 898 2742 930 ι
2773 878 2854 931 Τὰ
2877 879 3043 931 τέκνα
3072 880 3522 948 μανθανέτωσαν
3555 878 3690 946 πρῶ-

2105 982 2195 1020 τον
2228 967 2322 1019 τὸν
2353 967 2487 1020 ἴδιον
2510 965 2660 1021 οἷκον
2690 969 2950 1025 εὐσεϐεῖν.
2980 972 3073 1022 καὶ
3121 972 3377 1040 ἀμοιϐὰς
3412 970 3691 1023 ἀποδοῦναι

2104 1060 2216 1122 τοῖς
2250 1059 2553 1127 προγόνοις.
2591 1059 2760 1113 Τοῦτο
2791 1062 2899 1128 γάρ
2942 1062 3091 1114 ἐστιν
3121 1061 3319 1125 καλὸν,
3355 1063 3456 1115 καὶ
3513 1063 3693 1114 εὐσπό-

2104 1146 2292 1199 δεκτον
2346 1146 2577 1200 ἐνώπιον
2618 1148 2712 1201 τοῦ
2755 1147 2911 1202 Θεοῦ.
2949 1166 2968 1199 ι
3032 1150 3139 1201 Kal
3171 1150 3201 1200 6
3247 1150 3692 1218 Παροιμιαστὴς,

2112 1258 2132 1290 ι
2172 1239 2287 1303 Υἱὸς
2314 1238 2646 1308 πανοῦργος,
2678 1240 2919 1308 ὑπήκοος
2963 1240 3151 1308 πατρί.
3186 1240 3325 1303 Υἱὸς
3354 1240 3420 1291 δὲ
3452 1239 3692 1307 ἀνήκοος,

2107 1328 2165 1379 ὲν
2188 1328 2432 1400 ἀπωλείᾳ
2456 1330 2629 1383 ἔσται.
2669 1347 2688 1380 ι
2720 1331 2829 1382 Kal
2852 1329 3034 1389 πάλιν,
3064 1349 3082 1379 ι
3107 1330 3574 1396 Κακολογοῦντος
3601 1346 3695 1380 πα-

2106 1416 2242 1487 τέρα
2272 1418 2304 1487 ἦ
2332 1420 2565 1487 μητέρα,
2588 1419 2949 1489 σῦεσθήσεται
2977 1420 3260 1490 λαμπτήρ.
3298 1439 3321 1471 ι
3361 1420 3479 1472 Καὶ
3520 1419 3692 1479 πάλιν.

2115 1525 2134 1557 ι
2179 1510 2273 1570 Ὃς
2303 1508 2657 1573 ἀποϐιάζεται
2688 1511 2899 1581 πατέρα
2953 1510 2986 1581 ἥ
3047 1513 3279 1580 μητέρα,
3311 1516 3419 1565 καὶ
3447 1511 3601 1562 δοκεί
3628 1510 3695 1578 μὴ

2111 1596 2466 1665 ἁμαρτάνειν,
2500 1589 2658 1661 οὗτος
2711 1599 2966 1661 κοινωνός
2991 1599 3084 1651 ὲστ
3095 1617 3141 1652 ιν
3156 1601 3358 1670 ἀνδρὸς
3385 1598 3642 1662 ἀσεὸοῡς.
3671 1616 3689 1649 ι

2037 1653 2079 1708 Β
2110 1653 2182 1739 '16
2204 1653 2336 1741 αὐτὸ
2369 1688 2426 1741 δὲ
2452 1653 2546 1741 καὶ
2587 1691 2615 1742 6
2637 1653 2868 1761 ,Κύριος
3123 1653 3270 1755 τοὺςΙ
3296 1653 3693 1761 ιιῖαρισσαίουςι

2114 1798 2133 1830 ι
2168 1781 2267 1833 Διὰ
2319 1781 2371 1833 τι
2423 1783 2516 1835 καὶ
2563 1783 2722 1851 ὑμεῖς
2762 1783 3129 1854 παραϐαίνετε
3174 1784 3273 1854 τὴν
3324 1782 3565 1849 ἐντολὴν
3607 1779 3693 1833 τοῦ

2106 1868 2241 1922 Θεοῦ
2293 1870 2380 1923 διὰ
2428 1870 2529 1940 τὴν
2580 1874 2876 1942 παράδοσιν
2903 1873 3087 1942 ὑμῶν;
3140 1877 3168 1927 6
3197 1875 3307 1942 γὰρ
3348 1874 3494 1935 Θεὸς
3523 1867 3691 1933 εἶπεν,

2106 1958 2253 2027 Τίμα
2287 1959 2377 2012 τὸν
2404 1960 2615 2031 πατέρα
2672 1979 2764 2015 σου
2815 1966 2906 2016 καὶ
2952 1963 3049 2036 τὴν
3082 1965 3293 2034 μητέρα
3323 1981 3465 2029 σου,
3527 1961 3640 2023 καὶ,
3668 1963 3693 2013 ὀ

2106 2048 2419 2115 κακολογῶν
2474 2053 2684 2120 πατέρα
2724 2052 2756 2121 ἢ
2824 2053 3055 2122 μητέρα,
3086 2053 3299 2122 θανάτῳ
3355 2052 3687 2105 τελευτάτω.

2118 2136 2303 2206 Ὑμεῖς
2328 2138 2385 2191 δὲ
2407 2139 2613 2206 λέγετε,
2658 2143 2754 2204 Ὃς
2782 2142 2847 2193 ἂν
2877 2142 3111 2212 εῖποιτῷ
3142 2142 3310 2215 πατρὶ
3340 2143 3377 2211 ἢ
3411 2146 3483 2213 τῇ
3530 2142 3689 2211 μητρὶ

2102 2228 2292 2290 αὐτοῦ,
2317 2228 2556 2300 Κορῦἆν,
2594 2231 2622 2284 ὅ
2642 2232 2757 2283 ἐστι
2785 2232 2979 2301 δῶρον,
3007 2233 3037 2286 ὃ
3066 2234 3160 2286 ἐὰν
3184 2234 3244 2298 ἐξ
3273 2233 3415 2303 δμοῦ
3472 2231 3685 2300 ὠφελη-

2108 2319 2228 2389 Θῇςο
2262 2321 2322 2372 οὐ
2348 2322 2421 2390 μὴ
2440 2325 2661 2390 τιμήσει
2680 2323 2770 2374 τὸν
2798 2325 3008 2394 πατέρα
3027 2323 3192 2377 αὑτοῦ
3222 2327 3254 2395 ἢ
3286 2325 3391 2392 ιιὴν
3417 2325 3682 2393 μητέρα.»

2119 2409 2278 2464 Ἀλλὰ
2302 2413 2477 2465 ταῦτα
2514 2414 2612 2482 μὲν
2662 2414 2821 2467 ἱκανὰ
2869 2417 3257 2485 παραστῆσαι,
3291 2417 3378 2470 ὄτι
3409 2414 3682 2483 ὀφειλέται

2107 2503 2273 2572 ἐσμὲν
2307 2506 2488 2556 πᾶσαν
2515 2503 2750 2575 ἀμοιϐὴν
2783 2507 3071 2559 ἀποδοῦναι
3094 2511 3205 2571 τοῖς
3228 2508 3486 2575 γονεῦσιν
3506 2509 3539 2575 ἡ
3550 2505 3681 2574 μῶν.

2105 2596 2194 2646 Δεῖ
2221 2594 2276 2646 δὲ
2330 2597 2548 2648 κάκεῖνο
2581 2596 2655 2667 μὴ
2688 2599 2919 2664 ἀγνοεῖν,
2973 2596 3055 2649 ὅτι
3075 2599 3135 2650 οὐ
3192 2599 3351 2667 μόνον
3383 2600 3515 2661 τοὺς
3545 2596 3679 2650 κατὰ

2108 2687 2285 2758 σάρκα
2311 2690 2483 2753 γονεῖς
2501 2688 2658 2757 ἡμῶν
2682 2688 2855 2742 ταῦτα
2879 2688 3277 2760 ἀπαιτούμεθα,
3296 2691 3439 2743 ἀλλὰ
3464 2691 3677 2749 καὶτοῖς

2106 2779 2492 2846 πνευματικοῖς
2517 2776 2672 2846 ἡμῶν
2690 2780 3217 2850 πατράσιχρεωστοῦ
3226 2798 3324 2851 μεν
3347 2780 3573 2834 πλείονα
3596 2797 3675 2830 τι-

2109 2868 2216 2937 μὴν
2289 2869 2386 2921 καὶ
2436 2868 2601 2930 σέϐας
2622 2870 2941 2940 ἀπονέμειν,
2973 2873 3061 2924 ἶνα
3102 2872 3176 2924 δι’
3204 2872 3383 2926 αὐτῶν
3421 2872 3674 2944 κληρονο-

428 2973 657 3016 matrem
676 2961 743 3013 ⁷⁶.
773 2979 790 3011 ›
818 2960 922 3014 Sed
947 2961 1060 3014 haec
1080 2959 1333 3013 sulIicere
1355 2968 1562 3028 putem,
1587 2959 1654 3011 ad
1682 2959 2000 3028 explicatio-

2109 2961 2371 3029 μήσωμεν
2409 2962 2508 3019 τὴν
2543 2959 2792 3028 εὐλογίαν
2839 2961 2931 3015 τοῦ
2964 2962 3121 3016 Θεοῦ.
3157 2964 3270 3016 Οὐκ
3305 2962 3531 3017 ἔλαττον
3572 2963 3671 3029 γὰρ

428 3068 552 3108 nem
610 3053 813 3121 sumpti
847 3051 1180 3120 argumenti,
1234 3064 1432 3119 nempe
1482 3049 1629 3119 quod
1679 3051 2001 3119 parentibus

2109 3051 2198 3103 καὶ
2241 3051 2399 3104 αὐτοὶ
2444 3051 2708 3104 κοπιῶσιν
2768 3053 2861 3105 καὶ
2927 3053 3262 3124 μεριμνῶσιν
3313 3055 3456 3124 ὑπὲρ
3502 3052 3669 3121 ἡμῶν,

427 3151 603 3200 vicem
635 3144 935 3216 debeamus
968 3142 1267 3195 resolvere.
1301 3141 1467 3209 Atqui
1506 3156 1575 3194 ne
1607 3140 1744 3195 illud
1773 3142 1999 3211 quidem

2109 3141 2305 3212 μᾶλλον
2342 3142 2399 3195 δὲ
2423 3143 2517 3194 καὶ
2552 3142 2687 3196 πολὺ
2714 3142 2877 3196 πλέον
2902 3159 2917 3174 ο
2966 3146 3124 3216 εἰπερ
3154 3147 3203 3197 οἱ
3241 3144 3340 3215 μὲν
3380 3141 3666 3214 σαρκικῶς.

430 3242 684 3309 ignorare
704 3214 1017 3299 conveniat,
1041 3250 1071 3288 a
1099 3234 1260 3288 nobis
1284 3250 1393 3287 non
1420 3233 1471 3287 id
1500 3235 1673 3304 repeti
1706 3235 1906 3297 solum,
1939 3242 2002 3289 ut

2109 3235 2151 3285 οἱ
2174 3234 2229 3286 δὲ
2252 3233 2641 3302 πνευματικῶς
2677 3228 2827 3303 ἡμᾶς
2868 3214 3150 3302 γεννῶσιν.
3184 3235 3372 3289 Ταῦτα
3415 3236 3475 3289 δὲ
3509 3234 3669 3287 πάντα

427 3329 752 3401 parentibus
773 3328 1076 3382 secundum
1128 3340 1349 3379 carnem
1387 3325 1556 3379 vicem
1590 3324 1996 3392 redhibeamus,

2109 3329 2164 3380 οὐ
2195 3326 2353 3396 μόνον
2387 3324 2549 3395 λόγῳ,
2567 3324 2704 3378 ἀλλὰ
2732 3329 2825 3380 καὶ
2861 3326 3008 3396 ἔργῳ
3042 3329 3070 3380 6
3092 3328 3291 3397 Κύριος
3318 3329 3469 3397 ἡμᾶς
3491 3330 3665 3379 ἐκπαι-

428 3436 622 3476 verum
666 3430 818 3474 tanto
837 3418 1159 3488 ampliorem
1208 3416 1474 3471 honorem
1535 3418 1854 3486 cultumque
1896 3432 2001 3471 nos

2109 3417 2300 3470 Batiam
2356 3413 2463 3471 Ἦν
2487 3417 2616 3485 γὰρ,
2653 3418 2837 3487 φησὶν,
2894 3418 3328 3488 ὑποτασσόμενος
3365 3419 3447 3491 τῷ
3511 3415 3668 3485 πατρὶ

427 3512 631 3565 debere
670 3511 738 3564 iis
769 3512 864 3580 qui
890 3509 1193 3563 secundum
1219 3508 1476 3577 spiritum
1524 3514 1711 3577 patres
1742 3516 1873 3562 sunt
1906 3523 2005 3563 no-

2112 3510 2206 3564 καὶ
2238 3509 2303 3578 τῆ
2337 3511 2506 3579 μητρὶ
2533 3507 2721 3562 αὑτοῦ.
2764 3527 2784 3560 ι
2817 3509 2926 3562 Kal
2950 3511 3009 3561 ἐν
3035 3509 3116 3581 τῷ
3142 3510 3363 3580 σταυρῷ
3415 3510 3551 3579 πρὸς
3586 3505 3667 3557 τὸν

428 3603 554 3667 stri,
579 3610 638 3656 ut
673 3617 770 3670 per
791 3614 891 3653 nos
918 3599 1233 3654 haereditate
1264 3614 1628 3668 assequamur
1664 3599 2005 3657 benedictio-

2114 3599 2407 3670 μαθητήνο
2456 3618 2474 3650 ι
2526 3598 2659 3653 Ἰδοὺ
2736 3600 2988 3670 ήμήτηρ
3035 3615 3167 3653 σου*
3203 3619 3223 3653 ι
3275 3602 3369 3654 καὶ
3418 3600 3553 3670 πρὸς
3580 3598 3665 3664 τὴν

427 3708 552 3746 nem
578 3692 692 3746 Dei.
714 3690 923 3761 1203
942 3689 1128 3759 Neque
1159 3690 1306 3743 enim
1327 3689 1508 3742 minus
1532 3690 1702 3743 nostri
1726 3706 1887 3744 causa
1913 3691 2004 3747 isti

2110 3692 2365 3763 Μητέρα,
2394 3710 2414 3742 ι
2451 3690 2578 3745 Ἰδοὺ
2614 3692 2642 3744 6
2671 3692 2786 3752 υἱός
2809 3708 2925 3745 σου.
2956 3711 2976 3744 ι

425 3786 776 3850 adﬂictantur,
806 3794 897 3839 aul
934 3785 1147 3837 minore
1196 3798 1327 3837 cura
1375 3793 1724 3851 premuntur,
1758 3788 1892 3853 quin
1942 3789 2147 3853 majore
2179 3788 2387 3842 multo:
2413 3785 2682 3856 siquidem
2716 3786 2791 3840 iUi
2823 3801 3009 3846 carne.
3033 3786 3089 3840 hi
3125 3797 3306 3841 autem
3338 3787 3535 3856 Spiritu
3570 3793 3660 3835 nos

426 3876 931 3950 regenerant..H:ec
957 3890 1124 3944 porro
1158 3876 1342 3928 omnia
1376 3891 1484 3928 non
1510 3890 1766 3930 sermone
1795 3878 1996 3945 solum,
2035 3880 2128 3934 sed
2193 3888 2250 3934 et
2285 3894 2451 3949 opere
2513 3893 2616 3933 nos
2642 3877 2839 3933 edocet
2885 3878 3173 3945 Dominus;
3214 3879 3290 3932 ait
3316 3879 3466 3932 enim
3524 3874 3660 3930 Scri-

427 3980 609 4043 ptura,
639 3974 768 4042 quia
796 3991 814 4021 ι
845 3973 1114 4029 Subditus
1145 3982 1268 4029 erat
1302 3974 1446 4044 patri
1486 3984 1542 4029 et
1578 3976 1739 4029 matri
1776 3977 1973 4032 suae”.
1999 3997 2019 4029 ›
2058 3976 2167 4032 Sed
2207 3987 2263 4031 et
2299 3978 2356 4031 in
2395 3991 2563 4032 cruce
2589 3974 2659 4030 ad
2681 3975 3016 4045 discipulum
3050 3990 3066 4028 :
3116 3996 3136 4027 ο
3174 3975 3320 4031 Ecce
3343 3979 3654 4031 materth

426 4078 484 4125 et
510 4069 578 4123 ad
617 4070 844 4125 Matrem
878 4088 893 4125 :
931 4090 949 4122 ι
971 4072 1109 4125 Ecce
1140 4070 1285 4126 ﬁlius
1317 4054 1537 4128 tuus".
1567 4091 1590 4125 ι
1612 4073 1723 4146 Ipsi
1744 4073 1919 4144 gloria
1952 4074 2009 4130 in
2036 4074 2255 4131 saecula.
2284 4072 2483 4131 Amen.

981 4160 1267 4217 HOMILIA
1302 4161 1442 4219 CIX.

792 4251 1159 4306 Reverentium
1199 4251 1375 4307 deberi
1411 4254 1641 4310 senibus.

2705 4161 2927 4219 ΛΟΓΟΣ
2955 4159 3078 4217 ΡΘ’.

2305 4254 2444 4321 Περὶ
2471 4253 2576 4311 τοῦ
2607 4252 2990 4322 εὐλαϐεῖσθαι
3019 4254 3483 4321 πρεσϐυτέρους.

497 4343 567 4398 Et
607 4342 830 4412 quidem
876 4358 1037 4397 senes
1082 4346 1323 4398 revereri
1373 4345 1554 4399 modis
1598 4347 1854 4402 omnibus
1898 4349 2005 4404 Deo

2181 4344 2295 4398 Kal
2330 4338 2394 4399 τὸ
2424 4345 2775 4397 εὐλαϐεῖσθαι
2810 4343 3144 4413 πρῖσϐΰτας,
3190 4347 3333 4396 πάνυ
3387 4345 3652 4413 εὐάρεστον

425 4445 511 4492 est
542 4447 855 4505 acceptum,
882 4446 939 4489 ct
970 4437 1294 4490 hominibus
1325 4438 1788 4492 commendabile.
1819 4438 1926 4493 Sed
1957 4448 2013 4493 ct

427 4527 695 4582 honorem
734 4528 949 4581 deferre
985 4544 1119 4582 sane
1156 4528 1406 4583 debitum
1444 4529 1643 4583 declivi
1675 4531 1787 4599 jam
1820 4547 1884 4587 ac
1917 4532 2012 4586 der

426 4634 563 4673 vexa
590 4627 752 4671 {etate
778 4618 935 4679 viris,
962 4618 1329 4673 nihilominus
1354 4620 1468 4674 Deo
1494 4627 1823 4691 gratiosum,
1850 4624 2012 4678 nobis

428 4725 564 4763 vero
590 4710 754 4762 nimis
777 4725 939 4775 quam
970 4711 1384 4764 acconnnodum
1407 4723 1463 4766 et
1484 4714 1637 4767 utile.
1669 4713 1775 4767 Nos
1804 4716 2008 4769 etenim

431 4800 477 4854 si
503 4799 790 4867 continget
820 4799 885 4851 ad
916 4815 977 4852 ea
1010 4815 1184 4867 usque
1216 4809 1464 4871 tempora
1495 4818 1788 4872 prorogare
1815 4814 2003 4869 vitam,

429 4891 681 4946 eamdem
726 4906 980 4960 prorsum
1033 4892 1367 4961 recipiemus
1411 4894 1742 4949 mercedem.
1782 4892 1838 4948 Si
1877 4911 2008 4949 vero

431 4984 561 5039 hinc
595 4981 910 5037 abeundum
950 4983 1021 5037 sit
1058 4983 1384 5054 intempesta
1419 4993 1607 5047 aatate,
1646 4985 2008 5040 nihilominus

432 5092 624 5131 sumus
660 5076 902 5129 habituri
943 5077 1234 5130 Dominum
1271 5087 1519 5129 nostrum
1559 5078 1831 5133 mercedis
1868 5081 2013 5147 repi-

433 5177 803 5237 gneratorem.
836 5169 892 5221 In
928 5168 1139 5223 utr0vis
1174 5168 1289 5237 ipse
1324 5183 1554 5232 merces,
1589 5169 1682 5238 qui
1716 5179 1772 5223 et
1804 5185 2014 5223 merce-

424 5259 521 5314 ‘dis
548 5258 725 5328 dignae
749 5266 832 5311 est
858 5259 1210 5320 distributor,
1240 5259 1355 5313 sive
1383 5259 1512 5315 hinc
1539 5276 1703 5314 senex
1732 5261 2011 5331 migrabis,

434 5347 548 5404 sive
580 5350 759 5404 aetatis
795 5349 945 5404 ﬂore.
984 5352 1074 5405 Ait
1110 5350 1255 5404 enim
1295 5351 1387 5406 illc
1422 5369 1434 5405 :
1481 5371 1499 5403 ι
1540 5352 2012 5418 Quemadmodum

505 5481 551 5514 “
602 5482 775 5538 Exod.
802 5500 892 5544 xx,
930 5484 1016 5539 12.
1092 5486 1135 5517 ’τ
1168 5485 1304 5547 ibid.
1347 5489 1569 5552 “1,17.
1651 5488 1699 5521 ⁸³
1740 5490 1842 5544 lsa.
1882 5505 2005 5551 XLV,

433 5551 474 5579 'II
516 5551 697 5579 vuln...
748 5569 793 5579 -.ξ
864 5556 881 5579 ι
942 5556 976 5579 ο
1074 5556 1295 5579 ταῐωεᾉ,
1335 5574 1364 5579 --
1425 5560 1439 5579 ι
1505 5561 1547 5579 η
1577 5560 1719 5579 nn-“
1772 5577 1833 5579 _,__
1897 5560 1965 5579 an

2109 5487 2153 5544 l:
2218 5504 2401 5549 xum,
2439 5488 2491 5541 4.

516 5551 720 5620 Eplies.
748 5569 822 5615 vn,
860 5556 911 5616 l,
942 5556 995 5609 2.
1074 5558 1117 5588 ⁷³
1145 5556 1386 5620 lTim.v,
1416 5560 1463 5610 4.
1505 5561 1548 5591 ⁷³
1577 5560 1739 5613 Prov.
1768 5577 1856 5621 xv,
1897 5560 1985 5612 20.
2063 5556 2106 5586 ⁷⁸⁸
2128 5559 2286 5612 Prov.
2322 5574 2412 5623 xx,
2437 5560 2507 5612 20

516 5636 606 5675 ere.
631 5638 729 5683 vn,
755 5623 902 5677 9-15.
982 5627 1023 5655 τ’
1053 5626 1185 5680 Luc.
1223 5645 1281 5683 ιι.
1313 5629 1401 5680 fil.
1479 5630 1522 5660 7“
1561 5630 1719 5683 .loan.
1754 5648 1862 5683 x:x.
1900 5630 1988 5683 26.
2016 5625 2109 5681 ‘27.

435 5618 606 5675 Marc.
631 5638 729 5686 vn,
755 5623 902 5677 9-15.
982 5627 1023 5655 τ’
1053 5626 1185 5680 Luc.
1223 5645 1281 5689 ιι,
1313 5618 1401 5680 51.

2111 4436 2188 4507 τῷ
2217 4435 2358 4506 Θεῷ,
2383 4436 2477 4487 καὶ
2510 4433 2822 4504 ἀνθρώποις
2843 4434 3150 4497 ἐπαινετὸν,
3180 4433 3273 4486 καὶ
3296 4434 3355 4486 τὸ
3391 4436 3491 4503 τὴν
3525 4431 3651 4495 ὀφει-

2110 4528 2344 4595 λομένην
2374 4527 2545 4594 τιμὴν
2582 4526 2880 4593 ἀπονέμειν
2927 4526 3038 4586 τοῖς
3074 4525 3350 4593 γέρουσιν,
3375 4524 3569 4591 ὁμοίως
3586 4515 3650 4586 τῷ

2111 4617 2229 4686 Θεῴ
2262 4616 2359 4687 μὲν
2406 4614 2953 4682 εὐαπόδεκτον,ήμῐν
3004 4614 3059 4666 δὲ
3107 4613 3228 4666 λίαν
3276 4615 3544 4684 χρήσιμον
3577 4605 3652 4661 καὶ

2109 4709 2405 4781 ὠφέλιμον.
2433 4708 2494 4759 Εἰ
2521 4707 2618 4775 μὲν
2642 4707 2751 4773 γὰρ
2784 4705 2880 4758 καὶ
2900 4708 3063 4774 ἡμεῖς
3084 4707 3209 4768 τοὺς
3229 4707 3426 4768 αὐτοὺς
3459 4705 3651 4774 χρῆνους

2115 4797 2424 4868 βιώσωμεν,
2459 4798 2674 4859 πάντως
2707 4798 2804 4866 τὴν
2845 4798 3014 4867 αὐτὴν
3061 4798 3393 4868 ἁνταμοιϐὴν
3466 4800 3647 4862 ἕξομεν.

2115 4891 2177 4943 El
2209 4890 2265 4942 δὲ
2292 4888 2460 4959 ἀώρῳ
2494 4889 2681 4960 ἡλικίᾳ
2727 4890 3082 4957 ἀναλύσωμεν
3138 4886 3410 4949 ὲντευθεν,
3487 4891 3648 4957 ἔχομεν

2118 4983 2210 5035 τὸν
2244 4982 2447 5047 Κύριον
2476 4982 2634 5051 ἡμῶν
2671 4982 3096 5051 μισθαποδότην.
3130 4982 3240 5033 Kal
3261 4983 3316 5031 ὲν
3348 4978 3648 5049 ἀμφοτέροις

2116 5075 2214 5144 μὲν
2237 5076 2263 5127 ὁ
2288 5074 2450 5137 αὐτὸς
2477 5073 2669 5144 μισθὸς
2685 5073 3092 5146 μισθοπάροχός
3107 5075 3279 5134 ἐστιν,
3300 5073 3411 5124 εἴτε
3432 5074 3648 5138 ὲνγήρειο

2113 5166 2224 5219 εἴτε
2257 5169 2313 5220 ὲν
2341 5166 2573 5235 νεότητι.
2604 5167 2773 5235 Φησὶν
2802 5167 2934 5236 γὰρ,
2981 5184 3000 5216 ι
3038 5166 3137 5218 Ὃν
3166 5167 3367 5235 τρόπον
3394 5163 3651 5232 ἐποίησας,

2116 5259 2268 5312 ἔσται
2325 5277 2426 5313 σοι.
2467 5278 2484 5311 ι
2528 5260 2745 5330 Πρῶτος
2808 5260 3049 5328 Μωῦσῆς
3100 5257 3441 5313 ἐντέλλεται.
3488 5256 3648 5320 λέγων.

2121 5370 2141 5403 ι
2198 5351 2330 5405 ’Λπὸ
2360 5351 2655 5422 προσώπου
2688 5351 2877 5405 πολιοῦ
2912 5350 3293 5419 ἐξαναστήσει,
3313 5350 3408 5401 καὶ
3432 5348 3650 5416 τιμήσεις

2613 5488 2657 5519 ⁶⁹
2676 5485 2856 5541 Eccli.
2900 5503 2980 5551 In,
3039 5485 3094 5539 6.
3200 5485 3243 5515 ⁷⁸
3286 5472 3648 5551 Eccli.tli,l}-

2603 5560 2647 5590 ’⁵
2680 5558 2840 5612 Prov.
2874 5543 3095 5622 ςιχξὲῧ.
3159 5555 3201 5585 ⁷⁵⁵
3225 5550 3415 5608 Matth.
3442 5543 3648 5615 κιχείω
