3918 6106
529 319 656 383 ιγτι

1790 325 2157 387 ANTiocul
2194 324 2536 407 MOXACHI

3595 332 3701 397 1772

525 448 630 503 quc
654 431 800 486 oculi
829 428 1040 505 placide
1066 443 1130 485 ac
1154 428 1355 489 leniter
1380 438 1715 501 respectant.
1744 430 2081 502 Longanimis

2199 432 2534 499 εὑρίσκεται,
2595 434 2663 488 τὰ
2693 435 2886 488 ἑαυτοῦ
2934 436 3164 491 πάντοτε
3201 439 3499 510 προσέχων,
3526 443 3700 511 οὺχίτᾶ

521 522 670 578 enim
695 523 783 577 vir
804 523 1014 576 multus
1037 528 1122 575 est
1149 521 1205 575 in
1234 519 1547 591 prudentia,
1573 520 1938 591 pusillanimis
1961 536 2093 574 vero

523 615 680 670 fortis
708 614 935 671 stultus.
965 611 1320 682 Longauimis
1355 612 1635 684 proximos
1660 612 2094 682 deprehenditur

521 704 751 759 suﬂ‘crre
785 718 1023 772 semper.
1056 703 1193 757 citra
1222 717 1441 759 omnem
1475 703 1853 771 intemperiem
1886 717 1948 755 ac
1981 709 2094 754 tur-

521 796 718 850 belam.
763 794 904 848 Suos
950 807 1189 863 semper,
1235 807 1346 846 non
1393 792 1524 846 item
1573 776 1808 862 proximi
1858 789 2091 845 attendit

517 886 766 942 defectus
796 903 811 934 :
849 884 1055 955 cogitat
1086 899 1272 938 secum
1308 883 1499 949 anxie,
1532 884 1625 953 qui
1663 883 1835 953 possit
1866 896 1927 937 se
1958 896 2089 951 pro-

517 979 652 1034 ba're
687 978 819 1031 Deo.
856 976 1119 1044 Quisquis
1158 974 1378 1029 tandem
1422 975 1501 1029 sic
1537 972 1805 1029 eﬂicietur
1841 972 2090 1045 longani-

517 1070 651 1136 mis,
694 1069 843 1123 hunc
881 1067 1122 1136 Spiritus
1165 1074 1390 1122 sanctus
1430 1082 1561 1125 sane
1599 1080 1773 1136 purus
1811 1063 2084 1129 sordium,

517 1161 730 1249 placide
764 1160 1058 1223 inhabitat,
1085 1174 1187 1213 nec
1215 1159 1459 1229 patietur
1481 1173 1550 1212 eo
1577 1156 1772 1212 inferri
1796 1171 1824 1210 a
1850 1155 2087 1226 maligno
2122 1195 2127 1198 -

514 1248 726 1326 spiritu;
756 1253 979 1324 quidvis
1006 1252 1387 1321 caliginosum,
1424 1251 1521 1306 sed
1558 1250 1797 1319 spatiose
1835 1248 2087 1311 habitans

514 1363 637 1402 cum
674 1361 776 1402 suo
808 1360 936 1400 vase
968 1344 1115 1416 quod
1154 1343 1466 1398 inhabitare
1498 1343 1779 1412 dignatur,
1808 1340 2085 1395 exhilare-

512 1438 630 1492 scit.
661 1436 802 1503 Quin
833 1444 889 1490 et
918 1435 1041 1490 talis
1066 1433 1300 1489 Domino
1328 1431 1801 1487 ministratmulta
1832 1431 2087 1501 perfusus

513 1530 813 1584 hilaritate.
841 1528 898 1582 Si
927 1543 1034 1597 qua
1065 1526 1296 1597 proinde
1327 1524 1611 1580 iracundia
1643 1522 1930 1594 ingruerit,
1960 1538 2085 1577 mox

511 1620 753 1691 Spiritus
782 1620 872 1677 ille
902 1628 1126 1674 sanctus
1158 1618 1216 1672 in
1245 1626 1535 1688 angustum
1565 1630 1625 1671 se
1650 1615 1950 1680 contrahit,
1973 1630 2083 1669 non

511 1716 618 1784 iam
656 1714 838 1768 locum
879 1712 1093 1768 habens
1133 1726 1247 1766 sum
1285 1708 1591 1765 sinceritati
1628 1714 2021 1778 congruentem
2067 1725 2079 1758 :

436 1873 441 1879 ο
512 1805 662 1860 illinc
684 1805 985 1863 etiamnum
1013 1802 1208 1873 qumrit
1236 1801 1565 1864 desciscere,
1586 1798 1732 1869 quod
1760 1798 1941 1853 locum
1969 1812 2078 1852 non

466 1882 471 1887 ’
511 1898 710 1955 habeat
739 1896 922 1965 (prout
955 1893 1184 1964 expetit)
1216 1891 1284 1946 ad
1313 1891 1663 1947 serviendum
1693 1890 1927 1955 Domino
1959 1888 2079 1943 ido-

509 2005 697 2045 neum.
734 1989 792 2043 ln
838 1987 1253 2058 longanimitate
1294 1984 1502 2039 habitat
1543 1983 1829 2046 Dominus,
1866 1981 1924 2035 in
1967 1981 2080 2034 ira-

511 2080 711 2136 cundia
738 2094 868 2135 vero
897 2077 1171 2132 diabolus.
1202 2076 1440 2146 Spiritus
1468 2075 1636 2145 igitur
1660 2083 1893 2142 uterque
1923 2086 2080 2126 eum-

506 2174 635 2227 dem
677 2172 722 2227 si
765 2170 1038 2247 inhabitet
1080 2169 1285 2232 locum,
1331 2168 1515 2225 minus
1552 2165 1833 2224 conducit,
1876 2165 1985 2218 imo
2024 2163 2080 2217 in

511 2265 712 2318 malum
748 2262 895 2318 cedit
935 2260 1142 2317 homini
1180 2275 1344 2330 quem
1385 2266 1623 2328 uterque
1660 2256 1934 2313 inhabitat
1971 2256 2083 2325 spi-

510 2356 672 2409 ritus.
715 2352 770 2406 Si
814 2351 939 2422 quis
977 2350 1123 2405 euim
1168 2342 1393 2419 accepto
1437 2349 1493 2403 in
1533 2363 1727 2402 manus
1766 2346 2077 2413 absinthio,

513 2442 723 2514 1205
751 2459 816 2498 ex
845 2458 911 2496 eo
942 2439 1191 2497 nonnihil
1224 2437 1477 2494 infundat
1506 2437 1654 2492 dolio
1703 2436 1906 2502 mellis,
1934 2452 2079 2490 nun-

508 2531 639 2601 quid
670 2547 780 2585 non
813 2531 983 2585 totius
1011 2528 1190 2583 mellis
1217 2525 1413 2580 dulcor
1441 2525 1767 2596 deperditur
1794 2533 1851 2578 et
1877 2538 2074 2579 evane-

508 2622 650 2677 scit?
682 2623 749 2677 Et
768 2621 1002 2692 quidem
1036 2635 1136 2688 per
1166 2618 1576 2688 portiunculam
1612 2615 1883 2670 absinthii
1916 2624 2080 2669 tanta:

510 2713 799 2768 suavitatis
827 2711 886 2767 fit
915 2702 1194 2782 depulsio;
1227 2709 1412 2780 perdit
1440 2710 1588 2763 enim
1618 2709 1859 2762 nativam
1890 2706 2079 2769 dulce-

510 2805 716 2868 dinem,
742 2812 797 2858 et
824 2802 1136 2868 amarcscit,
1163 2816 1265 2856 nec
1295 2800 1595 2871 quidquam
1623 2808 1809 2855 servat
1835 2797 2080 2868 pristinae

503 2896 698 2967 gratia:
731 2896 876 2973 apud
911 2895 1197 2951 dominum
1234 2910 1424 2969 suum,
1461 2890 1609 2962 quod
1643 2890 1990 2961 degenerarit
2024 2890 2077 2944 in

510 2987 951 3041 amaritudinem.
996 2986 1163 3041 Plane
1203 2985 1359 3039 vides
1398 2984 1560 3053 longe
1600 2997 1721 3037 esse
1763 2981 1929 3036 etiam
1967 2996 2079 3049 pra:

514 3075 707 3129 inclleo
733 3074 960 3128 dulcore
988 3072 1358 3126 dulcissimam
1391 3087 1404 3123 :
1433 3069 1569 3139 quin
1597 3076 1653 3123 et
1676 3083 1741 3122 ea
1771 3069 1945 3122 utitur
1969 3069 2077 3121 Do-

513 3168 695 3220 minus
722 3180 883 3235 quam
911 3162 1381 3224 commodissime;
1408 3177 1533 3215 cum
1560 3169 1753 3216 contra
1782 3161 2077 3216 iracundia:

507 3259 664 3312 furor
702 3266 759 3311 et
799 3255 1177 3310 amarulentus
1219 3262 1304 3308 est
1344 3262 1400 3307 et
1442 3266 1695 3323 prorsum
1742 3251 1972 3305 inutilis.
2020 3251 2076 3304 Si

511 3349 728 3419 quando
757 3348 846 3402 illa
875 3346 1133 3402 concitati
1164 3344 1331 3401 animi
1363 3342 1808 3398 incandescentia
1835 3332 1997 3397 simul
2024 3351 2080 3396 et

506 3438 773 3509 patientia
804 3436 1234 3507 permiscentur,
1261 3433 1351 3488 cui
1380 3431 1607 3492 dubium
1637 3431 1736 3495 sit,
1760 3430 2075 3500 patientiam

512 3523 652 3580 fmda
672 3523 997 3599 contagione
1024 3521 1192 3592 pollui
1213 3529 1269 3576 et
1289 3518 1679 3590 conspurcari?
1702 3517 1798 3572 sed
1823 3533 1925 3574 nec
1945 3533 2078 3573 con-

510 3627 733 3683 gressus
771 3611 1040 3682 ejusmodi
1081 3611 1361 3683 patientia:
1400 3610 1523 3664 usui
1566 3623 1687 3664 esse
1725 3609 1837 3664 Deo
1878 3616 2075 3679 potest.

510 3703 796 3760 Iracundia
820 3705 968 3758 enim
991 3704 1223 3774 maligna
1246 3694 1371 3758 cum
1396 3701 1489 3766 sit,
1512 3716 1608 3755 sua
1634 3700 1807 3770 ipsius
1830 3700 2078 3770 improba

509 3798 828 3867 operatione
856 3796 1127 3851 subvertit
1155 3810 1343 3850 servos
1376 3794 1493 3848 Dei.
1523 3793 1700 3848 Simul
1728 3792 1874 3861 enim
1908 3801 1971 3846 ut
1996 3793 2077 3846 vi-

506 3888 654 3941 derit
689 3888 937 3943 homines
972 3886 1251 3957 requietos
1284 3900 1390 3940 nec
1424 3884 1535 3939 ulla
1566 3878 1841 3938 seditione
1873 3882 2079 3937 tumul-

507 3987 747 4044 tuantes,
774 3979 1010 4050 seipsam
1034 3977 1247 4048 colligit
1274 3992 1339 4032 ac
1363 3976 1562 4031 inserit
1584 3975 1738 4030 cordi
1764 3975 1930 4030 unius
1955 3975 2078 4030 illo-

462 4126 469 4131 .
506 4086 661 4135 rum,
673 4072 769 4141 qui
792 4070 945 4125 nulla
965 4083 1032 4124 ex
1057 4084 1118 4122 re
1139 4067 1439 4123 amarescit
1462 4074 1631 4130 totus,
1647 4073 1707 4121 et
1723 4072 2080 4135 exasperatur

508 4163 580 4217 ob
614 4178 704 4218 res
736 4160 1135 4231 temporarias,
1166 4166 1263 4215 aut
1295 4167 1446 4214 certe
1479 4158 1551 4215 ob
1580 4158 1793 4222 edulia,
1824 4165 1919 4212 aut
1949 4156 2078 4226 quia

507 4250 849 4323 colloquium
885 4250 1083 4306 incidit
1116 4250 1386 4323 prolixius
1418 4258 1474 4306 et
1507 4247 1654 4303 idem
1683 4263 1918 4313 vanum;
1948 4255 2079 4317 puta
2114 4266 2120 4270 ·

464 4408 477 4415 ,
506 4342 575 4421 de
608 4341 737 4398 dato
768 4349 830 4396 et
859 4348 1124 4410 accepto;
1158 4338 1297 4393 deve
1322 4336 1617 4413 ‘similibus
1646 4334 1883 4406 negotiis
1913 4352 1926 4388 :
1960 4334 2077 4389 haec

2193 521 2288 573 τοῦ
2320 523 2546 592 πλησίον
2577 523 2942 593 ἐλαττώματα
2961 542 2973 554 ·
3016 527 3109 579 καὶ
3145 530 3389 597 μεριμνᾷ
3422 528 3528 592 πῶς
3554 531 3700 600 ἀρέσει

2190 612 2269 683 τῷ
2312 614 2450 682 Θεῷ.
2520 614 2646 667 Ἐὰν
2691 616 2801 685 γάρ
2850 632 2932 679 τις
2998 617 3353 687 ιιακρόθυμος
3396 619 3618 690 γένηται,
3658 622 3701 673 τὺ

2193 704 2418 772 Πνεῦμα
2448 705 2509 757 τὸ
2537 706 2691 774 ἅγιον
2710 709 2953 760 κατοικεῖ
2976 708 3035 759 ὲν
3058 708 3209 779 αὐτῷ
3227 709 3482 780 καθαρὸν,
3517 712 3584 780 μὴ
3608 714 3701 764 ἐπι-

2172 795 2553 865 .σκοτούμενον
2610 798 2717 851 ὑπὸ
2750 800 2935 869 ἐτέρου
2974 800 3212 869 πονηροῦ
3247 802 3575 871 πνεύματοςο
3615 803 3702 856 ἀλλ’
3771 834 3777 839 ~

2189 887 2247 938 ὲν
2303 888 2602 959 εὐρυχώρῳ
2664 890 2953 943 κατοικοῦν
3017 891 3369 961 εὐφραίνεται
3447 893 3572 961 μετά
3629 891 3700 945 τοῦ

2188 979 2416 1057 σκεύους
2442 974 2503 1034 οὗ
2534 984 2800 1049 κατοικεῖ,
2834 983 2928 1034 καὶ
2968 981 3278 1052 λειτουργεῖ
3332 980 3411 1054 τῷ
3453 984 3620 1055 Κυρίῳ
3657 987 3703 1036 ἐν

2189 1071 2467 1143 ἱλαρότητι
2493 1073 2681 1144 πολλῇ.
2728 1074 2855 1128 Ἐὰν
2882 1074 2941 1128 δέ
2972 1092 3057 1138 τις
3085 1075 3341 1145 ὀξυχολία
3387 1075 3593 1147 ἐπέλθῃ,
3636 1076 3701 1127 εὖ·

2188 1162 2329 1227 θέως
2356 1164 2418 1216 τὸ
2446 1165 2672 1233 Πνεῦμα
2698 1166 2758 1218 τὸ
2777 1166 2930 1230 ἆγιον
2956 1169 3372 1237 στενοχωρεῖται
3405 1167 3477 1238 μὴ
3512 1168 3621 1237 ἔχον
3639 1168 3707 1219 τό·

2187 1274 2287 1308 πον
2322 1257 2580 1327 καθαρὸν,
2613 1260 2708 1311 καὶ
2735 1256 2889 1325 ζητεῖ
2918 1261 3243 1330 ἀποστῆναι,
3283 1259 3374 1313 διὰ
3406 1261 3466 1312 τὸ
3492 1261 3561 1330 μὴ
3596 1260 3707 1328 ἔχειν

2182 1346 2366 1408 τόπον,
2396 1345 2784 1417 λειτουργῆσαι
2813 1347 2890 1416 τῷ
2915 1349 3105 1417 Κυρίῳ
3136 1347 3320 1411 καθὼς
3353 1348 3606 1418 βούλεται.
3643 1350 3710 1400 Ἐν

2182 1432 2291 1503 γὰρ
2341 1435 2406 1502 τῇ
2451 1435 2806 1506 μακροθυμίᾳ
2879 1437 2908 1487 ὀ
2948 1436 3153 1507 Κύριος
3175 1442 3459 1491 κατοικεῖο
3490 1439 3547 1491 ὲν
3584 1438 3705 1507 δὲτῇ

2181 1524 2454 1594 ὀξυχολία.
2483 1527 2510 1578 ὁ
2551 1526 2819 1590 διάϐολος.
2881 1529 3198 1598 Ἀμφότερα
3224 1525 3317 1584 οὖν
3345 1516 3419 1583 τὰ
3465 1529 3710 1600 πνεύματα

2181 1612 2274 1664 ἐπὶ
2298 1612 2358 1665 τὸ
2390 1614 2521 1677 αὐτὸ
2546 1616 2928 1682 κατοικοῦντα,
2992 1618 3306 1689 ἀσύμφορόν
3335 1621 3487 1674 ἐστιν
3518 1622 3604 1673 καὶ
3623 1636 3706 1672 πο-

2182 1704 2346 1773 νηρὸν
2373 1706 2452 1777 τῷ
2479 1707 2774 1780 ἀνθρώπῳ,
2794 1706 2867 1764 ὀὗ
2898 1711 3245 1764 κατοικοῦσιν
3276 1712 3578 1782 ἀμφότερα.
3612 1711 3713 1766 Ἐὰν

2161 1797 2290 1866 ,γὰρ
2320 1796 2502 1850 λαϐὼν
2532 1798 2801 1873 ἀψίνθιον,
2842 1802 3060 1870 μικρὸν,
3096 1803 3176 1864 είς
3214 1803 3480 1873 κεράμιον
3534 1801 3712 1872 μέλιτος

2181 1887 2429 1963 ἐπιχέῃς,
2461 1889 2584 1959 οὐχὶ
2615 1890 2736 1949 ὅλον
2778 1891 2839 1943 τδ
2879 1892 3000 1962 μέλι
3032 1893 3357 1961 ἀφανίζεται
3377 1936 3391 1956 ,
3447 1895 3538 1948 καὶ
3561 1894 3715 1947 τοσοῦ-

2180 1995 2268 2030 τον
2301 1979 2444 2047 μέλι,
2469 1980 2573 2034 ὑπὸ
2601 1981 2887 2051 ἐλαχίστου
2920 1983 3168 2053 ἀψινθίου
3199 1984 3530 2051 «induunt;
3571 1985 3713 2039 ἀπόλ-

2180 2069 2300 2122 λυσι
2342 2071 2452 2142 γὰρ
2481 2073 2581 2143 τὴν
2616 2075 2949 2144 γλυκήτητα,
3011 2076 3105 2128 καὶ
3151 2077 3350 2146 πικρὸν
3377 2078 3604 2145 γίνεται·
3637 2078 3714 2130 καὶ

2179 2161 2278 2214 οὐκ
2306 2160 2418 2230 ἔχει
2441 2161 2600 2232 χάριν
2637 2164 2788 2233 παρά
2824 2164 2928 2217 ,τοῦ
2968 2165 3228 2219 δεσπότου
3252 2167 3444 2232 αὐτοῦ,
3493 2170 3572 2221 ὅτι
3613 2170 3714 2220 ἐτι·

2179 2253 2412 2323 κράνθη.
2439 2254 2671 2317 Βλέπεις
2698 2257 2780 2309 ὅτι
2807 2258 2837 2327 ή
2868 2257 3222 2327 μακροθυμία
3260 2259 3569 2330 γλυκυτάτη
3592 2259 3713 2311 ἐστὶν

2181 2345 2322 2417 ὑπὲρ
2349 2347 2410 2398 τὸ
2444 2347 2587 2417 μέλι,
2618 2349 2712 2401 καὶ⁹
2733 2349 3055 2419 εύχάριστος
3088 2350 3167 2421 τῷ
3198 2352 3426 2421 Κυρίῳ;
3484 2354 3517 2420 ἡ
3542 2350 3713 2413 stas;-

2181 2435 2358 2504 χολία,
2391 2436 2484 2488 καὶ
2505 2437 2680 2506 πικρὰ
2706 2439 2802 2491 καὶ
2829 2439 3101 2508 ἄχρηστός
3123 2440 3292 2493 ἐστιν.
3333 2440 3462 2494 Ἐὰν
3494 2439 3582 2492 οὖν
3603 2439 3713 2508 μιγῇ

2178 2528 2211 2596 ἡ
2243 2525 2515 2597 ὀξυχολία,
2545 2530 2637 2581 καὶ
2671 2529 3096 2599 ήμακροθυμίει,
3158 2530 3436 2600 μιαίνεται
3473 2532 3506 2599 ἡ
3539 2545 3718 2598 μακρο-

2183 2615 2375 2686 θυμία,
2407 2617 2501 2670 καὶ
2529 2618 2630 2669 οὐκ
2659 2618 2806 2671 ἐστιν
2835 2617 3135 2689 εὔχρηστος
3164 2619 3243 2687 τῷ
3268 2617 3390 2690 Θεῷ
3418 2622 3449 2687 ἡ
3504 2617 3717 2681 ἔντευξις

2180 2707 2368 2777 αὐτῆς.
2411 2709 2473 2760 'll
2498 2709 2604 2778 γὰρ
2623 2708 2893 2777 ὀξυχολία,
2940 2708 3153 2778 πονηρά
3174 2708 3327 2772 οὖσα,
3372 2708 3716 2778 καταστρέφει

2178 2798 2304 2860 τοὺς
2339 2798 2554 2861 δούλους
2605 2799 2699 2851 τοῦ
2751 2799 2885 2854 Θεοῦ
2915 2803 2981 2870 τῇ
3029 2800 3230 2870 ἑαυτῆς
3272 2798 3542 2870 ἐνεργείᾳ.
3571 2799 3715 2850 Ὅταν

2180 2890 2287 2959 γὰρ
2315 2889 2399 2959 ἴδῃ
2419 2889 2544 2952 τοὺς
2574 2888 2891 2958 ἀνθρώπους
2931 2890 3335 2951 εύσταθοῦντας
3355 2929 3372 2953 ,
3407 2888 3715 2960 παραϐάλλει

2180 2980 2374 3050 ἑαυτὴν
2428 2981 2508 3045 είς
2537 2980 2887 3050 τὴνκαρδίαν
2923 2980 3017 3033 τοῦ
3052 2979 3361 3051 ἀνθρώπου,
3394 2981 3488 3034 καὶ
3541 2982 3602 3033 ἐκ
3638 2976 3713 3029 τοῦ

2183 3070 2410 3140 μηδενὸς
2437 3072 2805 3143 πικραίνεται,
2848 3072 3031 3125 ἕνεκεν
3064 3071 3334 3141 βιωτικῶν
3378 3070 3713 3143 πραγμάτων.

2179 3163 2211 3233 ἢ
2247 3162 2398 3232 περὶ.
2421 3162 2756 3231 ἐδεσμάτων,
2811 3163 2845 3232 ἢ
2868 3163 2950 3216 ὅτι
2983 3162 3312 3234 μικρολογία
3344 3179 3435 3227 τις
3491 3163 3716 3215 ἐνέπεσεν

2182 3254 2401 3322 ματαία,
2457 3254 2489 3325 ἢ
2550 3255 2681 3323 περ)⁵
2719 3254 2938 3315 δόσεως.
2980 3252 3166 3309 Ταῦτα
3223 3254 3335 3324 γὰρ
3364 3254 3544 3308 πάντα
3585 3250 3715 3323 μωρά

2177 3347 2324 3398 ἐστιν
2346 3345 2440 3397 καὶ
2468 3345 2596 3398 κενὰ
2619 3348 2728 3407 τοῖς
2745 3345 2950 3407 δούλοις
2972 3345 3069 3398 τοῦ
3104 3346 3239 3399 Θεοῦ
3263 3363 3276 3374 ·
3306 3342 3351 3416 ﬂ
3372 3346 3433 3400 δὲ
3473 3342 3714 3416 μακροθυ-

2181 3437 2301 3506 μία,
2328 3435 2539 3507 μεγάλη
2586 3437 2735 3488 ἐστὶν
2770 3437 2863 3489 καὶ
2884 3438 3101 3507 ἰσχυρὰ,
3135 3436 3337 3507 ἔχουσα
3378 3436 3602 3505 δύναμιν
3628 3450 3716 3486 στι-

2178 3528 2370 3598 ϐαρὰν,
2403 3529 2496 3583 καὶ
2512 3527 2747 3593 εὐθύνει,
2766 3530 2862 3581 καὶ
2882 3527 3263 3599 ἁγαλλιωμένη
3286 3528 3588 3599 ἁμέριμνος
3605 3524 3714 3577 οὖσα

2175 3620 2385 3684 δοξάζει
2422 3620 2512 3674 τὸν
2545 3621 2771 3692 Κύριον,
2804 3622 2972 3691 μηδὲν
3001 3624 3058 3675 ὲν
3109 3622 3246 3691 αὐτῇ
3276 3621 3480 3690 ἔχουσα
3528 3618 3711 3689 πικρὺνν

2175 3709 2310 3762 διότι
2342 3711 2520 3779 πραΰς
2548 3713 2697 3765 ἐστιν
2724 3714 2818 3765 καὶ
2839 3711 3252 3783 ἡσύχιος.Αὖτη
3278 3710 3375 3766 οὖν
3405 3716 3440 3783 ἡ
3470 3710 3713 3782 μακροθυ-

2180 3802 2279 3871 μία
2301 3806 2546 3856 κατοικεῖ
2575 3806 2713 3873 μετά
2744 3804 2851 3857 τῶν
2880 3805 2980 3876 τὴν
3032 3806 3215 3859 πίστιν
3235 3807 3470 3877 ἑχόντων
3523 3805 3715 3870 ὀλόκληο

2181 3907 2292 3961 ρον.
2336 3892 2401 3943 ‘ll
2443 3891 2500 3945 δὲ
2539 3891 2813 3962 ὀξυχολία,
2857 3892 3047 3964 ἄφρων
3104 3893 3269 3948 ἐστίν.
3326 3893 3489 3957 Εἶτα,
3527 3897 3588 3948 ὲκ
3637 3894 3715 3960 τῆς

2176 3979 2489 4051 ἀφροσύνης
2523 3981 2732 4049 γίνεται
2762 3982 2975 4053 πικρία,
2998 3983 3063 4035 ὲκ
3092 3982 3149 4034 δὲ
3178 3982 3279 4052 τῆς
3300 3985 3526 4056 πικρίας
3555 3981 3716 4052 θυμὸς,

2177 4072 2314 4125 ἐκδὲ
2349 4062 2447 4141 τῆς
2471 4072 2642 4142 ὀργῆς
2671 4073 2849 4143 μῆνις.
2881 4072 2954 4125 Τὸ
2971 4069 3066 4126 οὖν
3091 4073 3247 4142 ἅγιον
3272 4074 3502 4144 Πνεῦμα
3523 4074 3592 4136 ὡς
3608 4061 3716 4141 τρυ-

2176 4161 2340 4233 φερδν
2366 4161 2447 4229 δν,
2478 4163 2572 4216 καὶ
2603 4164 2677 4235 μὴ
2700 4163 2823 4233 ἕχον
2864 4163 3155 4233 συνήθειαν
3194 4166 3348 4235 μετὰς
3367 4166 3467 4218 τοῦ
3506 4159 3715 4233 σκληροῦ

2177 4254 2270 4311 καὶ
2296 4253 2536 4324 πονηροῦ
2561 4255 2890 4323 πνεύματος,
2914 4257 3197 4327 ἀποχωρεῖ
3227 4256 3353 4310 ἀπε
3370 4256 3470 4310 τοῦ
3506 4254 3714 4310 τοιούτου

2176 4344 2487 4416 ἀνθρώπου,
2521 4347 2613 4414 καὶ
2637 4345 2795 4416 ζητεῖ
2811 4347 3138 4420 κατοικῆσαι
3161 4347 3303 4418 μετά
3329 4346 3430 4402 τοῦ
3475 4344 3713 4419 μακροθύ-

490 4430 656 4505 .enim
686 4427 871 4484 omnia
897 4427 1048 4482 aliud
1072 4427 1212 4482 nihil
1240 4426 1414 4485 servis
1440 4425 1538 4480 Dei
1565 4432 1714 4490 sunt,
1739 4438 1905 4494 quam
1933 4423 2071 4486 stul-

2182 4452 2303 4504 μου,
2319 4436 2631 4504 καὶγίνεται
2643 4440 2670 4490 ὁ
2693 4439 2790 4493 ἄνθ
2796 4426 2980 4511 ρωπος
2993 4444 3201 4507 ἐκεῖνος
3226 4444 3387 4507 κενὸς
3402 4444 3498 4496 τοῦ
3513 4440 3715 4509 πνεύμα·

504 4521 626 4575 titia
652 4530 708 4574 et
729 4516 966 4574 vanitas.
995 4518 1043 4572 Ε
1066 4518 1309 4579 diverso,
1340 4516 1729 4587 longanimitas
1758 4515 1949 4570 iisdem
1976 4513 2076 4579 Dei

502 4614 682 4668 servis
705 4628 901 4685 magna
923 4627 1154 4683 prorsus
1178 4626 1243 4669 ac
1268 4609 1514 4676 robusta,
1539 4619 1595 4667 et
1618 4626 1740 4680 quae
1763 4607 2074 4664 admirabili

505 4705 790 4773 praepollet
813 4703 1061 4775 potentia
1087 4721 1100 4756 :
1129 4701 1277 4773 quod
1301 4718 1533 4773 pravum
1558 4711 1664 4766 est,
1692 4700 1759 4754 ad
1789 4697 2075 4754 rectitudi-

504 4809 631 4847 nem
667 4803 910 4859 revocat,
948 4803 1004 4848 et
1039 4793 1342 4857 exsultans,
1379 4808 1575 4848 secura
1614 4806 1736 4845 cum
1779 4789 1851 4843 sit
1889 4802 2073 4843 rerum

505 4886 774 4950 omnium,
813 4885 1106 4955 Dominum
1152 4883 1440 4954 gloriﬁcat,
1479 4883 1619 4937 nihil
1661 4882 1716 4935 in
1760 4896 1818 4936 se
1865 4881 2077 4937 habens

500 4976 914 5049 amaritudinis,
943 4976 1083 5030 lenis
1109 4985 1166 5030 et
1196 4975 1506 5045 tranquilla.
1535 4972 1661 5027 llaec
1688 4974 1858 5027 animi
1887 4973 2075 5028 mode-

507 5071 646 5125 ratio
681 5068 1023 5125 domicilium
1052 5069 1220 5123 habet
1246 5082 1534 5122 communc
1563 5082 1688 5129 cum
1723 5067 1834 5122 illis
1861 5067 1956 5136 qui
1987 5066 2072 5120 in-

504 5164 774 5219 columem
817 5162 1061 5217 retinent
1096 5171 1155 5216 .et
1191 5159 1489 5229 perfectam
1533 5157 1694 5213 tidem
1734 5176 1748 5212 :
1786 5159 2073 5213 iracundia

503 5271 636 5310 vero
679 5256 971 5309 stultorum
1019 5262 1122 5306 est.
1166 5253 1246 5306 Ex
1288 5251 1523 5306 stultitia
1563 5252 1824 5322 deinceps
1865 5252 2076 5308 resistit

502 5346 834 5410 amaritudo,
859 5361 925 5401 ex
951 5343 1323 5400 amaritudine
1353 5343 1507 5398 furor
1536 5363 1548 5397 :
1575 5359 1642 5398 ex
1669 5344 1752 5399 ira
1780 5356 1962 5401 autem
1993 5346 2075 5399 in-

501 5439 886 5494 candescentia
927 5452 1304 5508 perseverans.
1345 5436 1578 5494 Sanctus
1614 5440 1779 5512 igitur
1816 5440 2071 5509 Spiritus,

506 5540 565 5584 ut
590 5531 683 5600 qui
715 5530 823 5586 loci
850 5531 1115 5600 temperie
1144 5531 1281 5585 mirc
1313 5547 1370 5586 se
1400 5532 1642 5588 oblectat
1671 5547 1734 5587 ac
1760 5531 2071 5595 deiiciatur,

502 5625 664 5678 cuive
693 5624 842 5678 nulla
876 5624 1172 5680 intercedit
1209 5627 1555 5681 consuetudo
1584 5640 1710 5681 cum
1742 5625 2075 5696 implacabili

506 5715 805 5769 acrimonia
852 5716 1072 5785 reprobi
1124 5717 1375 5787 spiritus,
1423 5720 1489 5773 ab
1536 5719 1804 5789 ejusmodi
1853 5719 2075 5774 homine

2180 4528 2378 4589 τος-τοῦ
2411 4527 2641 4593 δικαίου,
2661 4529 2757 4581 καὶ
2774 4529 2910 4591 ὅλως
2934 4532 3340 4600 ἀπτυφλοῦται
3370 4536 3483 4588 ἀπὺ
3507 4534 3601 4602 τῆς
3623 4531 3712 4584 δια-

2180 4619 2329 4681 νοίας
2355 4618 2456 4688 τῆς
2487 4619 2723 4689 ἀγαθῆς.
2744 4621 2915 4690 ⁴φησιν
2942 4621 3002 4675 δὲ
3026 4628 3124 4676 καὶ
3149 4627 3178 4677 ὀ
3198 4625 3377 4694 λόγος,
3418 4643 3439 4677 ι
3465 4625 3713 4693 Κρείσσων

2181 4710 2320 4780 ἀνὴρ
2357 4711 2706 4781 μακρόθυμος
2743 4713 2987 4783 ἰσχυροῦ.
3030 4732 3051 4765 ι
3085 4715 3216 4774 Καὶ.
3248 4715 3497 4785 «Ὥσπερ
3518 4710 3711 4780 ‘30sz-

2162 4803 2335 4866 ,ξεται
2366 4804 2608 4874 ὦργυρος
2633 4806 2729 4858 καὶ
2752 4805 2952 4876 χρυσὸς
2984 4808 3046 4859 ὲν
3075 4807 3294 4876 καμίνῳ
3317 4847 3331 4869 ,
3364 4805 3543 4868 οὓτως
3588 4802 3715 4855 ἐκλε-

2181 4896 2315 4956 κτὰς
2343 4895 2563 4966 καρδίας
2585 4895 2870 4964 δοκιμάζῖι
2888 4899 2916 4949 ὁ
2933 4898 3157 4967 Κύριος,
3181 4917 3200 4947 ι
3227 4898 3484 4967 κατὰτὴν
3503 4893 3712 4965 Γραφήνο

2182 4986 2290 5038 Καὶ
2321 4986 2482 5039 πάλιν
2512 5005 2524 5018 ·
2562 5005 2579 5036 ι
2614 4986 2945 5057 Πραΰθυμος
2973 4990 3115 5058 ἀνὴρ
3163 4987 3389 5059 καρδίας
3416 4989 3618 5055 ἰατρὸς,
3644 4982 3717 5036 καὶ

2183 5075 2532 5146 μακρόθυμος
2567 5077 2704 5147 ἀνὴρ
2756 5078 3149 5130 κατασϐεννύει
3195 5077 3392 5148 κρίσιν.
3436 5095 3456 5127 ι
3492 5077 3600 5130 Καὶ
3631 5071 3719 5124 πάι

2180 5167 2297 5219 λιν”
2332 5187 2351 5220 ι
2401 5169 2766 5237 Ὃςιφείδεται
2794 5169 2946 5239 ῥῆμα
2979 5169 3308 5239 προελέσθαι
3330 5168 3591 5239 σκληρὸν,
3620 5168 3720 5217 tt:-

2183 5260 2425 5328 στήμων.
2450 5255 2770 5324 »Καίαῦθις,
2795 5278 2812 5311 ι
2840 5260 3065 5323 Τέκνον,
3090 5261 3139 5312 εί
3169 5261 3447 5331 προσέρχῃ
3477 5256 3719 5312 δουλεύειν

2177 5351 2256 5418 τῷ
2292 5352 2503 5422 Κυρίῳ,
2522 5348 2811 5422 ἑτοίμασον
2834 5352 2932 5420 τὴν
2958 5354 3135 5422 ψυχήν
3159 5369 3253 5405 σου
3286 5353 3366 5415 είς
3413 5347 3719 5421 πειρασμόν.

2184 5435 2420 5496 Εὔθυνον
2446 5444 2544 5513 τὴν
2597 5443 2825 5514 καρδίαν
2855 5460 2948 5497 σου
3003 5446 3097 5498 καὶ
3155 5443 3520 5515 καρτέρησον.
3569 5432 3721 5495 Diva

2183 5537 2276 5589 ὲάν
2308 5536 2517 5607 ὲπαχθῇ
2553 5554 2657 5600 σοι,
2688 5536 2834 5604 δέξαι
2867 5538 3139 5609 ἀσμένως.
3176 5538 3286 5591 Καὶ
3317 5540 3373 5589 ἐν
3406 5535 3721 5604 ἀλλάγμασῖν

2180 5628 2569 5692 ταπεινιῦσεὼς
2600 5646 2697 5683 σου
2731 5629 3156 5701 μακροθύμησον
3179 5647 3192 5660 ⁸
3234 5630 3532 5682 πίστευσον
3573 5618 3717 5679 αὐτῶν

2184 5722 2276 5775 καὶ
2317 5719 2666 5791 ἀντιλήψεται
2698 5738 2813 5775 σου,
2845 5740 2863 5773 ι
2902 5723 3011 5776 Καὶ
3040 5702 3350 5791 ὴμεῖςόὗν,
3375 5716 3619 5786 ἀδελφοὶ,
3650 5706 3717 5764 διά
