3918 6106
387 293 521 361 1773

1252 286 1581 353 HOMILIA
1617 291 1766 352 CXI.
1804 316 1875 327 -
1910 288 2007 361 DE
2045 287 2177 350 IIIS
2213 285 2349 361 QUI
2389 284 2769 353 PRrESUNT.

3462 370 3465 373 _
3488 289 3622 355 1774

386 405 762 479 μακροθυμίαν
782 402 1049 477 ψᾶλωμεν
1083 398 1181 458 σὺν
1208 404 1287 476 τῷ
1320 404 1484 458 Δαυῒδ
1525 403 1623 456 τόο
1662 421 1683 455 ι
1712 404 1949 473 Δοκίμαο

2050 402 2269 474 longius
2307 417 2367 457 se
2407 401 2718 467 submovet,
2759 401 3005 471 deligens
3037 401 3144 457 sibi
3181 402 3520 463 domicilium
3562 407 3618 461 in

374 499 477 554 ’σόν
509 515 597 571 με,
620 495 814 566 Κύριε.
840 495 938 550 καὶ
994 495 1167 563 γνῶθι
1193 495 1293 568 τὴν
1336 495 1567 567 καρδίαν
1600 513 1722 567 μου,
1759 494 1949 548 εταιτόν

2048 494 2270 549 homine
2310 493 2523 563 patiens
2564 493 2659 561 qui
2702 492 2773 546 sit
2811 500 2867 550 et
2906 491 3253 563 longanimis.
3288 496 3357 550 At
3396 498 3616 552 interim

381 606 473 663 με,
504 590 598 643 καὶ
626 589 798 658 γνῶθι
831 588 930 652 τὰς
949 588 1172 659 τρίϐους
1201 605 1324 658 μου,
1354 588 1450 642 καὶ
1477 588 1572 650 ῐδε,
1606 589 1655 641 εί
1683 588 1801 651 ὁδὸς
1820 588 1947 640 ἀνο-

378 683 513 753 μίας
544 682 604 734 ὲν
631 680 757 751 ὲμοί
777 697 791 711 ⁸
838 681 933 734 καὶ
958 679 1226 749 ὀδήγησόν
1257 696 1323 750 με
1358 680 1416 731 ὲν
1617 680 1832 750 αἰωνίᾳ.
1865 680 1947 732 ὅτι

372 772 492 841 ἐγὼ
507 773 566 826 ἐν
592 770 798 844 ἀκακία
828 785 928 842 μου
955 772 1281 842 ἐπορεύθην.
1309 768 1597 842 Λύτρωσαί
1624 789 1712 841 με,
1754 771 1944 842 Κύριε,

372 866 473 920 καὶ
496 865 721 936 ἐλέησόν
762 881 849 934 με.
886 882 905 916 ι
938 863 1051 918 Καὶ
1081 863 1178 936 τό]
1219 883 1238 914 ι
1281 862 1447 934 Ἑμοῦ
1475 858 1532 917 δὲ
1558 862 1651 917 διὰ
1678 864 1774 932 τὴν
1808 867 1946 918 ἀκα-

368 955 503 1009 κίαν
526 946 845 1015 ἀντελάσου,
880 957 974 1007 καὶ
1011 953 1349 1009 ὲ6ε6ίιίωσάς
1379 970 1446 1025 με
1467 953 1696 1007 ἐνώπιόν
1744 971 1838 1007 σου
1865 956 1946 1017 εἰς

367 1048 469 1102 τὸν
498 1048 733 1102 αίῶνα.-ι
771 1049 933 1117 Λέγει
965 1048 1022 1102 δὲ
1049 1049 1186 1100 καὶὸ
1214 1046 1490 1115 Σολομὼν⁸
1521 1065 1538 1097 ι
1572 1045 1945 1115 Μακρόθυμος

366 1138 538 1209 ἀνὴρ,
596 1139 880 1207 φρόνιμος.
925 1156 944 1189 ι
984 1138 1128 1190 Καίο
1174 1154 1194 1187 ι
1240 1136 1477 1206 ’Ᾱνοήτῳ
1532 1134 1943 1223 ἐπερωτήσαντι

368 1231 591 1299 σοφίαν,
625 1230 785 1297 σοφία
824 1228 1207 1297 λογισθήσεται
1235 1226 1405 1298 αὐτῷ.
1440 1226 1673 1279 Σύννουν
1730 1227 1786 1279 δὲ
1851 1227 1943 1279 καὶ

363 1322 522 1374 ἐνεὸν
577 1321 767 1374 ἑαυτὸν
804 1321 1061 1391 ποιήσας,
1094 1320 1233 1385 δόξει
1264 1319 1528 1389 φρόνιμος
1555 1314 1716 1372 εἶναι.
1777 1338 1794 1369 ι
1832 1319 1943 1372 Καὶ

315 1388 327 1399 ’
362 1414 558 1468 πάλιν
606 1432 626 1464 ι
675 1388 956 1483 Ἐλεήμων
981 1412 1119 1483 ἀνὴρ
1176 1411 1544 1484 μακροθυμεῖ.
1587 1430 1604 1461 ι
1637 1411 1745 1463 Ka‘t
1783 1412 1812 1463 ὀ
1843 1410 1943 1463 ’ῐά-

361 1507 569 1569 κωόοςο
587 1524 606 1556 ι
634 1503 1112 1577 Μακροθυμὴσατε
1135 1501 1247 1570 οὖν,
1270 1503 1509 1571 ἀδελφοὶ,
1539 1502 1649 1566 ἓως
1663 1502 1763 1573 τῆς
1794 1519 1940 1566 παρ-

358 1595 559 1657 ουσίας
612 1593 705 1647 τοῦ
741 1594 971 1665 Κυρίου.
1011 1594 1146 1647 Ἰδοὺ
1185 1594 1482 1664 ὁγεωργδς
1506 1592 1788 1663 ἐκδέχεται
1844 1592 1938 1644 τὸν

355 1687 550 1754 τίμιον
582 1685 794 1756 καρπὸν
819 1686 912 1738 ἐπὶ
937 1685 1036 1756 τῆς
1076 1680 1202 1752 γῆς.
1235 1683 1604 1756 μακροθυμῶν
1636 1682 1720 1737 ἐπ’
1762 1682 1933 1752 αὐτῷ,

2047 586 2212 641 homo
2241 585 2332 640 ille
2358 586 2539 641 inanis
2567 585 2627 638 ﬁt
2656 585 2886 655 spiritus
2910 585 3082 655 justi;
3110 597 3416 665 excaecatur
3442 599 3614 653 totus,

2044 674 2177 743 dum
2209 678 2432 733 exuitur
2467 679 2668 734 mentis
2704 677 2997 734 dulcedine
3031 692 3095 732 ac
3128 678 3491 750 benignitate.
3528 684 3620 738 Ait

2044 779 2228 824 autem
2272 768 2558 839 Scriptura
2598 787 2611 822 :
2655 788 2673 822 ι
2719 769 2911 825 Melior
2929 770 3016 823 vir
3056 771 3273 841 patiens
3313 771 3439 827 forti
3464 774 3551 835 “ﬁ.
3593 796 3610 825 ι

2044 857 2112 913 Ει
2144 878 2157 912 :
2194 879 2213 911 ι
2255 860 2411 922 Sicut
2450 861 2719 931 probatur
2752 877 2948 917 aurum
2988 870 3045 916 ct
3080 874 3368 933 argentum
3410 865 3465 919 in
3505 866 3617 919 for-

2044 966 2199 1015 nace,
2226 952 2305 1006 sic
2327 952 2503 1006 electa
2526 952 2694 1006 corda
2721 952 2921 1021 probat
2941 953 3105 1018 Deus,
3141 974 3158 1005 ι
3184 956 3338 1025 juxta
3364 955 3616 1026 Scriptu-

2043 1058 2158 1097 ram
2181 1044 2248 1097 ”.
2290 1043 2496 1097 lterum
2537 1061 2550 1096 :
2590 1062 2609 1096 ι
2651 1044 2747 1097 Vir
2784 1054 3104 1099 mansuetus
3146 1046 3333 1101 cordis
3370 1049 3616 1102 medicus

2042 1141 2127 1188 est
2145 1134 2211 1186 ⁸³.
2245 1152 2263 1184 ι
2294 1135 2547 1189 Rursus:
2583 1154 2599 1184 ι
2634 1133 2759 1198 Fili,
2783 1135 2825 1188 si
2855 1136 3162 1190 accesseris
3188 1137 3257 1191 ad
3289 1122 3612 1194 SCI‘VilUlClIl

2041 1223 2175 1291 Dei,
2202 1240 2447 1294 praepara
2474 1225 2711 1279 animam
2744 1234 2893 1283 tuam
2922 1226 2988 1283 ad
3022 1229 3410 1295 tentationcm,
3440 1231 3613 1301 dirige

2041 1330 2138 1369 cor
2171 1321 2323 1369 tuum
2353 1323 2407 1369 et
2436 1316 2648 1370 sustine
2679 1333 2693 1369 :
2723 1331 2885 1371 omne
2916 1317 3063 1385 quod
3094 1318 3414 1387 applicitum
3447 1321 3615 1376 fuerit

2042 1404 2164 1472 tibi,
2192 1407 2413 1477 suscipe
2448 1407 2710 1473 libenter,
2742 1417 2798 1463 et
2829 1407 2886 1465 in
2921 1410 3321 1465 mutationibus
3354 1412 3613 1466 bumilia-
3700 1469 3705 1473 ,

2039 1498 2211 1551 tionis
2236 1505 2344 1552 tuae
2366 1498 2687 1569 patientiam
2713 1498 2854 1557 habe
2881 1516 2894 1553 :
2920 1501 3083 1554 crede
3106 1500 3157 1553 ei
3184 1510 3239 1556 et
3265 1504 3615 1571 recuperaliit

2040 1599 2093 1644 te
2110 1592 2177 1643 “.
2221 1607 2239 1640 ι
2282 1589 2392 1643 Nos
2430 1589 2615 1656 itaque
2658 1587 2901 1657 (fratres)
2940 1589 3374 1660 longanimitatis
3412 1608 3476 1646 ac
3512 1609 3611 1662 pa-

2038 1682 2248 1737 tientiae
2283 1682 2480 1737 merito
2514 1679 2769 1747 subnixi,
2809 1697 2917 1739 una
2951 1696 3076 1736 cum
3111 1682 3314 1739 Davide
3349 1685 3609 1739 concina-

355 1774 472 1841 ἕως
498 1775 564 1829 ἂν
585 1775 725 1845 λάϐῃ
743 1773 955 1844 καρπὸν
1003 1773 1253 1844 πρώῖμον
1282 1774 1378 1826 καὶ
1400 1771 1615 1842 ὄψιμον.
1644 1770 1936 1841 Μακροθυ-

2040 1786 2163 1825 mus
2192 1789 2203 1824 :
2231 1791 2250 1822 ι
2276 1772 2452 1827 Proba
2481 1787 2590 1835 me,
2621 1772 2872 1836 Domine,
2902 1778 2960 1826 et
2989 1773 3128 1827 scito
3154 1787 3250 1827 cor
3273 1789 3483 1840 meum;
3519 1776 3605 1831 in-

359 1870 582 1939 μήσατε
611 1865 705 1927 οὖν
728 1870 824 1922 καὶ
854 1868 1014 1936 ὑμεῖς
1035 1882 1048 1896 ·
1081 1866 1385 1935 ὑπόδειγμα
1414 1865 1607 1920 λάϐετε
1635 1865 1735 1933 τῆς
1768 1880 1935 1917 κακο-

352 1957 620 2023 παθείας,
666 1960 759 2011 καὶ
797 1958 895 2028 τῆς
935 1955 1347 2027 μακροθυμίας,
1388 1954 1519 2016 τοὺς
1560 1953 1864 2024 προφήτας.
1908 1970 1927 2002 ι

340 2049 479 2103 ’Καὶ
497 2049 556 2102 ὲν
580 2049 661 2121 τῷ
685 2049 1000 2119 Εὐαγγελίῳ
1018 2050 1349 2117 γέγραπταιο
1386 2065 1406 2098 ι
1447 2046 1668 2107 ’ἰδόντες
1687 2044 1744 2098 δέ
1766 2060 1933 2115 φησιν

348 2140 403 2194 οε
436 2139 703 2211 μαθηταὶ,
734 2138 989 2201 Ἰάκωϐος
1022 2139 1116 2193 καὶ
1151 2138 1425 2209 Ἰωάννης,
1455 2137 1538 2191 ὅτι
1565 2137 1667 2189 οὐκ
1686 2134 1932 2201 ἐδέξαντο

350 2232 561 2294 αὐτοὺς
580 2233 630 2285 οί
648 2232 1003 2304 Σαμαρεῖται,
1034 2228 1206 2284 εἷποψ
1233 2250 1252 2282 ι
1277 2229 1469 2301 Κύριε,
1488 2228 1663 2291 θέλεις
1683 2227 1926 2298 εἴπωμεν

351 2310 482 2392 πῦρ
507 2321 813 2397 θεαταϐἧναι
843 2321 937 2375 ἀπ’
969 2320 1225 2391 οὐρανοῦ,
1256 2318 1350 2372 καὶ
1378 2316 1645 2384 ἀναλώσει
1703 2313 1923 2379 αὐτοὺς,

350 2413 432 2475 ὡς
474 2412 569 2465 καὶ
610 2410 1132 2481 Ἦλίαςὲποίησενς
1194 2409 1463 2482 Στραφεὶς
1511 2410 1567 2462 δὲ
1615 2410 1643 2463 ὁ
1697 2406 1926 2478 Ἰησοῦς.

355 2505 704 2575 ἐπετίμησεν
728 2507 932 2569 αὐτοῖς,
966 2505 1061 2557 καὶ
1100 2486 1271 2557 εἶπεν·
1314 2522 1332 2553 ι
1370 2504 1485 2556 Οὐκ
1530 2500 1707 2558 οἴδατε
1774 2500 1929 2553 ποίου

353 2596 674 2665 ’πνεύματός
721 2597 865 2651 ἐστε.
902 2594 959 2649 ‘0
998 2593 1126 2658 Υἱὸς
1158 2583 1257 2648 τοῦ
1297 2592 1587 2663 ἀνθρώπου
1622 2593 1723 2645 οὐκ
1768 2586 1930 2660 ἦλθεν

352 2686 541 2757 ψυχὰς
572 2687 879 2741 ἁνθοώπων
910 2686 1195 2747 ἀπολέσαι,
1232 2685 1370 2739 ἀλλὰ
1401 2685 1593 2737 σῶσαι.
1637 2704 1655 2736 ι
1706 2678 1863 2753 Λύτῷ
1895 2685 1928 2753 ὴ

353 2778 487 2844 δόξα
518 2781 597 2842 εἰς
616 2779 741 2842 τοὺς
773 2779 997 2841 αἰῶνας.
1035 2780 1225 2848 Ἀμήν.

2033 1870 2248 1932 terroga
2274 1878 2382 1924 me,
2407 1871 2463 1917 et
2486 1877 2755 1934 cognosce
2779 1862 3003 1917 semitas
3025 1879 3195 1928 meas,
3219 1874 3276 1919 et
3301 1864 3423 1925 vide
3448 1867 3494 1921 si
3516 1868 3605 1929 via

2031 1951 2341 2021 iniquitatis
2362 1952 2418 2007 in
2442 1968 2530 2008 me
2552 1960 2659 2014 est,
2677 1961 2733 2008 et
2770 1953 2951 2011 deduc
2988 1969 3076 2008 me
3112 1954 3168 2008 in
3191 1955 3276 2010 via
3302 1960 3600 2012 aeterna":

2035 2038 2249 2113 1206
2274 2043 2402 2113 quia
2433 2059 2534 2113 ego
2567 2043 2620 2098 in
2653 2043 2968 2099 innocentia
2998 2058 3118 2099 mea
3149 2045 3432 2114 ingressus
3457 2062 3601 2111 sum,

2028 2135 2239 2211 redime
2262 2150 2349 2203 me
2376 2145 2432 2190 et
2459 2136 2722 2197 miserere
2753 2137 2859 2191 mei
2882 2137 2950 2191 ".
2984 2156 3002 2188 ι
3032 2137 3100 2192 Et
3126 2138 3259 2201 illud
3289 2154 3303 2191 :
3339 2157 3356 2189 ι
3389 2138 3472 2194 Me
3503 2154 3605 2193 au-

2033 2233 2142 2281 tem
2174 2234 2399 2297 propter
2427 2227 2796 2287 innocentiam
2826 2228 3120 2300 suscepisti
3134 2269 3155 2288 ..
3181 2238 3239 2285 et
3267 2229 3602 2286 conﬁrmasti

2034 2332 2122 2373 me
2158 2317 2215 2386 in
2255 2330 2556 2388 conspectu
2601 2326 2695 2373 tuo
2736 2319 2792 2373 in
2831 2322 3184 2376 aeternum".
3229 2322 3429 2395 rDicit
3471 2323 3603 2379 item

2027 2408 2286 2465 Salomon
2316 2429 2339 2464 σε
2384 2430 2403 2462 ι
2438 2410 2534 2466 Vir
2569 2412 2919 2482 longanimis.
2956 2414 3183 2484 sapiens
3213 2424 3298 2470 est
3316 2416 3384 2469 ⁸⁸.
3427 2434 3446 2467 ι
3483 2416 3550 2471 Ει
3584 2434 3600 2471 :

2031 2519 2051 2552 ι
2091 2500 2276 2569 Stulto
2303 2501 2667 2572 interroganti
2698 2502 3055 2577 sapientiam,
3086 2505 3354 2577 sapientia
3386 2505 3466 2560 illi
3496 2507 3602 2561 im-

2026 2593 2311 2663 putabitur
2351 2611 2364 2647 :
2402 2602 2629 2661 mutum
2654 2602 2838 2649 autem
2880 2597 2927 2650 is
2967 2595 3061 2665 qui
3099 2598 3342 2667 seipsum
3385 2597 3600 2663 fecerit,

2026 2681 2304 2737 videbitur
2332 2698 2453 2743 esse
2482 2683 2729 2753 prudens
2750 2687 2817 2739 ”.
2854 2704 2872 2751 ρ
2909 2686 3113 2741 lterum
3149 2705 3162 2740 :
3204 2706 3222 2739 ι
3258 2688 3352 2745 Vir
3378 2689 3601 2744 miseri-

2027 2789 2170 2840 cors,
2198 2775 2524 2844 longanimis
2549 2776 2689 2833 est‘.
2720 2795 2738 2826 ι
2768 2776 3007 2832 Iacobus
3034 2796 3046 2831 :
3079 2798 3097 2829 ι
3130 2779 3409 2836 Patientos
3434 2780 3604 2851 igitur

353 2840 536 2926 estote
572 2840 810 2940 (fratres)
846 2884 1018 2939 usque
1049 2840 1117 2923 ad
1154 2840 1449 2921 adventum
1484 2860 1700 2918 Domini
1739 2878 1753 2916 :
1792 2844 1921 2916 ecce
1958 2840 2196 2933 agricola
2225 2840 2506 2934 exspectat
2543 2864 2846 2935 pretiosum
2885 2865 3124 2923 fructum
3176 2878 3338 2925 terra:
3387 2840 3605 2941 patien-

355 2973 444 3016 ter
471 2962 653 3018 ferens
684 2963 859 3019 donec
894 2961 1127 3031 accipiat
1162 2957 1402 3029 pluviam
1443 2965 1850 3025 temporaneam
1903 2962 1960 3008 et
1996 2956 2293 3011 serotinam
2338 2974 2351 3010 :
2393 2958 2663 3025 patientes
2706 2957 2872 3028 igitur
2916 2969 3095 3015 estote
3135 2969 3194 3016 et
3228 2977 3357 3028 vos,
3413 2978 3603 3019 exem-

354 3057 510 3127 plum
540 3050 770 3124 accipite
798 3051 1005 3107 laboris
1027 3059 1084 3107 et
1106 3042 1404 3121 patientiae,
1428 3046 1724 3118 prophetas
1739 3044 1835 3097 ¹.“›
1876 3046 1936 3100 In
1976 3045 2269 3116 Evangelio
2293 3062 2512 3116 quoque
2535 3047 2802 3115 scriptum
2829 3059 2917 3104 est
2942 3066 2955 3101 :
2983 3068 3001 3100 ι
3034 3050 3293 3107 Videntcs
3313 3062 3496 3108 autem
3521 3052 3606 3109 di.

352 3146 551 3217 scipnli
577 3145 813 3200 Iacobus
839 3154 895 3198 et
922 3141 1192 3207 Joannes,
1223 3138 1353 3211 quia
1382 3138 1691 3207 noluissent
1718 3153 1816 3193 eos
1844 3138 2089 3208 recipere
2136 3138 2461 3192 Samaritani
2482 3178 2496 3204 ,
2535 3138 2797 3194 dixerunt
2827 3157 2841 3194 :
2878 3159 2896 3193 ι
2930 3142 3191 3206 Domine,
3232 3143 3318 3198 vis
3356 3145 3604 3203 dicamus

351 3245 417 3291 ut
444 3234 588 3306 ignis
613 3234 908 3289 descendat
933 3231 1000 3287 de
1029 3227 1198 3296 ccelo,‘
1216 3238 1273 3283 et
1296 3234 1586 3284 consumat
1627 3227 2214 3297 eosquemadmodum
2280 3228 2427 3285 Elius
2467 3228 2597 3284 fecit
2641 3230 2698 3283 ’ἲ
2731 3229 3042 3286 Conversus
3087 3243 3269 3287 autem
3296 3235 3461 3293 Jesus
3521 3240 3606 3294 in-

350 3325 602 3396 crepavit
642 3340 768 3389 eos,
803 3333 860 3380 et
902 3324 1039 3379 dixit
1078 3342 1090 3377 :
1135 3341 1153 3374 ι
1199 3321 1463 3382 Nescitis,
1499 3321 1659 3389 cujus
1697 3320 1927 3390 spiritus
1965 3320 2332 3375 estistilius
2391 3321 2631 3377 hominis
2663 3337 2772 3385 non
2796 3323 2948 3377 venit
2973 3324 3204 3392 perdere
3232 3325 3446 3383 animas
3499 3331 3603 3387 ho-

351 3420 593 3483 minum,
621 3401 715 3472 scd
744 3418 924 3473 salvas
952 3432 1048 3471 eas
1078 3417 1259 3470 facere
1278 3415 1319 3465 ⁸.
1357 3432 1374 3463 ι
1406 3412 1513 3480 Ipsi
1543 3412 1715 3482 gloria
1745 3413 1801 3467 in
1830 3412 2028 3469 saecula
2064 3412 2412 3466 smcnlorum.
2447 3412 2646 3468 Amen.

941 3529 1159 3585 ΛΟΓΟΣ
1197 3530 1344 3582 Ρ1Λ⁸.

791 3668 795 3673 .
874 3622 1011 3691 Περὶ
1047 3624 1157 3690 mro
1165 3621 1418 3690 υμέιοων.

420 3740 594 3811 Φησὶν
620 3742 653 3809 ἡ
680 3738 801 3792 θεία
830 3737 1040 3809 Γραφὴ,
1066 3738 1142 3799 ὡς
1172 3755 1191 3787 ι
1217 3732 1499 3805 Ἤρξατοὸ
1524 3729 1729 3802 Ἰησοῦς
1750 3730 1924 3785 ποιεῖν

347 3850 412 3890 τε
444 3835 541 3888 καὶ
566 3833 857 3891 διδάσκειν.
894 3850 912 3883 ι
955 3830 1176 3900 Πρῶτον
1207 3824 1433 3896 ἐποίησε
1472 3825 1567 3880 καὶ
1615 3823 1799 3886 οὕτως
1821 3823 1925 3877 i8!-

345 3925 534 3990 δαξεν.
575 3925 805 3992 Ὁμοίως
845 3922 937 3975 καὶ
969 3921 1129 3984 αὐτὸς
1186 3919 1491 3973 ἐντέλλεται
1524 3917 1732 3984 λέγων·
1770 3933 1788 3966 ι
1828 3915 1924 3978 Ὃς

344 4021 574 4087 ποιήσοι
619 4018 711 4069 καὶ
739 4014 961 4081 διδάξεις
996 4005 1154 4075 οὗτος
1191 4013 1364 4083 μέγας
1411 4008 1742 4080 κληθήσεται
1766 4008 1822 4059 ὲν
1853 4009 1921 4075 τῇ

344 4106 605 4181 βασιλείᾳ
632 4108 740 4160 τῶν
764 4105 1030 4174 οὐρανῶν.
1069 4124 1088 4155 ι
1132 4104 1191 4158 ’0
1218 4102 1677 4173 ὲμπιστευόμενος
1700 4101 1801 4154 ὑπὸ
1827 4097 1923 4152 τοῦ

340 4199 492 4254 Θεοῦ
513 4198 713 4270 ψυχὰς,
753 4197 947 4251 πολλοῦ
971 4196 1182 4264 ἀγῶνος
1214 4195 1382 4248 δεῖται
1437 4195 1577 4263 ὑπὲρ
1622 4193 1732 4246 τῶν
1761 4193 1923 4262 ἀρχο·

345 4293 559 4363 μένων,
586 4290 661 4353 ὡς
686 4284 840 4353 εἰδὼς
859 4289 944 4342 ὅτι
969 4288 1059 4341 τὸν
1076 4288 1219 4358 ὑπὲρ
1244 4282 1426 4345 αὐτῶν
1461 4283 1649 4353 ὑφέξει
1678 4282 1922 4336 κίνδυνον

344 4384 448 4437 καὶ
472 4381 787 4448 ἀπολογίαν,
816 4382 917 4434 οὐκ
947 4378 1165 4432 ἔλαττον
1209 4376 1316 4430 τῶν
1346 4375 1477 4446 περὶ
1502 4374 1698 4429 ἑαυτοῦ
1717 4393 1732 4407 ο
1758 4374 1787 4427 ὃ
1814 4375 1923 4445 γὰρ

347 4471 659 4542 παρέθεντο
674 4472 832 4535 πολὺ,
861 4471 1252 4541 περισσότερον
1281 4467 1682 4535 ἀπαιτήσουσιν
1731 4465 1919 4518 αὑτοῦ.

358 4562 604 4634 Ὀφείλει
633 4561 726 4616 οὖν
754 4565 784 4615 ὁ
812 4563 1015 4634 ποιμὴν
1031 4564 1155 4625 ὅλος
1177 4560 1304 4625 νοῦς
1338 4561 1432 4614 καὶ
1455 4556 1736 4627 ὀφθαλμὸς
1760 4553 1919 4621 εἶναι,

345 4658 447 4711 ἵνα
500 4655 574 4724 μὴ
628 4653 688 4716 ἓν
742 4654 850 4707 τῶν
877 4652 1348 4723 ὲμπιστευθέντων
1395 4648 1545 4719 αὐτῷ
1592 4646 1922 4717 θρεμμάτων

342 4746 725 4817 ἀπρόσδεκτον
746 4745 975 4815 γένηται
995 4743 1081 4796 διὰ
1104 4744 1203 4811 τῆς
1230 4742 1513 4813 ἀμελείας,
1542 4739 1575 4812 ἦ
1621 4742 1913 4811 λειχηνιῶν

2584 3523 2867 3583 HOMILIA
2907 3528 3047 3584 CXI.

2530 3617 2604 3671 De
2633 3619 2711 3671 Itis
2736 3619 2827 3687 qui
2862 3627 3118 3687 primum.
3172 3642 3175 3647 λ

2101 3743 2191 3800 Ait
2224 3745 2534 3814 Scriptura,
2560 3748 2689 3816 quia
2735 3766 2753 3796 ι
2788 3730 2957 3817 cmpit
2984 3747 3142 3803 Jesus
3188 3740 3370 3804 facere
3405 3761 3461 3805 et
3497 3751 3601 3807 do-

1990 3838 2214 3919 cere“.
2258 3857 2275 3887 ›
2321 3838 2565 3892 Primum
2607 3837 2758 3919 fecit,
2804 3847 2860 3893 et
2904 3838 2985 3895 sic
3045 3838 3254 3905 docuit,
3297 3856 3399 3896 nec
3442 3858 3603 3899 secus

2030 3920 2207 3982 sancit
2232 3934 2506 3998 praecepto
2546 3918 2881 3990 faciendum.
2915 3932 3106 3987 dicens
3149 3949 3161 3984 :
3211 3951 3229 3983 ι
3273 3930 3378 3999 Qui
3408 3933 3602 3991 fecerit

2029 4028 2086 4071 et
2123 4018 2392 4080 docuerit.
2427 4019 2515 4075 hic
2563 4036 2793 4092 magnus
2824 4008 3113 4078 vocabitur
3149 4024 3204 4078 in
3236 4038 3405 4095 regno
3435 4028 3594 4083 caelo-

2029 4125 2150 4164 rum
2181 4111 2221 4165 ⁸.
2264 4129 2283 4161 ι
2336 4110 2388 4165 Is
2428 4111 2596 4181 igitur
2626 4113 2783 4181 cuius
2825 4113 2953 4168 ﬁdei
3004 4114 3175 4169 tutela
3214 4115 3522 4171 animarum
3570 4134 3600 4172 a

2028 4200 2142 4255 Deo
2171 4202 2488 4257 concredita
2523 4211 2628 4267 est,
2653 4192 2773 4258 non’
2794 4204 3058 4259 mediocri
3091 4206 3274 4261 studio
3301 4206 3600 4277 advigilare

2029 4293 2193 4349 debet
2247 4309 2349 4362 pro
2393 4294 2568 4348 salute
2611 4295 2967 4350 subditorum
3007 4313 3020 4349 :
3058 4298 3262 4367 quippe
3310 4299 3403 4368 qui
3436 4286 3601 4354 certo

2028 4385 2167 4439 sciat
2209 4396 2268 4439 se
2316 4400 2419 4454 pro
2466 4385 2575 4440 illis
2610 4374 2892 4441 aditurum
2950 4400 3072 4442 esse
3114 4389 3310 4445 animae
3366 4389 3602 4460 propriae

2029 4475 2356 4544 periculum,
2392 4486 2448 4530 at
2481 4476 2702 4545 quidem
2736 4492 2836 4546 pro
2871 4494 2930 4533 se
2958 4493 3027 4533 ne
3059 4479 3339 4539 minimam
3374 4480 3599 4536 habitu-

2028 4580 2150 4618 rum
2201 4581 2324 4619 esse
2372 4565 2810 4639 excusationem,
2847 4566 2932 4621 Ab
2983 4583 3051 4622 eo
3096 4568 3243 4623 enim
3288 4568 3377 4623 cui
3426 4570 3601 4627 multa

2028 4656 2276 4725 apposita
2311 4667 2459 4721 sunt,
2504 4656 2881 4712 abundantius
2911 4666 3183 4729 repetent.
3231 4646 3403 4717 Debet
3432 4659 3601 4732 igitur

2027 4754 2216 4814 pastor
2250 4756 2399 4801 totus
2443 4760 2564 4800 esse
2595 4762 2751 4801 mens
2783 4756 2840 4802 et
2874 4749 3095 4812 oculus.
3119 4759 3181 4805 ut
3219 4766 3290 4807 ne
3336 4768 3444 4807 una
3480 4754 3602 4823 qui-

343 4841 465 4896 ἁπδ
495 4836 841 4907 λογισμῶν,ἢ
872 4833 1100 4905 ψωριῶν
1132 4836 1199 4905 τῇ
1235 4832 1630 4899 συγκαταθέσει
1658 4831 1858 4894 αὐτῶν,
1887 4829 1920 4900 ἧ

2033 4836 2153 4892 dem
2195 4838 2637 4893 conereditaru‘m
2669 4840 2773 4894 sibi
2806 4842 3078 4911 pecudum
3119 4844 3347 4914 rejicula
3412 4844 3506 4898 tiat
3541 4854 3602 4900 et

344 4930 529 5004 χωλὸν
542 4929 611 4982 δι’
633 4929 871 5011 ὰσξμνου
897 4925 1246 4996 βαδίσματος,
1259 4924 1291 4991 ἢ
1304 4923 1626 5009 ήὼτότμητον
1643 4923 1730 4975 διὰ
1749 4937 1926 4991 παρα-

240 5086 245 5091 ,
314 5024 512 5092 -κοῆς,
542 5023 576 5093 ἦ
609 5006 808 5090 τυφλὸν
837 5019 924 5072 διὰ
979 5017 1155 5080 κακῆς
1209 5006 1472 5085 ὁράσεως,
1507 5014 1547 5084 -ἥ
1589 5014 1923 5083 θηριάλωτον

344 5116 457 5172 καὶ
486 5115 802 5183 Θνησιμαϊον
831 5111 919 5165 διὰ
946 5110 1126 5177 κακῆς
1156 5105 1423 5176 πράξεως.
1465 5105 1551 5168 Ὡς
1587 5099 1681 5157 οὖν
1708 5103 1922 5174 εἴρηται

344 5208 640 5278 γινώσκων
670 5207 752 5258 ὅτι
794 5205 956 5273 λόγον
986 5202 1126 5271 ὑπὲρ
1150 5199 1329 5253 αὐτῶν
1373 5197 1578 5267 ὑφέξει,
1614 5196 1747 5249 πολὺ
1774 5195 1922 5264 ὀφεί-

344 5301 439 5353 λει
467 5301 827 5369 ἐναγρυπνεῖν
877 5298 942 5368 τῇ
970 5295 1177 5367 ποίμνῃ
1212 5291 1405 5355 αὑτοῦ,
1466 5292 1562 5344 καὶ
1593 5289 1671 5352 ὡς
1701 5290 1921 5357 ἄριστος

350 5391 539 5461 ἰατρὸς
577 5392 676 5461 τὴν
729 5390 1114 5458 προσήκουσαν
1163 5385 1380 5453 ἑκάστῳ
1449 5383 1609 5435 πάθει
1669 5381 1920 5453 βοήθειαν

2029 4931 2254 5000 indigna
2285 4948 2406 5001 quae
2437 4932 2739 5002 recipiatur
2765 4949 2793 4987 a
2826 4934 3059 4989 Domino
3099 4952 3198 5005 per
3225 4938 3597 5004 oscitanliatn,

2027 5032 2123 5076 aut
2168 5021 2392 5077 decolor
2419 5022 2490 5075 sit
2534 5023 2854 5094 impetigine
2885 5027 3345 5095 cogitationum",
3373 5035 3468 5079 aut
3500 5044 3598 5096 per

2026 5127 2182 5166 suam
2224 5112 2463 5181 pastoris
2490 5112 2885 5184 indulgentiam
2930 5115 3140 5168 laboret
3175 5130 3236 5169 ac
3260 5116 3474 5184 pruriat
3500 5132 3601 5186 pe-

2028 5197 2315 5258 cus‘fmda‘
2342 5206 2549 5267 scabie,
2592 5221 2660 5259 ne
2695 5206 2970 5259 claudicet
3009 5221 3107 5275 per
3142 5205 3507 5277 irreligiosum
3536 5224 3603 5262 ac

2029 5294 2209 5347 minus
2249 5286 2469 5363 gravem
2507 5294 2805 5361 incessum,
2847 5304 2942 5347 aut
2981 5294 3193 5349 defecta
3226 5296 3298 5349 sit
3338 5312 3469 5351 aure
3503 5311 3603 5366 per

2028 5384 2461 5438 inobedicntiam
2554 5399 2622 5437 ne
2678 5400 2819 5438 czeca
2882 5400 3003 5439 esse
3072 5386 3599 5456 compcriatur'pcr

424 5572 493 5605 ⁹¹⁵
530 5575 689 5627 Prov.
720 5588 827 5631 xvt.
856 5570 947 5626 52.
1022 5570 1067 5601 "
1108 5568 1237 5637 Sap.
1262 5583 1342 5630 nt,
1370 5568 1452 5623 6.⁴
1501 5567 1548 5598 ³³
1587 5566 1748 5620 Prov.
1778 5581 1831 5630 Χ,
1865 5564 1917 5619 8.

2033 5583 2038 5594 ’
2076 5567 2249 5621 Eccli.
2284 5583 2340 5627 It,
2374 5567 2493 5621 1-6.
2568 5568 2613 5600 ⁸⁸
2646 5568 2790 5624 Psal.
2825 5583 3074 5630 cvxxvm,
3107 5567 3198 5631 25,
3226 5568 3316 5623 24.
3393 5568 3598 5623 "Psai.

346 5658 479 5701 xxv.
508 5643 589 5696 11.
629 5643 674 5675 *τ
716 5643 858 5697 I’sal.
889 5658 973 5705 χι,
1004 5640 1091 5695 15.

347 5730 429 5773 Ix.
463 5712 549 5767 54.
623 5713 642 5743 ⁸
680 5712 816 5767 ibid.
847 5712 943 5776 55,
971 5710 1059 5764 56.
1140 5710 1160 5741 ⁸
1193 5708 1314 5763 Act.
1354 5709 1469 5773 [,1.

1170 5640 1218 5713 ’ἦ
1255 5639 1383 5708 Sap.
1416 5654 1455 5713 ι,
1488 5638 1540 5693 6.
1561 5707 1577 5713 _
1698 5637 1861 5713 Prov.
1894 5653 1951 5689 xx

2055 5638 2269 5713 2:1._28._
2341 5639 2355 5667 ¹
2403 5639 2661 5713 Pro_v.xt,
2712 5640 2786 5691 17.
2869 5642 2889 5671 ¹
2939 5639 3135 5713 Jac.v,
3173 5640 3228 5704 7,
3270 5638 3323 5693 8.
3402 5639 3423 5671 ³
3461 5638 3594 5694 Luc.

1558 5707 1579 5739 ⁵
1606 5706 1797 5762 Matth.
1837 5721 1890 5767 v,
1938 5707 2022 5760 19.
2099 5708 2116 5736 ⁷
2141 5707 2317 5761 Levii.
2346 5723 2452 5773 xxi,
2491 5708 2514 5760 1
2554 5722 2702 5778 seqq.
