3918 6106
318 345 446 412 1781

1204 347 1532 410 HOMILIA
1568 346 1729 408 CXII
1782 369 1847 379 -
1882 344 1979 403 DE
2018 334 2673 427 RENUNTIATIONE.

3427 326 3560 390 ι’ῑὲἈῖ

313 460 422 529 γάρ
467 460 736 531 ὁρώμενα,
771 458 1107 531 πρόσκαιρα,
1144 460 1212 512 τὰ
1255 460 1312 513 δὲ
1353 460 1427 530 μὴ
1460 457 1714 530 ὁρώμενα
1760 453 1925 514 αἰῶ-ε

2011 463 2047 508 rt
2076 469 2196 507 eam
2228 450 2296 505 ad
2324 448 2686 507 invisibilium
2716 440 3237 504 contetiiplatimtrnt
3265 438 3557 501 attollere;

305 570 415 607 νιοι.
455 553 553 606 ,ἃιά
583 553 879 623 τοῦτοεγὰρ
938 551 1266 622 ὀνομάζεται
1299 554 1333 622 ἡ
1361 551 1633 620 ἁποταγὴ,
1664 551 1746 603 ὅτι
1778 548 1886 600 τῶν

304 644 513 711 γηΐνων
542 643 999 711 άποτασσόμενοι,
1042 641 1151 693 τῶν
1195 641 1538 708 ἐπουρανίων
1588 638 1886 693 συντασσόο

304 736 475 804 μεθα,
525 736 619 788 καὶ
657 734 755 805 τὴν
785 732 1018 788 ἐνταῦθα
1061 732 1298 803 πατρίδα
1355 733 1883 801 καταλιμπάνοντες,

303 826 407 895 τὴν
450 828 573 881 ἄνω
592 825 962 897 ἐπιζητοῦμεν
1005 826 1383 896 Ἰερουσαλὴμ,
1414 824 1541 887 τοὺς
1579 821 1888 891 κοσμόφρο·

305 936 409 981 νας
433 908 966 989 ἁπαυτομολοῦντες,
993 920 1105 979 τοῖς
1137 919 1525 987 πνευματικοῖς
1553 911 1907 987 συναμιλλώχ

306 1010 483 1079 μεθα.
528 1009 652 1063 Ἐάν
680 1005 783 1061 οὖν-
827 1008 1073 1077 θέλωμεν
1110 1007 1412 1078 κτήσασθαι
1455 1005 1677 1077 ἀρετὰς,
1724 1004 1892 1072 ἁσκής

305 1116 505 1170 σωμεν
560 1101 889 1171 ἐγκράτειαν
912 1141 926 1163 ,
982 1101 1261 1169 ὑπομονὴν
1282 1140 1296 1163 ,
1367 1097 1887 1167 ταπεινοφροσύνην·

301 1194 407 1244 ἐπὶ
437 1193 606 1245 πᾶσιν
647 1192 705 1245 δὲ
734 1192 971 1254 τούτοις,
1027 1191 1127 1259 τὴν
1171 1189 1371 1261 συνεχῆ
1408 1186 1722 1259 ⁴προσευχήν
1753 1206 1767 1219 ·
1795 1185 1891 1239 καὶ

306 1284 452 1353 ῥᾷον
507 1282 779 1353 ἀνύσομεν
819 1282 881 1336 τὸ
932 1281 1384 1350 σπουδαζόμενον.
1439 1279 1650 1349 Ὠσπερ
1700 1278 1809 1347 γὰρ
1866 1279 1894 1329 ὁ

305 1374 494 1427 θέλων
536 1374 889 1443 οἰκοδομῆσαι
920 1368 1091 1438 οἷκον,
1127 1374 1307 1425 πᾶσαν
1342 1371 1442 1441 τὴν
1473 1370 1607 1438 ῦλην
1652 1385 1898 1439 προετοι-

310 1461 513 1532 μάζει,
543 1464 680 1532 πρὸς
718 1462 1094 1532 καταρτισμὸν
1122 1461 1223 1530 τῆς
1248 1461 1447 1524 οἰκίας,
1476 1460 1650 1524 οὕτως
1687 1461 1781 1513 καὶ
1804 1460 1896 1512 τὸν

306 1553 520 1609 ἑαυτοῦ
566 1550 747 1617 οἷκον,
799 1554 1105 1614 τουτέστιν,
1149 1554 1247 1624 τὴν
1294 1551 1461 1623 μονὴν
1497 1552 1597 1621 τῆς
1644 1552 1896 1621 Τλριάδος.

315 1663 337 1696 ε
394 1644 702 1715 Ἐγὼγὰρ,
746 1644 930 1714 φησὶν,
964 1644 1060 1696 καὶ
1091 1646 1121 1696 ὁ
1148 1644 1347 1712 Πατήρ
1377 1660 1501 1711 μου,
1539 1640 1894 1711 ἐλευσόμεθα,

311 1735 416 1788 καὶ
490 1734 659 1804 μονὴν
713 1733 844 1802 παρ’
909 1733 1058 1804 αὐτῷ
1125 1733 1485 1802 ποιησόμεθα.
1550 1750 1569 1782 ι
1638 1733 1747 1784 Καὶ
1802 1731 1896 1795 τὸ,

1987 561 2112 615 qua:
2139 544 2288 599 enim
2318 542 2600 604 videntur,
2637 535 2966 606 temporaria
3011 542 3141 587 sunt
3169 548 3182 583 :
3214 545 3337 600 qua:
3376 538 3559 583 autem

1987 653 2098 692 non
2149 636 2432 697 videntur,
2477 640 2701 686 aeterna.
2759 629 2839 683 Eo
2883 625 3159 696 siquidem
3225 621 3560 676 renuntiatio

1989 728 2216 789 dicitur,
2249 726 2397 795 quod
2436 723 2673 778 terrenis
2717 721 2815 789 qui
2847 717 3190 777 renuntiant,
3219 714 3273 767 in
3306 712 3559 766 Ordinem

1990 830 2321 890 cooptantur
2362 816 2671 873 cmlestium
2702 833 2715 866 :
2750 813 2882 867 dum
2914 810 3075 871 enim
3118 806 3361 876 patriam
3414 805 3559 857 lianc

1991 928 2102 965 non
2151 909 2308 963 inviti
2362 907 2695 968 deserimus,
2731 901 3024 957 sublimem
3054 897 3205 952 illam
3249 895 3560 963 expetimus

1989 1003 2315 1067 Jerusalem,
2350 1000 2479 1055 dum
2527 997 2715 1052 mundi
2756 994 2914 1049 istius
2951 990 3226 1060 sapientes
3270 1002 3341 1041 ne
3383 986 3561 1040 salute

1992 1097 2218 1167 quidem
2247 1095 2564 1165 dignamur,
2593 1088 2768 1158 magis
2795 1102 2926 1140 vero
2949 1095 3267 1138 aversamur
3298 1094 3369 1133 ac
3390 1092 3559 1146 repu'o

1994 1190 2242 1252 diamus,
2312 1200 2437 1240 cum
2494 1179 2880 1252 spiritualibus
2936 1177 3071 1230 viris
3135 1180 3288 1228 tanto
3336 1168 3566 1240 propius

1994 1278 2404 1350 congredimur.
2433 1269 2678 1331 Virtutes
2702 1271 2872 1341 igitur
2903 1266 3136 1338 adipisci
3162 1275 3492 1334 magnopere
3520 1259 3564 1313 si

1997 1375 2273 1443 cupimus,
2318 1371 2375 1424 in
2406 1367 2604 1439 primis
2644 1366 2760 1435 iugi
2795 1360 3059 1418 exercitio
3092 1355 3405 1414 excolendae
3439 1360 3568 1408 sunt

1998 1468 2102 1530 bis,
2134 1464 2496 1527 continentia,
2530 1458 2816 1531 patientia,
2847 1454 3096 1511 modesta
3124 1449 3429 1506 humilitas.
3472 1445 3569 1500 llis

1998 1556 2256 1613 omnibus
2303 1555 2596 1610 continens
2632 1548 2963 1618 suffragetur
2995 1558 3063 1598 ac
3114 1553 3313 1612 perpes
3367 1537 3567 1597 oratio,

1999 1659 2056 1705 et
2098 1647 2246 1718 quod
2280 1645 2527 1700 studiose
2568 1641 2788 1697 edicere
2841 1637 3119 1700 molimur,
3156 1635 3368 1687 minore
3398 1629 3570 1700 perﬁ-

2001 1745 2214 1798 ciemus
2260 1740 2504 1810 negotio.
2546 1736 2799 1793 Ut'enim
2848 1733 3070 1787 domum
3108 1725 3449 1783 exmditicare
3476 1722 3570 1792 qui

317 1843 338 1875 ι
404 1818 635 1894 Πνεῦμα
665 1825 806 1877 οἰκεῖ
839 1825 896 1875 ἐν
935 1824 1085 1892 ὑμῖν.
1144 1842 1163 1874 ι
1212 1824 1355 1893 Πρὸς
1379 1821 1559 1886 ’τέλος
1635 1821 1745 1879 τοῦ,
1779 1821 1900 1875 κατ’

2011 1836 2143 1900 vult,
2175 1807 2463 1889 materiam
2495 1839 2723 1901 apparat
2746 1830 2900 1899 prius
2917 1827 3137 1882 fabricae
3168 1823 3428 1879 omnibus
3457 1820 3573 1875 suis

310 1917 529 1987 ἀρετὴν
577 1910 721 1969 εἶναι
768 1916 907 1985 βίου,
957 1915 1224 1969 ἀκόλουθα
1279 1916 1534 1985 ὑπάρχει,
1583 1915 1900 1985 ἐγκράτεια,

313 2006 418 2058 καὶ
450 2006 722 2075 ὑπομονὴ,
748 2004 846 2058 καὶ
869 2006 903 2074 ἡ
932 2003 1425 2075 ταπεινοφροσύνη,
1457 2006 1552 2058 καὶ
1595 2005 1628 2073 ἡ
1667 2020 1902 2074 προσεν-

311 2098 415 2167 χή-
461 2097 706 2168 Τὴνγὰρ
735 2098 1043 2167 ἄθραυστον
1072 2098 1166 2151 καὶ
1190 2096 1420 2151 ἄλεκτον
1463 2096 1811 2166 δικαιοσύνην
1854 2098 1902 2151 ot

314 2192 486 2245 πόνοι
534 2193 629 2249 καὶ
671 2192 723 2244 οἱ
768 2191 980 2260 ἀγῶνες
1023 2191 1273 2261 φύουσιν.
1324 2191 1432 2244 Καὶ
1459 2190 1610 2244 οὐδὲν
1634 2193 1687 2243 οἱ
1716 2189 1905 2261 μόχθοι

316 2283 466 2351 πρὸς
513 2282 576 2336 τὸ
620 2282 846 2352 μέγεθος
890 2283 988 2352 τῆς
1038 2281 1291 2344 εὐκλείας
1327 2280 1426 2351 τῆς
1458 2282 1759 2352 ὑπομονῆς,
1805 2282 1906 2351 τῆς

316 2375 435 2428 ὑπὸ
472 2375 571 2444 τῆς
608 2375 807 2445 ἀρετῆς
851 2375 1214 2445 τικτομένης·
1272 2373 1459 2436 καθὼς
1505 2374 1598 2428 καὶ
1643 2376 1672 2427 ό
1702 2371 1908 2442 Κύριος

315 2465 640 2537 διαγορεύει
665 2482 687 2503 ’ν
726 2483 745 2515 ι
798 2466 918 2519 Ὅτι
942 2466 1133 2537 ,θλίψιν
1160 2467 1314 2531 ἕξετε
1351 2469 1409 2520 ὲν
1452 2466 1531 2535 τῷ
1569 2458 1760 2537 κόσμῳ
1783 2464 1906 2519 τού-

319 2574 425 2626 τῳ.
473 2576 491 2606 ι
525 2555 693 2625 Δῆλον
716 2555 825 2626 γὰρ
852 2556 1062 2610 ὅτιτῶν
1090 2557 1189 2627 μὲν
1220 2541 1445 2625 ἀγώνων
1471 2557 1566 2610 καὶ
1592 2557 1702 2608 τῶν
1731 2555 1907 2611 ἄθλων

324 2647 549 2701 στάδιόν
598 2649 745 2700 ἐστιν
796 2650 824 2700 ό
871 2648 1064 2720 παρὼν
1115 2648 1264 2717 βίος·
1318 2650 1425 2701 τῶν
1476 2649 1532 2701 δὲ
1577 2649 1829 2702 ἐπάθλων
1881 2651 1911 2701 ὁ

329 2737 572 2807 μέλλων.
617 2739 1018 2809 Ἀγαπησωμεν
1061 2735 1153 2793 οὖν
1202 2740 1293 2792 τὸν
1330 2740 1531 2811 Κύριον
1577 2740 1906 2811 εἰλικρινῶς,

328 2830 424 2884 ἵνα
452 2829 707 2901 παράσχῃ
738 2832 869 2901 ἡμῖν
900 2830 935 2884 ἂ
956 2832 1323 2903 ἐπηγγείλατο
1360 2835 1472 2895 τοῖς
1502 2832 1788 2900 ἀγαπῶσιν
1817 2834 1912 2886 αύ-

326 2921 427 2975 τόν
453 2939 464 2952 ’
503 2940 523 2972 ι
561 2923 628 2974 "A
662 2920 940 2990 ὀφθαλμὸς
978 2924 1078 2975 ούκ
1119 2921 1249 2989 ἴδεν,
1299 2925 1391 2977 καὶ
1421 2921 1513 2986 οὖς
1539 2925 1639 2978 οὐκ
1683 2919 1907 2995 ἢκουσε.

329 3012 431 3066 καὶ
460 3013 554 3065 ἐπὶ
594 3012 822 3081 καρδίαν
862 3012 1149 3081 ἀνθρώπου
1177 3014 1278 3067 ούκ
1305 3014 1493 3085 ἀνέϐη.
1536 3034 1555 3067 ›
1604 3013 1911 3083 Ἀγωνισὼ-

2005 1926 2254 1998 partibus
2315 1922 2664 1979 absolvenda;
2715 1922 2996 1998 idoneam,
3045 1918 3118 1972 ita
3163 1925 3219 1970 et
3267 1915 3362 1984 qui
3418 1926 3573 1967 suam

2005 1994 2181 2085 ipsius
2208 2013 2456 2077 domum,
2483 2011 2824 2067 domicilium
2851 1994 3047 2078 nempe
3070 2011 3433 2061 sacrosanctae
3453 2001 3578 2057 Tri-

2004 2108 2196 2164 nitatis
2224 2106 2450 2161 molitur
2476 2113 2780 2160 exstruere.
2817 2121 2836 2153 ι
2868 2102 2981 2171 Ego
3004 2101 3177 2161 enim,
3203 2097 3302 2161 ait,
3330 2103 3385 2151 et
3417 2095 3578 2150 Pater

2006 2215 2162 2254 meus
2214 2197 2502 2253 veniemus
2549 2203 2606 2249 et
2650 2194 2989 2249 mansionem
3039 2189 3184 2260 apud
3230 2204 3357 2242 eum
3405 2187 3576 2241 facie—

2007 2308 2131 2348 mus
2159 2292 2224 2345 ”.
2271 2309 2289 2342 ι
2325 2289 2396 2344 Et
2424 2284 2565 2343 illud
2595 2305 2609 2341 :
2660 2306 2680 2337 σ
2716 2286 2957 2355 Spiritus
2983 2293 3207 2338 sanctus
3241 2279 3341 2350 qui.
3365 2278 3578 2334 habitat

2009 2380 2064 2434 in
2093 2378 2253 2433 vobis
2278 2379 2353 2432 ,'°.
2399 2395 2417 2428 ι
2460 2376 2541 2431 Ad
2586 2375 2922 2430 ﬁnem'viue
2968 2371 3130 2427 istius
3160 2369 3229 2438 (si
3273 2367 3578 2424 secundum

2008 2473 2269 2527 virtutem
2302 2468 2644 2540 transigitur)
2675 2468 2759 2522 hat
2785 2466 2968 2520 adsint
3001 2462 3299 2518 individua:
3327 2459 3577 2521 comites,

2008 2562 2370 2625 continentia,
2411 2559 2699 2630 patientia,
2732 2556 2981 2611 modesta
3015 2554 3333 2617 humilitas,
3361 2561 3418 2606 et
3452 2565 3582 2603 ora-

2012 2650 2109 2705 tio.
2145 2649 2484 2705 lnetl‘ahilem
2518 2648 2666 2702 enim
2691 2646 2957 2717 justitiam
2987 2659 3092 2700 nec
3126 2642 3418 2713 aliquando
3441 2642 3584 2695 otio;

2011 2758 2125 2798 sam
2158 2751 2254 2796 aut
2287 2739 2628 2795 desinentem
2662 2736 2881 2790 labores
2916 2740 3286 2804 progenerant
3321 2746 3384 2786 ac
3421 2731 3586 2800 spiri—

2013 2835 2190 2889 tuales
2218 2831 2530 2887 conﬂictus.
2578 2829 2657 2884 Ne
2699 2827 2837 2882 tanti
2863 2825 3089 2896 quidem
3132 2822 3444 2879 restimandi
3485 2836 3587 2876 νου

2013 2928 2175 2981 niunt
2207 2925 2424 2979 labores
2465 2922 2652 2977 collati
2686 2920 2754 2975 ad
2783 2917 3220 2989 magnitudinem
3254 2915 3585 2970 felicissima:

2014 3014 2161 3072 illius
2205 3015 2413 3086 gloriae,
2458 3028 2622 3082 quam
2671 3011 2816 3081 parit
2858 2995 3082 3063 virtutis
3118 3005 3388 3068 studium,
3431 3006 3587 3073 juxta

334 3104 482 3174 μεθα
522 3104 745 3175 νικῆσαι
788 3104 887 3176 τὴν
925 3106 1122 3178 σάρκα,
1177 3109 1269 3161 καὶ
1313 3107 1374 3160 τὸ
1404 3107 1607 3178 ταύτης
1638 3108 1909 3179 φρόνημα,

2016 3110 2230 3167 Domini
2273 3106 2581 3163 doctrinam
2617 3102 2892 3159 dicentis:
2932 3119 2951 3152 ‹
2990 3100 3129 3167 Quia
3167 3097 3587 3154 tribulationem

334 3197 397 3249 ὲν
424 3196 695 3267 πνεύματι
726 3197 861 3250 Θεοῦ
881 3215 896 3230 ο
936 3200 1246 3269 νικήσωμεν
1284 3200 1374 3253 τὸν
1399 3200 1641 3254 Σατανᾶν
1670 3201 1762 3252 τὸν
1780 3199 1911 3270 δρά-

2015 3201 2232 3258 habetis
2258 3200 2313 3255 in
2341 3197 2547 3254 mundo
2582 3197 2689 3251 hoc
2715 3196 2782 3249 ³¹.
2817 3213 2837 3246 ι
2871 3194 3053 3247 Vitam
3082 3192 3230 3246 enim
3259 3199 3588 3261 praesentem

334 3275 513 3345 κοντά
560 3288 621 3339 ὲν
645 3286 1149 3357 τῷένδυναμοῦντι
1197 3292 1340 3360 ἡμᾶς
1364 3290 1607 3361 Χριστῷ.
1657 3286 1913 3361 Ἀρωμεν

333 3377 434 3431 τὸν
464 3378 719 3448 σταυρὸν,
768 3380 864 3432 καὶ
912 3381 1368 3452 άκολουθήσωμεν
1401 3382 1479 3450 τῷ
1507 3382 1767 3452 νικοποιῷ
1814 3382 1917 3453 ’1η-

335 3466 464 3522 σοῦ.
523 3467 945 3536 Ἀγωνισώμεθα
973 3465 1067 3522 οὖν
1091 3469 1320 3538 δραμεῖν
1358 3469 1560 3533 εὐθέως
1596 3473 1692 3523 καὶ
1722 3487 1917 3532 πεποι-

337 3558 541 3619 θότως,
569 3557 658 3609 ἵνα
696 3558 1095 3628 καταλάϐωμεν
1137 3560 1198 3612 τὸ
1229 3559 1477 3629 βραϐετον
1508 3561 1606 3628 τῆς
1632 3559 1744 3613 ἄνω
1789 3561 1920 3631 κλή-

338 3664 489 3711 σεως
519 3649 577 3701 ἐν
603 3648 843 3720 Χριστῷ.
886 3651 1000 3713 Πᾶς
1028 3652 1137 3720 γὰρ
1178 3654 1211 3705 ὁ
1238 3651 1447 3721 τρέχων
1493 3651 1918 3724 πεπληροφορη-

341 3739 533 3810 μένος,
564 3740 656 3792 καὶ
678 3740 779 3793 οὐκ
807 3739 1035 3809 ἀδήλως,
1066 3740 1477 3808 καταλαμϐάνει
1518 3741 1609 3793 τὸν
1656 3742 1920 3810 στέφανον

336 3831 444 3898 τῆς
486 3829 800 3900 ἀποταγῆς,
853 3830 947 3883 καὶ
1000 3829 1102 3894 τῆς
1154 3830 1377 3896 ἁγνείας
1436 3830 1527 3882 τὸν
1577 3829 1922 3902 πολύμοχθον

337 3922 444 3975 καὶ
465 3919 797 3990 πολύμισθον
823 3919 1072 3975 πλοῦτον.
1099 3920 1307 3990 Γράφει
1354 3915 1447 3974 οὖν
1466 3922 1495 3973 ό
1518 3920 1723 3991 Πέτρος
1745 3938 1758 3953 ο
1780 3942 1799 3974 σ
1836 3921 1924 3986 Ὠς

339 4011 714 4083 ἀρτιγέννητα
755 4010 952 4081 βρέφη,
985 4012 1180 4078 λέγων,
1234 4013 1295 4063 τὸ
1337 4009 1557 4080 λογικὸν
1596 4014 1690 4066 καὶ
1738 4013 1923 4067 ἄδολον

335 4105 493 4174 γάλα
542 4103 912 4175 ἐπιποθήσατε
935 4143 951 4165 ,
1031 4103 1118 4157 ἵνα
1174 4104 1232 4157 ὲν
1300 4103 1449 4174 αύτῷ
1496 4104 1838 4176 αὑξηνθῆτε·
1898 4125 1917 4158 ι

334 4196 661 4261 τουτέστιν,
683 4195 783 4264 τὴν
814 4196 1091 4266 ἀκήρατον
1147 4196 1332 4249 πίστιν
1352 4235 1368 4260 ,
1431 4197 1554 4266 ἥτις
1581 4196 1803 4260 αὐξάνει
1833 4198 1926 4250 καὶ

338 4287 581 4357 φωτίζει
624 4288 719 4341 τὸν
749 4287 1035 4357 ἄνθρωπον
1080 4289 1137 4340 ὲν
1170 4289 1279 4349 τοῖς
1308 4288 1499 4352 καλοῖς
1521 4288 1722 4359 ἔργοις.
1763 4290 1874 4343 Καὶ
1899 4292 1927 4344 ὁ

344 4378 589 4440 Παῦλος·
611 4397 631 4431 ι
661 4378 988 4447 Ἐνδύσασθε
1014 4378 1115 4449 τὴν
1141 4379 1447 4433 πανοπλίαν
1477 4374 1577 4433 τοῦ
1607 4380 1764 4447 Θεοῦ,
1790 4382 1926 4454 πρὸς

2014 3295 2189 3364 liquet
2236 3307 2357 3347 esse
2392 3289 2759 3346 certaminum
2789 3296 2953 3355 atque
2985 3286 3264 3339 luctarum
3296 3281 3537 3337 stadium
3567 3297 3585 3334 ι

2017 3385 2366 3458 praemiorum
2391 3390 2578 3437 autem
2620 3396 2744 3449 quat
2781 3389 2935 3434 certo
2975 3383 3201 3431 manent
3229 3375 3472 3429 victores
3502 3373 3591 3427 fu-

2021 3489 2144 3534 tura
2180 3478 2271 3535 illa
2308 3485 2394 3532 est
2437 3475 2572 3529 vita.
2605 3473 2899 3527 Dominum
2940 3470 3106 3540 igitur
3133 3468 3356 3522 sincero
3397 3465 3594 3536 diliga-

2021 3586 2145 3624 mus
2171 3568 2395 3633 affectu,
2432 3574 2495 3621 ut
2520 3565 2685 3619 nobis
2711 3578 2778 3618 ea
2798 3562 3103 3617 clementer
3136 3558 3439 3629 impartiat.
3470 3565 3595 3626 quat

2022 3659 2379 3731 diligentibus
2413 3673 2539 3712 eum
2581 3654 2843 3710 daturum
2887 3668 2945 3708 se
2978 3667 3100 3708 esse
3144 3650 3426 3720 pollicitus
3466 3658 3591 3704 est:

2029 3772 2047 3804 ι
2085 3752 2217 3818 Quae
2241 3749 2467 3821 quidem
2495 3762 2605 3802 non
2629 3747 2823 3803 oculus
2849 3744 3011 3808 vidit,
3033 3758 3146 3798 non
3178 3741 3392 3797 audivit
3419 3740 3593 3802 auris,

2022 3857 2126 3897 nec
2172 3842 2226 3896 in
2267 3854 2364 3896 cor
2413 3839 2656 3895 hominis
2684 3837 3057 3893 ascenderunt
3088 3836 3153 3889 ’ἰ
3193 3853 3212 3885 ι
3262 3834 3459 3902 Magno
3498 3847 3595 3887 co-

2023 3942 2157 3988 natu
2204 3932 2521 3987 adnitamur
2565 3929 2995 3997 studeamusque
3028 3939 3253 3981 carnem
3301 3924 3446 3977 hanc
3476 3922 3598 3977 vin-
3638 3996 3641 3999 _

2010 4039 2172 4093 cere,
2217 4033 2274 4079 ct
2302 4022 2422 4094 ejus
2465 4020 2838 4093 prudentiam,
2880 4018 3176 4089 adjuvante
3222 4030 3323 4070 nos
3355 4015 3448 4069 Dei
3484 4015 3601 4083 spi-

2024 4114 2172 4177 ritu;
2225 4113 2448 4170 Christo
2498 4113 2662 4168 nobis
2706 4112 2856 4166 vires
2904 4117 3275 4181 suggerente,
3339 4100 3597 4161 Satanam

2026 4206 2322 4262 draconem
2350 4203 2752 4276 implacabilem
2792 4215 3150 4272 superemus;
3185 4200 3440 4254 tollamus
3473 4212 3602 4252 cru-

2027 4313 2169 4362 cem,
2211 4311 2618 4368 sequamurque
2648 4296 2835 4351 Jesum
2891 4296 2985 4364 qui
3035 4300 3258 4362 praestat
3287 4290 3605 4345 victoriam.

2026 4386 2205 4443 Cursu
2246 4387 2447 4443 festino
2486 4401 2593 4441 nec
2626 4386 2841 4439 minore
2878 4383 3075 4439 ﬁducia
3125 4383 3498 4444 decertemus,
3542 4387 3602 4435 ut

338 4475 411 4527 τὺ
470 4471 730 4527 δύνασθαι
790 4472 936 4549 ὑμᾶς
964 4472 1157 4542 στῆναι
1195 4471 1334 4542 πρὸς
1374 4473 1473 4535 τὰς
1506 4472 1790 4542 μεθοδείας
1828 4474 1922 4529 τοῦ

2028 4480 2282 4535 bravium
2304 4478 2638 4549 attingamus
2666 4492 2919 4546 superna:
2932 4474 3242 4530 vocationis
3264 4473 3323 4537 in
3353 4471 3599 4526 Christo.

343 4561 602 4617 διαῦόλου
632 4579 649 4591 ο
677 4563 760 4614 ὃτι
785 4548 901 4621 οὐκ.
928 4561 1075 4615 ἐστιν
1110 4563 1244 4632 ἡμῖν
1290 4563 1323 4632 ἡ
1372 4562 1520 4632 πάλη
1569 4563 1707 4634 πρὸς
1754 4560 1924 4633 αἷμα,

345 4653 454 4709 καὶ
483 4654 662 4723 σάρκα
693 4666 710 4682 ο
744 4652 880 4706 ἀλλὰ
913 4651 1051 4721 πρὸς
1099 4653 1200 4716 τὰς
1246 4653 1444 4724 ἀρχάς,
1480 4654 1615 4726 πρὸς
1647 4654 1749 4720 τὰς
1785 4655 1928 4722 ἔξου-

348 4745 503 4808 σίας,
539 4743 675 4815 πρδς
718 4743 845 4807 τοὺς
890 4745 1339 4815 κοσμοκράτορας
1378 4744 1475 4799 τοῦ
1507 4746 1764 4815 σκότους,
1790 4746 1927 4818 πρὸς

346 4836 431 4890 τὰ
467 4834 823 4904 πνευματικὰ
842 4833 943 4903 τῆς
973 4836 1259 4905 πονηρίας.
1300 4854 1319 4887 ι
1354 4835 1466 4888 Καὶ
1494 4833 1652 4899 αὖθις
1673 4853 1688 4869 θ
1724 4857 1743 4889 ι
1802 4839 1926 4891 Ἐπὶ

348 4927 526 5009 πᾶσιν
576 4925 942 4989 ἀναλαϐόντες
978 4924 1069 4978 τὸν
1113 4924 1306 4995 θυρεὸν
1352 4928 1454 4998 τῆς
1485 4927 1722 4991 πίστεως
1747 4970 1760 4994 ,
1795 4933 1854 4982 ὲν
1882 4924 1928 4998 ᾧ

343 5017 648 5088 δυνήσεσθε
679 5017 858 5071 πάντα
894 5016 972 5070 τὰ
991 5016 1122 5088 βέλη
1149 5017 1242 5071 τοῦ
1276 5018 1532 5089 Πονηροῦ
1561 5022 1630 5073 τά
1671 5038 1929 5093 πεπυρω-

355 5111 499 5181 μένα
561 5108 774 5163 σϐέσαι.
807 5110 907 5163 Διὰ
953 5110 1136 5180 πάσης
1168 5104 1481 5181 προσευχῆς
1535 5113 1629 5165 καὶ⁸
1668 5113 1928 5184 δεήσεως,

348 5201 792 5272 προσευχόμενοι
843 5201 902 5253 ὲν
935 5200 1100 5254 παντὶ
1145 5202 1342 5273 καιρῷ,
1376 5202 1472 5257 καὶ
1498 5205 1578 5268 είς
1607 5206 1739 5259 αὐτὸ
1770 5207 1929 5261 τοῦτο

347 5292 762 5364 ἀγρυπνοῦντες
790 5292 849 5345 ὲν
876 5292 1027 5364 πάσῃ
1053 5296 1525 5366 προσκαρτερήσει
1570 5297 1665 5349 καὶ
1686 5297 1920 5368 δεήσει.»

350 5380 548 5446 οὕτως
608 5383 718 5452 γὰρ
773 5381 1192 5453 ἀγωνιζόμενοι,
1228 5383 1524 5455 δυνήσεσθε
1587 5389 1645 5441 ἐν
1696 5389 1928 5463 ἀληθείᾳ

354 5474 569 5537 iamet;
605 5540 607 5542 η
639 5469 1107 5544 ὲμμορφώσασθαι
1164 5476 1266 5544 τὴν
1318 5476 1501 5532 εἰκόνα
1544 5480 1638 5533 τοῦ
1687 5483 1925 5553 Χριστοῦ

358 5565 422 5619 ιν
503 5567 707 5633 πᾶσιν,
759 5567 819 5620 ἐν
870 5565 1002 5638 βίῳ,
1053 5568 1113 5620 ὲν
1192 5569 1557 5642 ἀναστροφῇ,-
1600 5574 1658 5626 ἐν
1723 5575 1925 5647 προθέ-

429 5678 475 5711 ν’
512 5677 667 5734 Jonn.
697 5696 810 5737 xu.
836 5678 925 5732 25.

1038 5680 1082 5710 ³⁰
1123 5680 1297 5735 lCor.
1333 5699 1413 5747 Ill,
1481 5686 1563 5741 16.

364 5748 510 5811 πει.

1675 5670 1731 5722 ³(
1757 5691 1912 5749 loan.
1969 5709 2079 5760 κη,
2107 5692 2196 5746 35.

2026 4570 2219 4627 Omnis
2254 4570 2403 4624 enim
2432 4568 2531 4639 qui
2565 4568 2761 4633 currit,
2802 4583 2898 4637 spe
2935 4568 3074 4622 nihil
3105 4567 3276 4622 dubia
3308 4567 3599 4625 subnixus.

2004 4676 2138 4731 ,non
2167 4661 2299 4716 item
2344 4660 2400 4714 in
2445 4659 2736 4721 incertum,
2787 4657 2989 4729 accipit
3040 4658 3309 4713 bravium~
3345 4656 3603 4727 perlecta:

2026 4747 2474 4805 renuntiationis.
2514 4748 2599 4803 Ad
2629 4747 2737 4804 hoc
2760 4761 2895 4818 opes
2943 4747 3261 4817 assequitur
3303 4746 3605 4802 sanctimon

2027 4845 2135 4899 nia:
2164 4857 2429 4914 operosas
2467 4856 2620 4908 sane,
2652 4839 2750 4896 sed
2782 4855 2887 4896 nec
2912 4839 3179 4895 mediocri
3217 4839 3605 4895 mereedecu-

2027 4936 2282 4992 mutatas.
2312 4935 2382 4990 Et
2409 4932 2631 5005 quidem
2658 4932 2857 4989 Petrus
2893 4932 3090 4988 scribit
3118 4949 3134 4987 :
3175 4949 3194 4982 ι
3229 4931 3399 4997 Quasi
3441 4928 3606 4983 modo

2026 5026 2198 5098 geniti
2228 5024 2488 5090 infantes,
2535 5023 2806 5080 rationale
2845 5030 2903 5078 et
2948 5022 3067 5078 sine
3111 5021 3239 5075 dolo
3268 5021 3355 5074 lac
3399 5032 3607 5075 concu-

1997 5118 2248 5199 piscite,
2287 5125 2350 5172 ut
2382 5117 2449 5172 in
2480 5116 2602 5187 ipso
2634 5113 2896 5171 crescatis
2920 5115 2987 5178 ³³,
3028 5134 3045 5163 ι
3086 5112 3295 5180 1211
3344 5110 3451 5166 hoc
3498 5119 3605 5173 est,

2034 5210 2430 5279 impermistam
2458 5214 2517 5264 et
2546 5209 2920 5276 incorruptam
2967 5205 3151 5265 ﬁdem,
3190 5212 3252 5256 ut
3296 5203 3352 5257 in
3380 5218 3444 5257 ea
3487 5217 3608 5256 crc-

2034 5303 2222 5360 seatis.
2264 5301 2475 5357 Crescit
2514 5300 2667 5354 enim
2710 5299 2776 5352 in
2816 5296 3043 5352 homine
3097 5294 3238 5349 ﬂdes
3282 5293 3609 5365 quotidiana

2033 5394 2372 5459 accessione,
2421 5392 2551 5447 dum
2608 5396 2850 5445 mentem
2900 5388 3143 5442 hominis
3200 5401 3302 5441 suo
3372 5386 3610 5439 illustrat

2033 5488 2328 5560 splendore
2368 5486 2423 5540 in
2453 5484 2617 5539 bonis
2640 5482 2905 5553 operibus
2935 5478 3334 5536 conversantis.
3364 5476 3567 5532 Paulus
3592 5490 3611 5530 :

2041 5598 2059 5631 ι
2094 5577 2311 5634 induite
2344 5592 2438 5630 vos
2467 5583 2799 5630 armaturam
2833 5573 2929 5628 Dei
2965 5580 3025 5627 ut
3066 5570 3289 5641 possitis
3316 5577 3472 5646 stara
3515 5567 3604 5622 rd-

2311 5690 2353 5720 "
2396 5687 2497 5744 Isa.
2554 5703 2695 5752 tum,
2732 5686 2847 5753 i;l
2903 5685 3032 5740 Cor.
3074 5700 3129 5748 ιι,
3158 5683 3212 5738 9.
3320 5682 3343 5713 ε’
3402 5720 3414 5738 ε
3461 5678 3578 5740 Ξ”·Ξι
