3918 6106
440 325 570 394 1781

1707 335 2036 397 ANTIOCII
2039 336 2065 394 Ι
2104 333 2442 395 MONACUI

3520 334 3623 398 uss

435 457 559 510 qua:
594 439 736 497 nihil
768 440 919 496 aliud
956 457 1118 511 quam
1155 454 1359 512 repunt
1385 444 1561 508 humi,
1604 445 1743 500 viles
1766 453 1824 499 et
1847 445 2000 515 abje-

2113 442 2236 512 ττρὸς
2267 443 2356 496 τὸν
2386 441 2566 508 φόϐον.
2596 441 2909 509 Γέγραπται
2933 439 2991 491 δὲ
3023 439 3116 491 καὶ
3141 442 3198 492 ὲν
3225 442 3291 509 τῇ
3320 440 3505 511 Σοφίᾳ.
3532 465 3547 493 ι
3596 457 3627 496 υ

439 542 539 588 cla:
583 550 597 586 :
638 532 958 587 mandatum
1009 549 1231 603 quoque
1282 534 1583 589 Salvatoris
1632 536 1808 590 nostri
1863 535 2000 590 illud

442 620 723 676 altivolum
762 620 989 690 (quippe
1015 620 1164 690 quod
1207 621 1264 674 in
1304 637 1598 692 supernam
1631 639 1805 692 usque
1842 622 2004 678 Jeru-

440 712 607 767 salem
642 726 743 766 nos
774 724 924 766 recta
954 712 1254 783 provehit),
1285 714 1665 770 observemus.
1706 715 1850 771 Dicit
1891 716 2002 771 Do-

444 799 667 854 minus:
702 819 721 852 ι
756 799 860 866 Qui
892 802 1048 856 audit
1081 818 1201 866 vos,
1232 819 1321 858 me
1352 804 1530 870 audit,
1568 804 1664 874 qui
1698 814 1886 863 autem
1914 821 2004 869 me

443 887 615 951 audit,
651 889 807 944 audit
829 906 955 945 eum
982 892 1078 961 qui
1102 909 1188 947 me
1216 894 1367 949 misit
1395 895 1463 948 δ’.
1491 914 1508 944 ι
1542 895 1776 951 Necesse
1818 897 2004 967 itaque

444 975 517 1031 sit
536 992 633 1032 eos
650 979 745 1048 qui
764 996 824 1034 se
844 980 1149 1051 disciplina:
1165 984 1609 1051 substraverunt,
1628 995 1887 1056 tanquam
1910 1003 2007 1057 pa-

447 1074 560 1122 tres
595 1078 656 1123 ut
684 1068 939 1124 deament
962 1086 1112 1136 suos,
1142 1071 1188 1125 si
1211 1073 1376 1126 modo
1406 1072 1521 1137 veri
1548 1082 1698 1138 sunt,
1726 1074 2005 1138 doctores,

445 1166 502 1212 ct
532 1160 687 1228 quasi
734 1161 1035 1231 principes,
1089 1162 1270 1217 timori
1304 1162 1528 1221 eosdem
1563 1174 1623 1218 ut
1670 1164 1911 1220 habeant
1943 1180 2010 1220 ac

448 1257 746 1303 vereantur
772 1266 785 1303 :
817 1266 925 1304 non
967 1252 1134 1306 etiam
1162 1268 1261 1322 per
1290 1254 1496 1307 amoris
1527 1254 1704 1307 mutui
1725 1253 2011 1308 familiari-

452 1346 615 1392 tatem
650 1339 769 1394 illos
800 1353 1189 1410 aspernentur,
1213 1353 1308 1396 aut
1343 1353 1491 1398 certe
1519 1362 1550 1398 a
1580 1344 1759 1414 rigore
1789 1352 2011 1414 arrepto

450 1426 636 1482 sinant
664 1444 722 1483 se
774 1429 973 1485 resolvi
1010 1439 1065 1484 et
1106 1432 1378 1495 emolliri;
1431 1432 1699 1502 scriptum
1744 1432 1893 1489 enim
1928 1441 2013 1495 est

456 1517 510 1570 in
555 1517 873 1587 Sapientia:
913 1539 930 1570 ι
966 1520 1069 1586 Qui
1106 1521 1341 1577 honorat
1369 1532 1600 1592 patrem,
1632 1524 1874 1597 peccatis
1906 1523 2011 1577 im-

452 1618 631 1678 petrat
677 1609 895 1663 veniam
938 1610 1002 1663 ⁵³.
1057 1630 1074 1661 ι
1114 1612 1228 1665 Et:
1279 1632 1295 1663 ι
1334 1612 1436 1678 Qui
1489 1612 1645 1667 timet
1697 1614 2009 1694 Dominum,

2102 535 2275 604 τιμῶν
2318 534 2524 603 πατέρα
2566 532 2909 596 ὲξιλάσκεται
2972 531 3271 600 ἁμαρτίας.
3304 547 3327 583 ι
3376 533 3499 587 Καὶ.
3537 553 3555 584 ι
3586 535 3630 588 ὐ

2103 623 2435 695 φοϐούμενος
2465 622 2688 693 Κύριον,
2720 622 2944 691 τιμήσει
2985 621 3077 674 τὸν
3106 620 3325 691 πατέρα
3356 622 3533 683 αὐτοῦ,
3562 629 3636 676 καὶ

2101 712 2176 776 ὡς
2207 711 2440 781 δεσπότῃ
2481 709 2756 762 δουλεύσει
2810 708 2979 776 αὑτῷ.
3023 726 3041 759 ι
3083 710 3190 760 Καὶ
3229 708 3435 762 πάλινο
3467 728 3483 758 ι
3518 712 3635 778 Τίμα

2103 802 2193 855 τὸν
2225 802 2438 869 πατέρα
2470 818 2585 862 σου,
2605 800 2690 852 ἵνα
2717 798 2918 867 ἐπέλθῃ
2950 815 3032 851 σοι
3050 798 3281 866 εὐλογία
3302 801 3631 869 παράὑτοῦ.»

2105 894 2213 946 Καὶ
2236 892 2416 953 πάλιν,
2446 912 2464 942 ι
2517 891 2604 944 Ἐν
2634 891 2726 960 ὅλῃ
2754 889 2954 959 καρδία
2986 907 3079 943 σου
3093 889 3320 953 δόξασαν
3340 891 3429 943 τὸν
3460 892 3636 960 πατέρα

2106 1000 2218 1037 σου.
2260 1003 2278 1034 ι
2310 983 2463 1036 Καὶό
2495 982 2704 1044 Παῦλος
2723 1021 2739 1044 ,
2782 999 2799 1029 ι
2841 980 3122 1045 Πείθεσθε,
3143 980 3344 1048 λέγων,
3374 984 3481 1044 τοῖς
3504 984 3639 1050 ἡγουο

2111 1077 2291 1144 μένοις
2326 1074 2500 1143 ὑμῶν,
2540 1073 2635 1127 καὶ
2660 1072 2933 1126 ὑπείκετε.
2973 1073 3139 1125 Αὐτοὶ
3171 1073 3284 1143 γὰρ
3307 1073 3639 1143 ἀγρυπνοῦσιν

2109 1164 2248 1232 ὑπὲρ
2285 1162 2393 1215 τῶν
2420 1162 2607 1231 ψυχῶν
2637 1160 2814 1231 ἡμῶν,
2848 1160 2926 1222 ὡς
2967 1161 3122 1228 λόγον
3156 1160 3545 1224 ἀποδώσοντες,
3576 1163 3644 1212 iu

2112 1257 2247 1325 μετά
2272 1255 2439 1324 χαρᾶς
2465 1252 2623 1305 τοῦτο
2649 1252 2869 1315 ποιῶσι,
2897 1252 2990 1304 καὶ
3025 1254 3100 1320 μὴ
3135 1255 3503 1315 στενάζοντες.
3521 1253 3646 1305 Ἀλυ-

2110 1348 2314 1408 σιτελὲς
2343 1347 2448 1416 γὰρ
2474 1347 2600 1414 ὑμῖν
2626 1344 2802 1398 τοῦτο.
2847 1364 2866 1396 ι
2905 1346 3012 1397 Καὶ
3042 1340 3222 1408 αὖθις,
3271 1364 3292 1397 ε
3332 1346 3490 1400 Πᾶσα
3526 1344 3646 1415 ψυχὴ

2107 1436 2377 1504 ἐξουσίαις
2408 1435 2800 1505 ὑπερεχούσαις
2831 1434 3242 1490 ὑποτασσέσθω.
3280 1436 3359 1489 Ού
3395 1435 3500 1504 γὰρ
3524 1436 3676 1535 ἐστιν(

2109 1527 2347 1593 ἐξουσία,
2379 1527 2429 1580 εί
2489 1527 2564 1597 μὴ
2599 1527 2706 1579 ἀπὸ
2730 1526 2886 1579 Θεοῦ.
2913 1527 2978 1581 Ai
3009 1526 3068 1578 δὲ
3086 1521 3246 1580 οὖσαι
3274 1525 3536 1591 ἐξουσίαι,
3563 1521 3673 1604 dubi

2112 1616 2203 1669 τοῦ
2230 1617 2364 1670 Θεοῦ
2412 1617 2740 1686 τεταγμέναι
2768 1615 2924 1669 εἰσίν.
2962 1616 3127 1670 Ὥστε
3150 1619 3180 1668 ὁ
3217 1608 3675 1683 ἀντιτασσόμενοςδ

451 1698 747 1753 honorabit
784 1710 994 1770 patrem
1029 1718 1219 1767 suum,
1257 1713 1311 1757 et
1345 1704 1500 1772 quasi
1549 1684 1782 1758 Domino
1811 1684 2012 1759 serviet

2117 1708 2184 1774 τῇ
2209 1704 2445 1774 ἐξουσίᾳ,
2476 1706 2542 1775 τῇ
2573 1684 2667 1756 τοῦ
2704 1702 2838 1755 Θεοῦ
2883 1703 3115 1772 διαταγῇ
3151 1701 3503 1770 ἀνθέστηκεν.
3527 1704 3586 1756 Ol
3605 1703 3651 1755 δὲ

450 1791 502 1845 ei
531 1792 593 1845 ".
635 1811 652 1842 ι
691 1792 892 1847 lterum
927 1813 939 1848 :
977 1814 995 1845 ι
1033 1794 1254 1849 Honora
1285 1806 1495 1865 patrem
1531 1804 1704 1861 tuum,
1731 1804 1793 1851 ut
1828 1796 2012 1852 veniat

2113 1795 2520 1865 ἀνθεστηκότες,
2554 1795 2766 1855 ἑαυτοῖς
2792 1794 2963 1863 κρῖμα
2978 1792 3259 1863 λήψονται.
3297 1812 3315 1844 ι
3352 1794 3459 1847 Καὶ
3492 1790 3647 1855 αὖθις,

449 1895 618 1950 super
655 1889 705 1936 te
736 1883 1048 1938 benedictio
1078 1885 1146 1939 ab
1177 1884 1271 1938 illo
1296 1888 1359 1939 ".
1398 1904 1416 1937 ι
1457 1886 1709 1941 Rursus:
1750 1905 1768 1938 ι
1805 1887 1861 1940 In
1896 1895 2010 1942 toto

450 1968 618 2025 corde
662 1981 756 2026 tuo
809 1974 1054 2043 glorifica
1102 1986 1309 2044 patrem
1364 1984 1518 2029 tuum
1565 1975 1629 2029 ⁵⁸.
1689 1996 1707 2027 ι
1764 1977 2005 2032 Paulus:

457 2078 475 2110 ι
530 2059 760 2117 Obetlite
814 2065 1125 2134 praepositis
1174 2065 1375 2120 vestris
1433 2074 1489 2119 ct
1541 2067 1818 2136 subiaccte
1851 2081 1865 2119 :
1903 2067 2008 2136 ipsi

452 2150 597 2203 enim
631 2151 863 2221 vigilant
902 2169 1000 2223 pro
1044 2154 1335 2208 animabus
1361 2154 1581 2217 vestris,
1615 2163 1873 2224 tanquam
1919 2169 2009 2208 ra-

452 2241 657 2296 tionem
690 2242 960 2297 reddituri
990 2260 1006 2302 :
1040 2253 1101 2298 ut
1134 2260 1257 2299 cum
1307 2245 1507 2315 gaudio
1551 2245 1655 2299 hoc
1698 2245 1919 2310 faciant,
1954 2253 2010 2299 et

450 2347 562 2385 non
594 2340 875 2402 gementes
906 2349 921 2386 :
955 2333 1061 2388 hoc
1097 2335 1242 2389 enim
1285 2349 1397 2389 non
1432 2334 1654 2405 expedit
1693 2334 1851 2388 vobis
1879 2334 1943 2389 "’.
1986 2353 2003 2385 ι

454 2423 655 2476 lterum
685 2439 701 2481 :
742 2442 759 2473 ι
786 2422 977 2480 Omnis
1007 2427 1185 2481 anima
1208 2426 1574 2495 potestatibus
1597 2425 2010 2480 sublimioribus

450 2510 670 2565 subdita
699 2511 771 2566 sit
795 2529 811 2568 :
840 2527 948 2567 non
979 2522 1063 2569 est
1088 2514 1236 2568 enim
1270 2522 1513 2583 potestas
1542 2514 1646 2568 nisi
1679 2529 1710 2567 a
1738 2514 1871 2578 Deo,
1899 2523 2007 2568 etc.

454 2601 639 2672 Itaque
687 2604 781 2674 qui
827 2605 1038 2661 resistit
1069 2606 1365 2675 potestati.
1407 2606 1505 2660 Dei
1545 2604 1881 2660 ordinationi
1918 2621 2010 2659 re-

452 2692 599 2747 sistit
624 2706 640 2746 :
676 2694 772 2763 qui
804 2704 989 2750 autem
1020 2697 1316 2760 resistunt,
1346 2695 1448 2767 ipsi
1475 2695 1577 2751 sibi
1605 2696 2011 2751 damnationem

453 2784 818 2852 acquirunt".
847 2807 865 2838 ι
898 2788 1153 2843 Rursus:
1192 2808 1211 2840 ι
1240 2788 1308 2844 Ut
1335 2789 1481 2843 servi
1507 2787 1713 2844 Christi
1743 2788 2009 2845 facientes

453 2873 789 2930 voluntatem
841 2877 939 2931 Dei
997 2893 1065 2932 cx
1113 2879 1318 2945 animo,
1361 2894 1488 2934 cum
1537 2879 1681 2935 bona
1727 2880 2011 2934 voluntate

454 2966 776 3031 servientes,
800 2968 942 3023 sicut
965 2969 1217 3035 Domino,
1247 2979 1300 3026 et
1333 2988 1442 3026 non
1475 2971 1811 3035 hominibus,
1835 2973 2013 3028 scien-

2117 1904 2134 1936 ι
2179 1885 2267 1946 Ὠς
2298 1884 2473 1937 δοῦλοι
2506 1883 2740 1952 Χριστοῦ
2770 1882 3051 1946 ποιοῦντες
3075 1883 3136 1936 τὸ
3159 1882 3375 1953 θέλημα
3404 1883 3495 1935 τοῦ
3534 1881 3648 1935 Θεαῦ

2110 1979 2174 2028 ἐκ
2218 1974 2581 2045 ψυχῆςημεΐ
2616 1974 2827 2037 εὐνοίας
2873 1972 3218 2036 δουλεύοντες
3254 1974 3330 2036 ὡς
3356 1973 3433 2044 τῷ
3465 1974 3650 2043 Κυρίῳ.

2110 2071 2205 2122 καὶ
2234 2070 2333 2121 οὐκ
2360 2066 2690 2138 ἀνθρώποις,
2716 2066 2918 2141 εἰδότες
2951 2066 3032 2119 ὃτι
3059 2065 3169 2119 ἀπὸ
3198 2065 3410 2136 Κυρίου
3440 2064 3651 2132 λήψεσθε

2110 2160 2206 2231 τὴν
2231 2158 2578 2227 ἀνταπόδοσιν
2610 2158 2782 2225 ὑμῶν.
2816 2176 2834 2210 ι
2873 2158 2982 2211 Kal.
3011 2158 3148 2227 πρὸς
3178 2157 3366 2219 Τῖτον,
3406 2174 3426 2208 ι
3450 2156 3654 2224 ’Υπομίο

2072 2304 2077 2311 ι
2114 2267 2319 2321 μνησκε
2360 2249 2555 2311 αὐτοὺς
2602 2249 2795 2319 ἀρχαῖς
2820 2248 2914 2301 καὶ
2953 2247 3221 2312 ἐξουσίαις
3249 2245 3651 2310 ὑποτάσσεσθαι,

2110 2341 2425 2410 πειθαρχεῖν
2466 2334 2555 2400 ἐἰς
2596 2340 2702 2395 πᾶν
2730 2339 2889 2407 ἔργον
2934 2339 3170 2405 ἀγαθὸν,
3207 2336 3459 2406 ἑτοίμους
3507 2332 3650 2397 εἶναι,

2110 2432 2203 2485 καὶ
2236 2432 2311 2500 μὴ
2341 2430 2736 2497 ἀντιλέγοντας.
2784 2450 2802 2481 ι
2837 2431 2943 2483 Καὶ
2972 2432 3000 2483 ὀ
3045 2429 3272 2499 Πέτρος,
3309 2447 3328 2481 ι
3373 2427 3651 2495 Ὑποτάγη-

2110 2539 2168 2574 τε
2202 2521 2349 2591 πάσῃ
2374 2520 2691 2593 ἀνθρωπίνῃ
2716 2520 2894 2573 κτίσει
2922 2520 3010 2574 διὰ
3037 2520 3127 2572 τὸν
3154 2519 3381 2590 Κύριον,
3402 2520 3482 2572 ὄτι
3501 2517 3652 2578 οὔτως

2110 2613 2225 2665 ἐστὶ
2242 2612 2301 2665 τὸ
2316 2612 2524 2680 θέλημα
2538 2610 2629 2663 τοῦ
2648 2611 2805 2674 Θεοῦ,
2824 2609 3291 2679 ἀγαθοποιοῦντας
3315 2607 3509 2677 φιμοῦν
3526 2602 3650 2680 [τὴν]

2111 2700 2217 2753 τῶν
2248 2702 2501 2773 ἀφρόνων
2527 2699 2830 2770 ἀνθρώπων
2856 2700 3151 2767 ἀγνωσίαν.
3194 2718 3215 2751 ι
3238 2701 3325 2753 .'0
3347 2699 3406 2751 δὲ
3435 2698 3647 2766 Κύριος,

2117 2808 2136 2840 ι
2163 2789 2530 2859 Καταϐέϐηκα
2551 2792 2615 2842 ὲκ
2635 2789 2728 2842 τοῦ
2753 2788 3115 2860 οὑρανοῦ,οὑχ
3134 2788 3373 2842 ίναποιῶ
3388 2789 3449 2840 τὸ
3464 2787 3649 2854 θέλημα

2110 2880 2171 2934 τὸ
2200 2881 2355 2950 ἐμὸν,
2378 2880 2511 2934 ἀλλὰ
2532 2881 2592 2933 τὸ
2618 2880 2827 2949 θέλημα
2855 2879 2949 2933 τοῦ
2980 2879 3298 2948 πέμψαντός
3316 2895 3385 2948 με
3409 2876 3647 2946 Πατρός.»

2112 2971 2270 3042 Αὐτῷ
2298 2975 2331 3042 ἡ
2358 2972 2484 3037 δόξα
2517 2975 2597 3036 είς
2629 2975 2755 3035 τοὺς
2801 2973 3021 3035 αἰῶνας.
3064 2972 3258 3041 Ἀμήν.

455 3066 537 3113 tes
559 3061 686 3127 quia
716 3063 1131 3118 retributionem
1165 3081 1195 3119 a
1226 3066 1460 3119 Domino
1490 3066 1776 3134 accipietis
1795 3068 1862 3120 ⁸⁸.
1890 3084 1908 3117 ι
1967 3066 2051 3120 Ad
2088 3067 2270 3123 Titum
2304 3085 2317 3119 :
2359 3087 2377 3119 ι
2412 3068 2657 3123 Admone
2694 3066 2821 3122 illos
2848 3064 3190 3135 principibus
3236 3072 3296 3118 et
3321 3058 3654 3132 potestatibus

456 3150 705 3205 subditos
732 3167 874 3216 esse,
902 3163 957 3207 et
992 3154 1141 3209 dicto
1204 3156 1454 3220 obedire,
1518 3156 1585 3210 ad
1628 3171 1789 3211 omne
1817 3172 1955 3227 opus
2018 3157 2224 3212 bonum
2260 3167 2479 3227 paratos
2526 3172 2669 3221 esse,
2739 3166 2796 3211 et
2840 3172 2950 3211 non
2997 3154 3383 3211 contradicere
3419 3153 3484 3205 “.
3523 3169 3540 3202 ι
3573 3149 3655 3202 Pe-

457 3247 577 3294 trus
615 3259 629 3294 :
663 3261 684 3293 ‹
721 3240 964 3312 Subjecti
1008 3253 1184 3300 estote
1229 3246 1376 3299 omni
1409 3246 1663 3301 humana:
1691 3254 1957 3303 creatura:
1992 3256 2219 3319 propter
2254 3248 2568 3311 Dominum,
2598 3248 2725 3317 quia
2754 3247 2834 3303 sic
2865 3254 2949 3300 est
2972 3245 3224 3305 voluntas
3262 3244 3359 3298 Dei
3404 3250 3467 3295 ut
3508 3240 3655 3294 bene-

456 3332 719 3387 facientes
746 3334 1124 3391 obmutescere
1150 3336 1361 3392 faciatis
1400 3337 1829 3407 imprudentium
1860 3338 2145 3393 hominum
2179 3340 2544 3409 ignorantiam
2569 3339 2633 3395 ⁶¹.
2667 3357 2687 3390 ι
2723 3337 2989 3393 Dominus
3018 3346 3199 3391 autem
3224 3351 3240 3387 :
3271 3354 3289 3384 ι
3320 3331 3577 3388 Descendi
3599 3328 3657 3382 de

457 3423 614 3483 coelo.
634 3440 742 3479 non
770 3434 828 3479 ut
863 3425 1059 3481 faciam
1085 3425 1422 3483 voluntatem
1449 3444 1647 3496 meam,
1681 3428 1775 3484 sed
1797 3428 2133 3484 voluntatem
2162 3430 2281 3500 ejus
2316 3429 2412 3499 qui
2434 3429 2583 3484 misit
2604 3442 2688 3483 me
2714 3428 2893 3484 Patris
2905 3430 2971 3480 ".
3007 3446 3025 3477 ι
3058 3424 3165 3495 lpsi
3189 3424 3364 3496 gloria
3385 3424 3439 3477 iu
3461 3420 3655 3477 saecula.

459 3515 648 3569 Amen.

853 3630 1067 3701 1214¹
1115 3629 1399 3686 ιιοΜιιιΑ
1442 3629 1627 3685 CXIV.

866 3743 943 3799 De
971 3745 1329 3798 observatione
1359 3745 1618 3799 mandati.

532 3855 768 3911 Mandati
804 3854 1125 3911 observatio
1165 3854 1447 3908 hominem
1493 3863 1643 3909 recta
1676 3852 1934 3923 provehit
1960 3853 2015 3906 in

463 3949 611 4003 illam
642 3948 974 4003 felicissimae
1001 3947 1129 4002 vita:
1159 3945 1438 4015 regionem
1473 3963 1485 3996 :
1522 3955 1735 4011 contra,
1768 3943 2016 4014 ejusdem

463 4039 837 4109 praevaricatio
924 4038 1087 4092 letale
1123 4037 1324 4091 vulnus
1368 4035 1535 4107 afﬁgit
1576 4036 1774 4091 anima
1807 4054 1821 4089 :
1853 4036 2019 4104 idque

463 4131 647 4185 dicere
680 4130 842 4185 liceat
884 4129 1150 4195 exactius,
1182 4128 1367 4183 divina
1410 4143 1513 4182 nos
1552 4127 1844 4183 erudieute
1868 4126 2020 4181 Scri-

461 4231 644 4292 ptura.
676 4222 791 4275 Nisi
826 4220 971 4275 enim
999 4220 1163 4274 initio
1191 4221 1372 4273 statim
1412 4217 1750 4273 conditionis
1793 4226 2017 4282 nostrae,

462 4312 517 4366 in
546 4314 797 4382 paradiso
821 4311 1139 4365 mandatum
1170 4311 1465 4365 fuissemus
1490 4308 2027 4387 transgressi,haudj

462 4421 735 4475 quaquam
770 4404 1091 4475 contigisset
1130 4402 1325 4457 audire
1363 4418 1466 4458 nos
1501 4401 1656 4467 illud,
1692 4419 1711 4452 ι
1754 4400 1924 4455 Terra
1958 4416 2020 4455 es

461 4506 518 4551 et
547 4498 596 4550 in
624 4506 827 4551 terram
868 4496 1045 4549 abibis
1071 4494 1117 4527 ⁸³
1141 4512 1155 4548 :
1181 4515 1200 4546 ι
1228 4494 1548 4563 neutiquam
1575 4492 1840 4546 mundum
1868 4492 2017 4545 hunc

461 4598 651 4642 noster
677 4588 769 4642 ille
793 4587 1143 4643 adversarius
1175 4593 1436 4664 tot'rctro
1472 4585 1634 4639 annis
1663 4599 1804 4638 saava
1838 4592 2022 4654 tyran-

462 4676 590 4746 nide
645 4677 1059 4746 grassabundus
1113 4675 1498 4746 oppressisset.
1551 4672 1723 4728 Nemo
1779 4673 1872 4743 qui
1923 4672 2020 4727 Dei

461 4765 781 4819 mandatum
806 4767 1226 4837 contempserit,
1266 4766 1324 4819 in
1359 4764 1694 4819 rectitudine
1722 4763 1892 4817 vitam
1929 4763 2019 4816 in-

462 4858 643 4912 stituit
685 4873 862 4912 suam.
896 4857 1023 4914 Saul
1047 4858 1146 4912 Dei
1188 4857 1449 4912 mandato
1490 4856 1632 4909 male
1669 4855 1930 4925 moriger,
1962 4854 2020 4909 in

2682 3626 2898 3680 ΛΟΓΟΣ
2961 3626 3105 3679 PIA'.

2396 3739 2533 3808 Περί
2585 3739 2692 3793 τοῦ
2727 3738 3074 3808 φυλάσσειν
3123 3736 3403 3801 ἐντολάς.

2187 3852 2258 3906 Τὸ
2279 3851 2569 3921 φυλάσσειν
2592 3848 2830 3917 ἐντολὴν,
2858 3850 2936 3910 εἰς
2971 3845 3116 3916 ζωῆς
3142 3846 3326 3916 χῶρον
3357 3846 3559 3912 εἰσάγει
3582 3843 3655 3893 τὸν

2119 3938 2402 4010 ἄνθρωπον
2429 3954 2442 3969 ·
2473 3937 2534 3990 τὸ
2592 3937 2649 3991 δὲ
2716 3935 3095 4005 παραϐαίνειν,
3139 3933 3527 4004 θανατηφόρον.
3565 3931 3649 3982 Καὶ

2117 4032 2274 4084 τοῦτο
2300 4028 2540 4099 ἀκριϐῶς
2562 4028 2714 4098 παρὰ
2744 4030 2843 4099 τῆς
2878 4027 3027 4089 θείας
3058 4025 3278 4097 ι’ραφῆς
3315 4025 3646 4095 μανθάνομεν.

2119 4123 2183 4175 El
2206 4120 2312 4191 γὰρ
2340 4119 2414 4191 μὴ
2437 4118 2497 4184 ἐξ
2525 4118 2698 4190 ἀρχῆς
2726 4118 3054 4188 παρέϐημεν
3091 4117 3189 4185 τὴν
3221 4117 3279 4168 ὲν
3319 4115 3399 4187 τῷ
3430 4112 3657 4183 παραδεί-

2122 4231 2198 4282 σῳ
2228 4213 2469 4283 ἐντολὴν,
2496 4212 2595 4265 οὑκ
2618 4211 2680 4264 ἀν
2708 4209 3043 4279 ⁴ίιριούσαμεν,
3077 4209 3160 4261 ὅτι
3203 4229 3220 4258 ‹
3278 4208 3355 4277 Γῆ
3384 4204 3454 4270 εἷ,
3484 4207 3568 4257 καὶ
3591 4203 3657 4262 εἰς

2119 4304 2221 4372 γῆν
2253 4303 2525 4374 ἀπελεύσῃ
2562 4319 2576 4334 θ
2618 4288 2638 4354 ι
2676 4302 2775 4355 οὐκ
2808 4302 2875 4354 ἂν
2916 4300 3191 4360 τοσούτοις
3228 4299 3410 4352 ἔτεσιν
3435 4300 3463 4349 ὁ
3485 4297 3655 4362 κόσμος

2121 4395 2227 4447 ὑπὸ
2247 4393 2338 4447 τοῦ
2350 4394 2611 4465 τυράννου
2630 4394 2933 4464 ἐκρατεῖτο.
2952 4390 3141 4453 Οὐδεὶς
3159 4374 3569 4460 καταφρονήσας
3589 4386 3659 4435 ὲν·

2119 4485 2277 4553 τολῆς
2309 4483 2464 4549 Θεοῦ,
2493 4482 2669 4553 ὀρθῶς
2692 4466 3147 4536 ὲϐίωτενδΣαοὺλ
3181 4480 3533 4559 παρακούσας
3579 4474 3658 4540 τῆς

2122 4576 2214 4630 τοῦ
2239 4575 2374 4629 Θεοῦ
2400 4575 2637 4645 ἐντολῆς,
2661 4576 2755 4629 καὶ
2780 4577 2838 4628 ὲν
2854 4574 3054 4636 λύπαις
3079 4572 3363 4642 βιοτεύσας
3379 4573 3469 4623 τὸν
3493 4564 3659 4622 ἑαυτοῦ

2122 4664 2331 4736 χρόνον.
2364 4664 2514 4727 τέλος
2554 4666 2648 4717 καὶ
2693 4666 2793 4734 τῆς
2842 4662 3117 4732 βασιλείας
3161 4662 3441 4727 ἐξέπεσεν.
3472 4658 3536 4714 Ol
3571 4653 3662 4708 υἱοὶ

2132 4755 2269 4821 Ἠλὶ,
2312 4756 2464 4821 Ὀφνὶ
2488 4757 2582 4809 καὶ¹
2605 4754 2809 4833 Φινεές,
2843 4754 2919 4826 μὴ
2965 4754 3332 4815 ὑπακούοντες
3364 4753 3464 4821 τῆς
3503 4745 3664 4817 φωνῆς

2120 4844 2213 4900 τοῦ
2256 4847 2458 4917 πατρὸς
2505 4846 2723 4908 αὑτῶν,,
2748 4845 2846 4917 τὴν
2891 4846 2989 4915 μὲν
3019 4844 3256 4900 κιϐωτὸν
3301 4843 3396 4899 τοῦ
3432 4840 3561 4896 Θεοῦ
3597 4839 3661 4899 εἰς

462 4964 700 5008 ιιιαειοιε
743 4949 912 5004 vitam
966 4965 1090 5004 cum
1141 4950 1382 5020 egisset,
1439 4956 1684 5017 tempore
1735 4946 1839 5014 ipsi
1889 4962 2012 5015 prte-

2122 4940 2307 5007 χείρας
2343 4935 2655 5019 ἀλλοφύλων
2703 4934 3062 5007 παρέδωκανο
3119 4934 3276 4989 αὐτοὶ
3310 4933 3365 4986 δὲ
3416 4931 3664 5020 οἴκτιστον

462 5040 671 5109 scripto
721 5038 944 5095 demum
1013 5055 1182 5111 regno
1230 5054 1451 5111 quoque
1510 5038 1717 5093 excidit
1765 5037 1833 5092 “.
1897 5037 2021 5092 Filii

462 5129 606 5195 lleli,
635 5130 812 5201 Ophni
864 5141 921 5186 et
944 5130 1178 5186 Phinees
1208 5131 1276 5196 ⁸⁸,
1317 5143 1442 5184 cum
1492 5128 1601 5181 illis
1660 5128 2023 5198 immorigera:

463 5236 628 5275 aures
650 5222 1039 5277 occalluisscnt
1069 5222 1138 5277 ad
1167 5215 1358 5277 vocem
1399 5227 1644 5289 paterna:
1674 5218 2019 5287 monitionis,

463 5326 568 5366 nec
589 5313 893 5381 patuissent
926 5313 1096 5379 dicto,
1125 5327 1309 5367 aream
1335 5310 1559 5381 quidem
1587 5310 1706 5370 Dei.
1734 5309 1792 5364 in
1827 5325 2023 5366 manus

464 5398 898 5472 alienigenarum
941 5401 1310 5466 tradiderunt,
1365 5398 1467 5477 ipsi
1519 5408 1701 5454 autem
1742 5413 1850 5454 una
1896 5415 2021 5455 cum

536 5566 582 5599 "
620 5564 754 5620 Luc.
782 5584 836 5629 ιι,
876 5567 953 5620 16.
1052 5554 1096 5599 ³³
1134 5563 1299 5620 Eccli.
1346 5580 1427 5628 ιιι,
1475 5562 1527 5617 6.

1629 5562 1674 5594 ιδ
1713 5561 1846 5616 ibil.
1908 5579 1989 5631 ιιι,
2020 5561 2070 5616 8.
2161 5562 2206 5593 η
2248 5559 2382 5614 ibid.
2432 5561 2485 5622 9,
2543 5556 2627 5631 ιθ.
2668 5557 2751 5631 ,ξ’
2789 5556 2925 5631 ibid.
2961 5556 3046 5612 15.

2126 5027 2355 5081 θάνατον
2370 5012 2747 5099 ἀπηνέγκαντο
2776 5027 2873 5079 σὺν
2903 5026 2980 5095 τῷ
3000 5024 3134 5095 λαῷ.
3170 5025 3271 5077 Διά
3289 5022 3448 5077 τοῦτο
3476 5021 3567 5091 βοᾷ
3591 5016 3664 5070 διὰ

2125 5119 2220 5174 τοῦ
2263 5118 2522 5191 Ἰεζεκιήλ
2542 5135 2558 5149 ·
2599 5138 2617 5172 ι
2675 5119 3040 5191 ’Δπορῤίψατε
3076 5118 3172 5188 ἀφ’
3198 5116 3351 5188 ὑμῶν
3382 5116 3554 5175 πάσας
3582 5108 3662 5168 τὰς

2126 5212 2381 5275 ἀσεϐείας
2426 5210 2600 5281 ὑμῶν,
2629 5212 2723 5266 καὶ
2770 5213 3033 5285 ποιήσατε
3072 5211 3291 5273 ὲντολάς
3327 5226 3450 5279 μου,
3470 5205 3569 5259 καὶ
3590 5202 3665 5253 ἴνα

2125 5306 2180 5359 τί
2207 5305 2599 5377 ἀποθνήσκετε,
2628 5300 2776 5368 οἶκος
2807 5304 3047 5375 Ἰσραὴλ,
3080 5303 3227 5371 λέγει
3257 5302 3491 5373 Κύριοςς
3527 5295 3666 5348 Ἀπο-

2127 5396 2393 5469 στρέψατε
2439 5395 2547 5449 ἀπὸ
2592 5394 2693 5466 τῆς
2737 5394 2856 5450 ὀδοῦ
2888 5395 3040 5468 ὑμῶν
3065 5394 3167 5464 τῆς
3196 5390 3435 5464 πονηρᾶς
3464 5408 3475 5421 ·
3513 5407 3532 5440 ι
3563 5380 3667 5458 [καὶ

3151 5556 3197 5587 ⁵⁷
3235 5552 3401 5610 Hebr.
3436 5565 3547 5611 xm,
3591 5544 3661 5599 l7.

468 5634 515 5668 ⁸⁸
554 5614 864 5699 ιιοῖτῖ.”’χίἰῖ,
897 5614 953 5697 ἔξ
977 5637 1032 5691 a.
1106 5614 1651 5704 sissesisse—3.
1716 5614 2012 5697 3°"fitfiin,

2144 5631 2185 5663 “
2230 5631 2246 5687 l
2276 5631 2422 5687 Petr.
2452 5614 2512 5699 ιι,
2548 5629 2627 5693 l3,
2663 5627 2748 5682 15.
2790 5628 3011 5684 “Joan.
3043 5642 3118 5692 vl,
3148 5624 3237 5681 '58.
3272 5627 3317 5699 ‘f
3339 5623 3561 5685 Getam,
3590 5614 3669 5671 ω.

474 5704 770 5758 ⁸”1Ριιι·.ιὶ.
805 5722 856 5771 ι,
901 5705 984 5760 ιδ.
1062 5706 1105 5738 θ’
1150 5705 1168 5760 I
1212 5702 1327 5773 Res
1401 5719 1472 5769 ινν
1514 5702 1713 5773 15W!-
