3918 6106
296 289 454 361 ἐ789

1163 302 1728 386 HOMILIA_CXIV.
1759 328 1830 355 -.—
1857 304 1953 364 DE
1991 288 2309 368 OBSERV.
2353 303 2720 397 MANDA'l‘l.

3431 297 3567 365 1790

296 406 395 461 ἵνα
424 408 485 460 τί
506 407 872 482 ἀποθνήσκετε
891 399 1453 479 οἷκοςΊσραήλ;1Καὶ
1472 409 1501 461 6
1525 408 1708 478 νόμος,
1737 425 1755 460 ι
1780 410 1893 461 Οὐκ

1995 411 2201 480 papulo
2244 409 2502 466 meritam
2548 410 2861 473 mercedem
2909 409 3218 464 retulerunt
3257 408 3563 465 miserrima

288 498 674 571 ἐκπειράσεις
724 499 923 570 Κύριον
948 498 1041 552 τὸν
1070 500 1202 552 Θεὸν
1232 516 1348 554 σου.
1406 498 1697 553 Φυλάσσων
1723 499 1890 569 φυλά-

291 585 418 652 ξεις
454 591 561 653 τὰς
586 588 800 653 ἐντολὰς
832 590 1047 659 Κυρίου·
1065 588 1162 642 τοῦ
1193 589 1328 642 Θεοῦ
1362 606 1476 644 σου.
1520 610 1539 641 ι
1576 591 1683 643 Kal
1710 588 1889 652 αὖθις·

293 696 317 729 ι
339 680 589 751 Ἄνδρες
606 681 751 749 amt
772 679 962 733 ἐσεσθέ
995 697 1108 750 μοι,
1136 680 1230 733 ἐὰν
1250 685 1364 745 τοῖς
1381 682 1766 751 προστάγμασι
1790 698 1890 750 μου

288 769 650 840 πορεύησθε,
674 772 772 824 καὶ
819 771 918 835 τὰς
956 770 1176 834 ἐντολάς
1226 788 1329 841 μου
1363 769 1701 840 φυλάξησθε⁸
1719 773 1888 841 ἐμπε-

284 854 609 947 ριπατήσω
646 864 703 915 ὲν
740 862 887 933 ὑμῖν,
925 863 1021 915 καὶ
1047 861 1237 932 ἔσομαι
1269 864 1396 932 ὑμῖν
1423 847 1702 926 Θεὸς,κώ
1733 863 1889 933 ὑμεῖς

282 949 508 1003 ἔσεσθέ
548 969 638 1021 μοι
665 951 815 1017 λαὸς,
843 953 989 1021 λέγει
1025 952 1246 1024 Κύριος.
1283 975 1305 1004 δ
1338 954 1447 1017 Kal
1484 955 1647 1024 ἡμεῖς
1668 950 1761 1007 οὖν
1796 956 1889 1007 ἐὰν

276 1039 568 1105 ποιῶμεν
618 1039 784 1093 αὐτοῦ
830 1042 887 1093 τὸ
936 1039 1148 1111 θέλημα
1168 1035 1188 1106 ,’
1216 1040 1310 1094 καὶ
1357 1038 1719 1112 πορευώμεθα
1750 1040 1890 1094 κατὰ

279 1128 403 1190 τὰς
456 1130 683 1192 ἐντολάς
715 1131 901 1196 αὑτοῦ,
938 1133 1033 1187 καὶ
1081 1131 1383 1202 ἀγαπῶμεν
1415 1131 1634 1196 ἃαύτὸς
1676 1133 1887 1203 ἀγαπᾷ,

282 1219 435 1282 ναὸς
506 1220 670 1273 αὐτοῦ
727 1221 1010 1291 γινόμεθα.
1049 1222 1106 1274 ὐ
1132 1223 1241 1290 γάρ
1270 1222 1408 1291 ἔχων
1457 1222 1556 1292 τὴν
1597 1224 1678 1285 εἰς
1727 1223 1891 1275 αὑτὸν

283 1307 560 1378 ἀγάπην,
594 1311 687 1363 καὶ
716 1315 795 1373 εἰς
832 1312 923 1364 τὸν
967 1312 1214 1380 πλησίον,
1248 1311 1465 1381 μακρὰν
1508 1313 1661 1366 ἔσται
1710 1313 1892 1383 πάσης

244 1380 632 1483 δάμαρτίας,
696 1408 792 1460 καὶ
845 1406 1366 1478 άνταγαπηθήσεται
1412 1408 1523 1462 ὑπὸ
1580 1408 1670 1460 τοῦ
1730 1380 1887 1462 Θεοῦ.

235 1496 245 1511 ‘
300 1489 480 1543 Ἐπεὶ
502 1494 594 1545 ἐὰν
609 1490 1066 1563 καταφρονῶμεν,
1101 1491 1240 1546 οἶδεν
1265 1495 1891 1566 κολάζειν,παρακουὸν-

283 1596 412 1648 των
462 1582 623 1653 ἡμῶν
684 1582 793 1636 τῶν
852 1585 1021 1653 ἁγίων
1054 1583 1219 1638 αὑτοῦ
1243 1585 1492 1640 ἐντολῶν.
1528 1588 1618 1656 Μὴ
1662 1583 1754 1641 οῦν
1797 1586 1890 1639 λυ-

1995 512 2172 559 morte
2206 502 2507 574 perfuncti.
2540 501 2782 573 Hujusce
2810 501 2958 556 enim
2989 500 3203 554 vitandi
3231 499 3360 553 mali
3388 500 3561 569 gratia

1993 596 2192 651 clamat
2220 596 2487 653 Dominus
2515 611 2614 665 per
2639 594 2990 650 Ezechielem
3030 610 3043 645 :
3088 612 3106 643 ι
3136 592 3374 667 Abjicite
3404 607 3434 644 a
3466 607 3565 644 vo-

1986 685 2080 739 bis
2121 700 2315 740 omnes
2365 684 2703 753 iniquitates.
2732 690 2967 755 vestras,
3009 688 3065 734 et
3107 680 3273 733 facite
3306 678 3565 732 mandata

1991 792 2134 842 mea,
2167 777 2305 831 dicit
2338 776 2622 837 Dominus,
2663 784 2719 829 et
2749 772 3141 828 convertimini
3191 787 3220 825 a
3249 772 3564 841 viapvestra

1991 885 2113 938 qua:
2143 869 2285 924 mala
2305 870 2482 941 est“.
2519 887 2537 919 ι
2582 868 2648 921 Et
2682 884 2696 920 :
2726 885 2744 917 ι
2776 866 2847 922 Ut
2874 865 3007 935 quid
3035 863 3337 928 morimini,
3364 863 3564 916 domus

1991 960 2156 1015 Israel
2189 956 2266 1008 67?
2315 978 2331 1009 ι
2377 958 2491 1012 Lex
2530 971 2751 1027 quoque
2795 973 2808 1008 :
2851 974 2868 1005 ι
2911 953 3243 1009 Custodicns
3284 951 3564 1005 custodies

1992 1051 2248 1106 mandata
2282 1050 2498 1105 Domini
2545 1050 2642 1103 Dei
2683 1048 2763 1102 tui
2801 1047 2865 1101 ⁸⁸.
2897 1065 2915 1097 ι
2950 1046 3204 1099 Rursus:
3242 1063 3260 1093 ι
3294 1043 3408 1097 Viri
3433 1058 3561 1096 san-

1990 1144 2063 1199 cti
2094 1143 2250 1197 eritis
2271 1141 2404 1195 mihi
2422 1176 2437 1201 ,
2481 1140 2528 1194 si
2551 1141 2607 1194 in
2634 1136 2926 1208 praeceptis
2948 1135 3089 1189 meis
3118 1130 3557 1196 ambulaveritis,

1988 1245 2046 1290 et
2075 1235 2327 1289 mandata
2355 1249 2476 1287 mea
2519 1229 2907 1287 eustodieritis
2932 1229 2997 1282 “.
3031 1246 3048 1278 ι
3070 1255 3140 1266 --
3162 1245 3178 1277 ι
3199 1222 3561 1278 lnambulabo

1990 1328 2134 1381 inter
2157 1341 2275 1389 vos,
2306 1337 2363 1381 et
2388 1340 2485 1380 ero
2515 1324 2674 1378 vobis
2702 1324 2867 1387 Deus,
2902 1329 2958 1375 et
2993 1336 3092 1374 vos
3113 1318 3273 1373 eritis
3294 1316 3428 1370 mihi
3463 1331 3560 1384 po-

1989 1420 2172 1487 pulus,
2205 1400 2339 1473 dicit
2368 1415 2632 1470 Dominus
2658 1415 2723 1467 ⁷⁰.
2765 1432 2783 1463 ι
2825 1413 2938 1467 Nos
2976 1411 3141 1481 igitur
3180 1408 3225 1462 si
3255 1406 3560 1476 expleveri-

1990 1527 2114 1565 mus
2139 1510 2257 1579 ejus
2273 1509 2647 1571 ovolnntatem,
2681 1506 2727 1560 si
2769 1504 2835 1560 ad
2877 1513 3128 1558 tenorem
3172 1499 3557 1555 mandatorum

1990 1602 2167 1671 ipsius
2192 1600 2631 1670 progrediemur,
2654 1598 2698 1652 si
2723 1612 2845 1667 quae
2873 1596 2954 1650 illi
2996 1594 3254 1648 novimus
3275 1605 3401 1645 esse
3430 1606 3558 1659 gra-

286 1675 525 1759 πείσθω
556 1669 858 1746 καθ’ήμῶν
885 1676 914 1728 6
945 1675 1146 1742 ἀγαθὸς
1188 1677 1347 1747 ἡμῶν
1370 1677 1524 1742 Θεὸς,
1555 1678 1583 1730 6
1612 1676 1888 1745 εὔσπλαγ-

1992 1669 2129 1748 tiosa
2155 1669 2211 1747 et
2249 1669 2525 1753 amabilia,
2554 1689 2656 1759 ipsi
2684 1689 2852 1744 etiam
2874 1684 3258 1747 dilexerimus,
3290 1682 3557 1751 templum

286 1754 459 1838 χνος,
499 1771 528 1822 6
554 1740 824 1839 ἐλεήμων,
849 1769 878 1820 6
917 1740 1092 1835 ἅγιος,
1124 1770 1152 1822 6
1184 1740 1445 1838 καθαρὸς,
1474 1740 1888 1840 ὁ-ἀμίαντοςίὸ

1991 1787 2070 1840 illi
2095 1783 2418 1840 ellieiemur.
2447 1781 2550 1848 Qui
2586 1781 2737 1836 enim
2773 1795 2903 1850 erga
2951 1779 3125 1836 Deum
3155 1785 3211 1831 et
3245 1774 3558 1844 proximum

290 1861 505 1926 ἇῦλος,
534 1865 563 1914 6
591 1862 772 1929 μόνος,
802 1863 831 1914 6
855 1855 961 1925 εἷς,
990 1863 1018 1913 6
1057 1861 1423 1931 ’ἁμετάϐολος,
1458 1862 1487 1914 6
1511 1861 1828 1933 είλικρινὴς,
1860 1864 1889 1915 6

292 1952 526 2015 ἄδολος,
560 1951 590 2003 6
613 1953 900 2023 ἁόργητος,
941 1949 970 2001 6
1007 1951 1187 2021 πάσης
1213 1952 1517 2021 λεγομένης
1542 1953 1638 2004 καὶ
1658 1952 1888 2022 νοουμέ-

291 2062 403 2114 νης
471 2046 607 2113 ἡμῖν
656 2042 1031 2114 προσηγορίας
1078 2041 1349 2111 άνὼτερος
1403 2042 1496 2095 καὶ⁵
1558 2040 1887 2114 ὑψηλότερος

291 2136 465 2201 Θεὸς,
514 2135 720 2206 Ἰησοῦς
754 2135 987 2205 Χριστός
1011 2153 1024 2164 ·
1059 2133 1436 2204 εὐφραινέσθω
1466 2135 1564 2187 σὺν
1591 2136 1725 2204 ἡμῖν
1746 2174 1759 2194 .
1791 2151 1888 2187 και

292 2229 415 2291 λῶς
494 2227 650 2303 ἡμῶν
741 2226 1178 2296 πολιτευομένων
1210 2243 1224 2257 ·
1290 2225 1528 2297 χαιρέτω
1556 2265 1570 2288 ,
1630 2224 1888 2295 καθαρῶς

298 2318 580 2389 βιούντων
641 2316 795 2387 ήμῶν
828 2332 843 2347 ·
880 2314 1250 2370 ἀναπαυέσθω
1271 2355 1286 2378 ,
1318 2313 1529 2384 σεμνῶς
1560 2314 1718 2383 ἡμῶν
1756 2317 1886 2366 ἀνα-

297 2410 722 2479 στρεφομένων·
756 2407 1088 2477 εὐωχείσθω,
1116 2406 1413 2474 φιλούντων
1474 2405 1636 2459 αὑτὸν
1689 2407 1845 2476 ἡμῶν
1868 2446 1883 2471 ,

302 2507 405 2557 καὶ
427 2502 611 2565 καλῶς
630 2494 1133 2571 ὲγκρατευομένων,
1156 2502 1251 2554 καὶ
1266 2500 1686 2570 σωφρονούντων
1703 2500 1881 2569 ἡμῶν.

317 2593 456 2647 Ἐὰν
501 2587 594 2645 οῦν
645 2588 939 2662 ἀρξώμεθα
977 2588 1195 2659 θερμῶς
1234 2590 1335 2653 τὰς
1367 2589 1589 2650 ἐντολὰς
1622 2589 1714 2641 τοῦ
1746 2587 1885 2642 Θεοῦ

304 2682 763 2752 διαπράττεσθαι,
794 2682 1013 2735 ἅπαντα
1038 2679 1225 2733 λοιπὸν
1252 2679 1324 2733 τὰ
1347 2678 1682 2750 αἰσθητήρια
1704 2679 1882 2749 ἡμῶν,

305 2783 370 2832 ἐν
415 2776 673 2847 αίσθήσει
718 2772 1033 2844 φωτίζουσα
1069 2778 1101 2845 ἡ
1138 2775 1339 2846 χάρις,
1386 2774 1453 2827 τὰ
1498 2774 1599 2843 μὲν
1645 2773 1885 2843 ἡμέτερα

308 2866 803 2939 ἐνθυμήματα.ῶς
830 2865 941 2934 πῦρ
963 2866 1318 2941 καταφλέγει,
1353 2864 1621 2935 ἡδύνουσα
1645 2864 1701 2917 δὲ
1727 2864 1885 2935 ἡμῶν

305 2961 413 3032 τὴν
434 2959 667 3030 καρδίαν
686 2960 743 3011 ἐν
768 2958 958 3029 εἰρήνῃ
987 2957 1096 3010 τινὶ
1124 2955 1308 3025 φιλίας
1325 2956 1627 3019 ἁνενδότου,
1650 2974 1885 3025 πνευμαο

1986 1877 2180 1949 ﬂagrat
2206 1876 2495 1937 cbaritate,
2529 1874 2691 1943 longe
2733 1886 2795 1926 se
2832 1870 2903 1925 ab
2931 1868 3087 1924 omni
3129 1864 3401 1937 proripiet
3426 1879 3557 1933 pec-

1985 1978 2130 2034 cato,
2165 1968 2325 2038 isque
2368 1984 2399 2022 a
2439 1967 2554 2021 Deo
2581 1965 2865 2034 diligetur.
2894 1960 3054 2028 Quod
3090 1960 3137 2014 si
3166 1956 3558 2027 deprehende-

1985 2077 2110 2116 mur
2155 2057 2576 2127 centempsisse,
2612 2055 2803 2124 utique
2851 2052 3008 2107 novit
3058 2049 3284 2104 meritas
3334 2045 3558 2116 exigere

1985 2166 2178 2222 poenas
2205 2149 2273 2204 de
2299 2148 2389 2204 bis
2419 2147 2627 2203 sanctis
2667 2145 2783 2200 suis
2820 2143 2914 2214 qui
2945 2142 3131 2197 minus
3169 2140 3560 2208 obtemperant

1985 2240 2279 2296 mandatis.
2303 2238 2555 2294 Nolimus
2580 2234 2807 2305 (quaeso)
2837 2233 3130 2288 adversum
3157 2247 3258 2285 nos
3283 2244 3409 2282 eum
3431 2243 3560 2283 exa-

1985 2346 2230 2401 sperare,
2260 2340 2369 2383 tam
2424 2328 2698 2397 benignus
2727 2340 2853 2378 cum
2899 2323 2972 2376 sit
3013 2322 3161 2376 Deus
3211 2326 3424 2381 noster,
3461 2317 3557 2386 qui

1984 2421 2136 2476 aliud
2192 2420 2331 2473 nihil
2378 2433 2545 2488 quam
2590 2417 2800 2471 viscera
2849 2411 3247 2467 misericordiae
3298 2409 3555 2479 gestitat,

1984 2511 2303 2567 misericors
2341 2509 2620 2580 siquidem
2658 2517 2764 2572 est,
2801 2515 3047 2568 sanctus,
3081 2517 3277 2573 purus,
3303 2500 3559 2570 impollu-

1985 2613 2097 2665 tus,
2147 2599 2217 2654 ab
2263 2599 2414 2653 omni
2464 2595 2818 2652 concretione
2862 2592 3116 2648 materiae
3159 2588 3555 2651 alienissimus,

1985 2693 2158 2756 solus,
2208 2706 2355 2746 unus
2380 2730 2395 2755 ,
2442 2686 2761 2749 exorabilis,
2808 2685 3101 2747 sincerus,
3147 2681 3215 2736 ab
3249 2679 3400 2736 omni
3428 2678 3558 2733 dolo

1986 2781 2448 2854 sejunctissimus,
2476 2775 2860 2838 iuirascibilis,
2886 2772 3040 2828 omni
3062 2770 3303 2839 denique
3325 2782 3557 2823 uomen-

1985 2876 2232 2936 claturaz,
2260 2887 2382 2941 quae
2417 2886 2447 2924 a
2482 2868 2644 2924 nobis
2688 2867 2777 2921 vel
2821 2862 3051 2935 cogitari
3092 2862 3181 2916 vel
3217 2860 3327 2915 dici
3375 2865 3557 2928 potest

1986 2966 2161 3020 multo
2202 2962 2457 3032 superior
2505 2976 2568 3015 ac
2619 2957 2911 3013 sublimior
2967 2955 3116 3009 Deus
3164 2961 3354 3005 noster
3396 2948 3556 3003 Jesus

307 3051 444 3104 τικά
482 3067 613 3104 τινακ
647 3049 744 3103 καὶ
781 3049 882 3101 οὐκ
910 3048 989 3100 ἔτι
1016 3049 1164 3100 κατὰ
1192 3048 1370 3118 σάρκα
1394 3046 1705 3114 λογίζεσθαι
1733 3049 1879 3118 ἡμᾶς

1985 3055 2263 3112 Christus.
2296 3050 2540 3104 Laetetur
2583 3047 2767 3117 potius
2808 3043 3098 3097 nobiscum
3146 3047 3203 3093 et
3237 3037 3554 3097 bilareseat,

313 3132 751 3213 παρασκευάζει.
774 3140 1090 3210 Γέγραπται
1113 3140 1169 3193 δὲ
1196 3141 1288 3192 καὶ
1306 3141 1363 3191 ὲν
1382 3143 1504 3202 ταῖς
1524 3140 1875 3209 Παροιμίαις·

316 3253 338 3286 ι
364 3235 483 3295 Υἱὲ,
511 3231 584 3301 μὴ
606 3232 956 3302 παραρρυῇς,
973 3232 1215 3300 τήρησον
1235 3230 1291 3282 δὲ
1310 3225 1449 3298 ἐμὴν
1470 3227 1673 3299 βουλὴν
1694 3229 1788 3282 καὶ
1806 3228 1882 3282 ἔν-

311 3341 488 3388 νοιαν,
521 3323 610 3376 ἵνα
638 3322 778 3391 ζήσῃ
806 3324 839 3392 ή
870 3321 1017 3391 ψυχή
1046 3338 1163 3374 σου.
1202 3320 1312 3375 Kal
1342 3319 1579 3389 πορεύου
1607 3318 1881 3382 πεποιθὼς

309 3408 371 3469 ὲν
402 3415 596 3486 εἰρήνῃ
627 3414 806 3475 πάσας
836 3412 935 3474 τὰς
961 3412 1110 3474 ὁδούς
1138 3429 1231 3465 σου
1253 3427 1267 3441 ⁸
1320 3413 1348 3463 6
1374 3413 1481 3480 γάρ
1510 3409 1881 3481 Κύριοςξσται

314 3525 401 3561 σοι
454 3507 548 3559 ἐπὶ
594 3505 785 3556 πασῶν
831 3503 963 3554 ὁδῶν
1014 3519 1129 3554 σου.
1156 3522 1175 3552 ι
1236 3501 1346 3557 Kal
1380 3501 1571 3553 πάλινσ
1628 3501 1881 3555 (Φυλάσ-

314 3616 412 3652 σου
445 3595 684 3658 ἐντολὰς,
723 3593 799 3664 μὴ
829 3593 1090 3664 ἐπιλάϐῃ,
1130 3593 1263 3662 μηδὲ
1295 3592 1716 3666 παρίὸῃςορἦσιν
1744 3591 1880 3661 ὲμοῦ

315 3690 610 3759 στόματος,
635 3685 766 3756 μηδὲ
786 3684 1035 3756 ἐκκλίνῃς
1057 3685 1165 3737 ἀπὶ)
1184 3684 1444 3755 ῥημάτων
1467 3683 1736 3753 στόματός
1755 3701 1879 3754 μου,

317 3781 458 3852 μηδὲ
489 3778 859 3847 ὲγκαταλίπῃς
886 3777 1054 3844 αὐτὴν
1075 3816 1091 3837 ,
1135 3776 1230 3828 καὶ
1258 3774 1540 3838 ἀνθέξεταί
1572 3791 1686 3828 σου.
1716 3793 1734 3825 ι
1775 3774 1883 3828 Καὶ

314 3871 521 3926 πάλιν
579 3887 599 3922 ι
639 3867 770 3931 Υἱὲ,
822 3866 959 3936 πρὸς
1006 3866 1106 3929 τὰς
1150 3865 1288 3935 εμὰς
1333 3867 1520 3934 ῥήσεις
1567 3864 1881 3936 παράϐαλλε

316 3967 411 4025 σὸν
438 3960 561 4029 οῦς,
597 3964 691 4017 καὶ
720 3962 959 4031 φύλασσε
987 3962 1156 4024 αὑτὰς
1184 3962 1239 4013 ὲν
1267 3961 1467 4031 καρδίᾳ
1497 3963 1562 4030 σῇ
1580 3977 1594 3991 ο
1630 3959 1743 4031 ζωὴ
1772 3960 1883 4031 γάρ

312 4058 467 4109 ἐστιν
490 4057 601 4116 τοῖς
621 4052 962 4123 εὑρίσκουσιν
986 4052 1174 4115 αὑτὰς,
1200 4053 1292 4105 καὶ
1320 4052 1470 4124 πάσῃ
1491 4053 1655 4122 σαρκὶ
1680 4052 1876 4115 ἴασις.»

312 4145 432 4198 Kal
481 4145 537 4195 ἐν
581 4142 657 4213 τῷ
687 4143 1086 4213 Ἐκκλησιαστῇ
1108 4158 1122 4172 ο
1182 4160 1201 4192 ι
1236 4143 1293 4195 Ὀ
1322 4142 1609 4211 φυλάσσων
1638 4142 1879 4214 ἐντολὴν,

311 4236 377 4289 οὐ
422 4235 691 4300 γνώσεται
738 4233 888 4304 ῥῆμα
929 4231 1196 4301 πονηρόνο
1253 4233 1281 4283 6
1321 4232 1610 4300 φυλάσσων
1635 4233 1878 4304 ἐντολὴν,

1982 3147 2115 3203 dum
2143 3145 2249 3215 ipsi
2276 3142 2474 3198 decore
2505 3139 2673 3193 vitam
2711 3135 3086 3196 instituimus,
3122 3129 3322 3201 gaudio
3347 3125 3555 3180 diﬂ'uu-

1981 3239 2168 3304 datur,
2215 3234 2378 3291 nobis
2422 3231 2716 3288 sinceriter
2755 3226 3111 3286 viventibus;
3147 3222 3215 3276 ab
3251 3218 3401 3274 omni
3438 3226 3555 3269 tur-

1982 3330 2105 3386 bela
2136 3322 2557 3394 interquiescat,
2591 3320 2764 3390 probe
2791 3319 2954 3371 nobis
2989 3331 3054 3370 ac
3081 3313 3282 3384 pudice
3304 3309 3557 3380 degenti-

1982 3421 2108 3483 bus,
2134 3415 2329 3487 dapsili
2350 3414 2513 3483 epulo
2543 3411 2749 3466 auobis
2770 3408 3097 3476 excipiatur,
3124 3403 3218 3473 qui
3250 3403 3430 3473 ipsum
3458 3399 3555 3453 de-

1982 3524 2249 3573 amamus,
2273 3507 2404 3561 dum
2424 3502 2585 3557 nobis
2612 3500 2839 3570 pulchre
2865 3508 3232 3566 temperamus
3261 3493 3328 3546 ab
3355 3492 3552 3543 imum-

1978 3602 2192 3660 deratis
2237 3597 2443 3655 eduliis
2492 3610 2555 3648 ac
2580 3591 2753 3648 sobrii
2794 3604 3005 3645 sumus.
3035 3585 3247 3656 1215
3282 3583 3336 3638 Si
3386 3582 3555 3652 igitur

1983 3693 2235 3751 aestuanti
2263 3705 2387 3747 cum
2426 3686 2649 3741 fervore
2696 3684 2765 3739 ad
2814 3682 2909 3736 Dei
2945 3679 3327 3734 mandatorum
3367 3674 3554 3741 imple-

1986 3788 2188 3841 tionem
2250 3781 2600 3849 accingemur
2635 3816 2648 3840 ,
2705 3788 2909 3843 organa
2958 3783 3220 3825 sensuum
3304 3764 3553 3820 omnium

1983 3877 2241 3944 deinceps
2256 3871 2429 3943 gratia
2447 3870 2543 3925 Dei
2558 3866 2876 3922 illuminans
2897 3865 2951 3917 in
2966 3862 3084 3931 ipso
3104 3868 3228 3913 actu
3252 3854 3552 3917 sentiendi,

1982 3978 2198 4026 nostras
2219 3965 2439 4035 quidem
2456 3961 2629 4017 veluti
2645 3958 2934 4015 comburet
2961 3950 3340 4023 cogitationes,
3365 3954 3551 4000 nostra

1983 4073 2167 4118 autem
2190 4058 2390 4120 virtus,
2423 4069 2519 4109 cor
2541 4054 2720 4122 ipsum
2747 4049 2822 4102 ita
2850 4045 3050 4101 alliciet
3078 4051 3139 4097 ut
3169 4054 3355 4095 secum
3388 4036 3553 4090 ratio-

1983 4154 2200 4210 einetur
2234 4156 2288 4204 et
2308 4144 2580 4216 expendat
2609 4138 2927 4211 spirituales
2948 4134 3115 4190 animi
3138 4129 3553 4199 conceptiones,

1982 4259 2094 4298 non
2147 4241 2259 4311 jam
2310 4232 2614 4292 secundum
2671 4241 2915 4291 carnem,
2955 4224 3011 4278 in
3062 4218 3285 4291 paciﬁca
3316 4212 3552 4284 quadam

314 4326 480 4396 τηρεῖ
503 4325 602 4395 τὴν
631 4323 792 4378 αὑτοῦ
819 4322 996 4393 ψυχήν
1018 4338 1031 4351 ·
1079 4324 1109 4374 6
1133 4321 1423 4391 φυλάσσων
1448 4323 1693 4393 ἐντολὴν,
1724 4316 1881 4388 οὗτος

1987 4304 2229 4388 amicitia
2254 4335 2311 4381 et
2336 4325 2406 4379 ab
2428 4322 2580 4378 omni
2612 4320 2738 4374 fuco
2760 4317 2964 4370 aliena.
2996 4310 3276 4379 Scriptum
3296 4304 3444 4359 enim
3467 4309 3552 4356 est

279 4500 283 4505 ἢ
317 4393 610 4490 ὑγιαίνει.)
645 4419 753 4472 Kal
781 4419 996 4486 ἐπάγει·
1030 4437 1047 4468 ι
1079 4416 1362 4488 Μακάριος
1389 4416 1528 4487 ᾲνὴρ
1554 4417 1611 4482 ὃς
1636 4417 1881 4471 εἰσακού-

1990 4430 2045 4483 in
2074 4420 2390 4480 Proverbiis
2414 4436 2476 4472 :4
2498 4415 2624 4479 Fili,
2651 4428 2719 4467 ne
2742 4407 3133 4481 praaterellluas
3160 4421 3174 4456 :
3208 4396 3422 4457 custodi
3449 4412 3551 4450 au-

277 4500 288 4601 ;
320 4511 478 4565 σεταί
506 4527 633 4582 μου,
665 4513 759 4601 καὶ
783 4509 1067 4579 ἄνθρωπος
1099 4509 1156 4573 ὃς
1183 4509 1282 4573 τὰς
1308 4510 1448 4578 ἐμὰς
1472 4508 1692 4572 ἐντολάς
1714 4500 1881 4579 φυλάο

320 4603 426 4668 ξει.
452 4620 471 4653 ι
527 4601 635 4655 Kal
681 4594 718 4653 δ’
751 4599 961 4664 Παῦλος
1009 4599 1292 4671 Τιμοθέῳ·
1342 4618 1362 4652 ι
1395 4600 1769 4670 Παραγγέλλω
1800 4618 1882 4655 σοι

319 4690 556 4746 ἐνώπιον
600 4688 805 4758 Κυρίου
824 4728 839 4753 ,
892 4691 1131 4761 τηρῇσαί
1163 4707 1223 4743 σε
1256 4690 1353 4761 τὴν
1381 4690 1604 4760 ἐντολὴν
1631 4674 1882 4753 ἄσπιλον,

320 4781 708 4853 ἀνεπίληπτον.
737 4800 754 4832 ι
794 4782 903 4834 Kal
932 4782 1239 4852 Κορινθίοις
1261 4799 1274 4811 ·
1331 4802 1350 4834 ι
1385 4781 1627 4835 Ἐπαινῶ
1649 4782 1705 4835 δὲ
1739 4782 1883 4851 ὑμᾶς

321 4873 408 4926 ὅτι
454 4869 834 4947 πάντοτέλμου
881 4869 1160 4940 μέμνησθε
1185 4910 1201 4933 ,
1247 4873 1341 4925 καὶ
1374 4869 1557 4936 καθὼς
1590 4871 1884 4942 παρέδωκα

324 4962 472 5032 ὑμῖν,
505 4961 604 5023 τὰς
634 4959 961 5030 παραδόσεις
989 4959 1304 5029 κατέχετε.)
1338 4961 1508 5014 Τοῦτο
1532 4960 1592 5013 δὲ
1624 4960 1881 5019 παιδευὸ-

327 5052 467 5121 μεθα
515 5051 601 5104 διὰ
640 5051 813 5122 πάσης
858 5050 967 5120 τῆς,
995 5050 1147 5114 θείας
1173 5052 1433 5122 Γραφῆς,
1488 5052 1571 5106 ᾶτι
1611 5053 1675 5106 ού
1719 5054 1883 5122 μόνον

323 5141 594 5210 ὀρειλέται
623 5141 819 5211 ἐσμὲν,
851 5142 951 5205 τὰς
982 5141 1201 5206 ἐντολὰς
1229 5143 1324 5196 τοῦ
1352 5142 1487 5198 Θεοῦ
1519 5146 1707 5214 τηρεῖν
1734 5146 1881 5200 ἀπα-

328 5234 596 5304 ρασάτως.
631 5233 766 5289 ἀλλὰ
793 5235 887 5289 καὶ
919 5234 1016 5297 τὰς
1042 5234 1151 5289 τῶν
1181 5236 1434 5306 πατέρων
1462 5235 1641 5307 ἡμῶν,
1672 5237 1768 5289 καὶ
1796 5236 1878 5291 δι-

324 5325 602 5381 δασκάλων
649 5328 743 5380 καὶ
783 5328 1130 5397 ἡγουμένων.
1181 5327 1322 5397 μετὰ
1370 5327 1551 5398 πάσης
1593 5325 1878 5391 εὐλαϐείας

325 5415 595 5487 ἀτρώτους
647 5415 1044 5487 διαφυλάττειν.
1080 5417 1265 5488 ιΦησὶν
1313 5417 1371 5472 δὲ
1424 5418 1519 5472 καὶ
1567 5418 1595 5471 6
1635 5417 1872 5488 Κύριοςο

330 5521 351 5557 ι
373 5503 556 5576 Ὑμεῖς
586 5506 725 5576 φίλοι
754 5511 859 5578 μού
876 5507 1143 5591 ὲστε,ὲὰν,
1178 5507 1215 5562 ἃ
1239 5507 1351 5578 ἐγὼ
1376 5508 1692 5578 ἐντέλλομαι
1719 5509 1867 5579 ὑμῖν,

398 5619 444 5651 ⁸⁸
472 5616 666 5672 Ezech.
714 5635 821 5683 xw,
848 5612 922 5674 6(

398 5619 444 5651 ⁸⁸
472 5616 666 5672 Ezech.
694 5635 821 5687 τιν,
848 5620 898 5674 6.
1022 5620 1067 5652 ⁸⁷
1094 5620 1292 5676 Ezeclt.
1330 5639 1478 5685 mu,
1512 5616 1598 5675 δι.

333 5686 373 5722 ’11
411 5688 547 5722 Drnv
596 5700 647 5722 Ill
700 5687 761 5722 9|
812 5688 880 5722 οη
1004 5691 1083 5722 ,η
1115 5688 1257 5722 Dm“,
1310 5708 1362 5722 ny
1417 5693 1486 5722 om
1514 5691 1583 5722 QQ

409 5688 563 5744 Prov.
594 5700 671 5747 ιιι.
700 5687 789 5752 Ἢ,
812 5688 901 5742 25.

1004 5718 1011 5723 θ
1038 5691 1083 5721 "
1115 5688 1275 5749 Prov.
1310 5708 1385 5758 tv,
1417 5693 1486 5747 ‘20
1514 5691 1603 5745 “2:2.

1705 5620 1750 5651 "'
1791 5620 1965 5675 Levit.
2010 5639 2136 5681 χχιι,
2193 5620 2281 5674 ⁸51.

1671 5693 1716 5724 τ’
1751 5691 1932 5747 Eccle.
1965 5707 2077 5754 vut,
2105 5691 2155 5747 5.
2308 5690 2311 5699 '

1980 4527 2092 4572 tem
2134 4511 2425 4570 consilium
2457 4522 2641 4562 meum
2670 4515 2727 4559 et
2750 4502 2919 4558 animi
2953 4500 3063 4553 mei
3096 4492 3450 4552 sententiam,
3489 4496 3551 4544 ut

1978 4609 2129 4664 vivat
2152 4605 2333 4660 anima
2380 4612 2475 4655 tua
2507 4607 2563 4653 et
2596 4595 2845 4652 ambules
2883 4589 3170 4646 conﬁdens
3205 4586 3259 4638 in
3295 4597 3428 4652 pace
3452 4594 3552 4649 per

1978 4713 2172 4756 omnes
2191 4694 2313 4750 vias
2337 4700 2462 4747 tuas
2488 4707 2503 4743 :
2535 4687 2805 4743 Dominus
2831 4683 2978 4738 enim
3006 4679 3184 4734 aderit
3212 4675 3311 4729 tibi
3345 4675 3399 4727 in
3426 4686 3549 4727 om-

1976 4791 2143 4845 nibus
2172 4786 2281 4841 viis
2308 4782 2503 4838 tuis".
2534 4780 2792 4834 t'lterum
2822 4793 2837 4830 :
2876 4795 2895 4826 ι
2921 4763 3152 4829 Custodi
3179 4767 3455 4824 mandata,
3479 4778 3551 4817 ne

1979 4872 2347 4938 obliviscaris,
2384 4867 2501 4924 noli
2534 4864 2827 4935 despicere
2854 4877 2916 4917 os
2949 4872 3157 4922 meum,
3191 4867 3248 4910 et
3283 4869 3353 4908 ne
3378 4849 3551 4905 decli-

1983 4981 2082 5021 nes
2114 4981 2145 5019 a
2177 4962 2367 5018 verbis
2412 4959 2528 5015 oris
2555 4956 2686 5022 mei,
2707 4968 2887 5023 neque
2932 4949 3291 5016 derelinquas
3316 4940 3550 4995 manda-

1981 5067 2098 5110 tum
2131 5054 2258 5115 hoc,
2283 5059 2341 5106 et
2368 5048 2653 5121 adiuvabit
2677 5055 2748 5101 te.
2782 5044 2907 5105 Fili,
2939 5039 3127 5095 verbis
3159 5034 3296 5089 meis
3328 5044 3549 5085 accom-

1982 5145 2145 5213 moda
2182 5157 2392 5214 aurem,
2442 5148 2497 5196 et
2533 5136 2749 5194 custodi
2779 5135 2836 5188 in
2882 5130 3047 5188 corde
3096 5138 3214 5183 tuo.
3248 5124 3371 5179 Vita
3399 5123 3550 5177 enim

1976 5247 2064 5292 est
2100 5213 2511 5290 invenientibus
2547 5246 2610 5284 ea
2635 5269 2650 5292 ,
2684 5235 2742 5280 et
2789 5222 2938 5280 omni
2985 5218 3138 5276 cordi
3177 5215 3386 5271 sanitas
3415 5213 3484 5266 ⁷³.
3524 5230 3545 5262 ι

1980 5327 2051 5382 Ει
2080 5327 2134 5380 in
2158 5324 2487 5381 Ecclesiaste
2522 5338 2535 5373 :
2578 5339 2595 5369 ι
2642 5317 2744 5384 Qui
2793 5312 3032 5370 custodit
3065 5308 3405 5370 mandatum,
3437 5319 3549 5358 non

1981 5424 2273 5489 cognoscet
2295 5412 2522 5468 verbum
2549 5410 2749 5463 malum
2784 5425 2795 5460 :
2824 5406 2917 5477 qui
2943 5401 3184 5459 custodit
3207 5397 3548 5459 mandatum,

1980 5488 2085 5563 hic
2112 5521 2277 5563 sanus
2302 5515 2388 5559 est
2421 5504 2488 5557 ⁷³.
2525 5522 2543 5554 ι
2581 5499 2798 5555 lnducit
2836 5517 2849 5550 :
2895 5517 2911 5548 ι
2948 5496 3150 5550 Beatus
3177 5491 3261 5547 vir
3287 5488 3546 5546 exaudiet

2392 5617 2435 5649 θ’
2465 5615 2698 5671 Zachar.
2730 5630 2807 5682 ιιι,
2839 5615 2888 5666 7.
2996 5610 3041 5641 '°
3063 5607 3243 5663 Levit.
3278 5622 3422 5666 xxvi.
3462 5605 3543 5666 l2.
