3918 6106
465 295 598 365 1795
816 296 824 301 ’
1362 336 1369 347 ~
1580 330 1590 340 -
1724 297 2031 360 ANTIOCI

2134 297 2467 359 ΜοΝΑεΗι
3539 306 3644 373 ΠΜ

459 411 543 465 eis
584 407 1000 478 expostulamus
1058 406 1130 477 ob
1194 420 1259 462 ea
1303 419 1429 476 quas
1478 420 1575 477 per
1615 407 2031 462 immoderatam

2135 406 2229 494 καὶ
2270 405 2381 458 τῶν
2410 404 2505 494 τοῦ
2535 406 2734 493 αἰῶνος
2756 408 2953 462 τούτου
2982 408 3080 464 ἀνθ
3090 412 3292 482 ρώπων
3315 433 3331 480 ;
3371 416 3430 469 ’0
3457 416 3543 487 μὲν
3564 424 3647 494 γὰρ

460 498 823 568 cupiditatem
864 505 1219 551 extorserunt
1241 512 1270 550 a
1300 496 1483 552 nobis.
1517 497 1685 552 Plane
1715 512 1781 551 ea
1821 506 1907 553 est
1935 497 2031 551 Dei

2135 493 2298 562 νόμος
2324 492 2655 549 ἐντέλλεται·
2692 484 2723 545 ι’
2741 495 2855 548 Οὐκ
2877 497 3162 568 ἀδικήσεις
3183 500 3276 553 τὸν
3298 484 3510 571 πλησίον

461 593 718 643 voluntas
762 598 824 655 ut
858 589 1142 643 lucremur
1175 587 1355 657 ipsum
1389 588 1467 643 rei
1508 599 1713 643 nostra:
1740 596 2031 657 occupato-

2135 580 2262 635 Καί·
2299 602 2318 635 ι
2344 584 2421 636 Οὐ
2445 582 2839 655 κοιμηθήσεται
2866 587 2895 637 6
2921 585 3111 656 μισθὸς
3134 588 3228 640 τοῦ
3253 590 3514 659 μισθωτοῦ
3534 594 3651 664 παρὰ

463 698 600 741 rem,
633 695 741 733 non
788 694 900 732 rem
947 677 1142 734 fraude
1188 686 1529 747 occupatam.
1574 679 1789 733 Etenim
1823 679 1917 747 qui
1954 676 2031 731 sic

2137 674 2237 728 σοί.
2295 674 2371 728 Οὐ
2422 675 2607 739 κακῶς
2656 675 2802 746 ὲρεῖς
2847 678 3045 746 κωφῷ.
3082 678 3178 732 καὶ
3210 680 3462 735 ἀπέναντι
3491 685 3651 751 τυφλοῦ

2133 766 2196 817 οὗ
2233 764 2421 836 θήσεις
2456 766 2809 819 σκάνδαλον.»
2862 768 2972 820 Καὶ
3004 769 3033 821 6
3058 770 3506 841 Παροιμιαστής·
3545 793 3561 824 ι
3584 775 3651 843 Μὴ

2134 856 2432 921 ἀποδιάζου
2459 858 2699 927 πένητα,
2732 858 2949 928 πτωχὸς
2974 859 3086 931 γάρ
3116 861 3263 913 ἐστιν
3282 877 3297 891 ο
3343 861 3471 931 μηδὲ
3496 864 3653 931 ἀτιμάο

2136 962 2235 1020 σῃς
2263 948 2464 1016 ἀσθενῆ
2495 950 2552 1001 ὲν
2584 949 2781 1013 πύλαις
2810 965 2826 980 ο
2874 952 2903 1004 6
2940 950 3049 1022 γὰρ
3078 951 3287 1019 Κύριος
3318 956 3488 1023 κρινεῖ
3511 955 3652 1009 αὐτῶν

2133 1041 2233 1109 τὴν
2265 1040 2467 1112 κρίσιν.
2495 1040 2630 1097 »Καὶ
2656 1040 2962 1112 ταῦταμὲν
2992 1046 3023 1096 6
3044 1043 3289 1111 παλαιὸς
3308 1084 3325 1109 ,
3375 1043 3467 1097 ἅτε
3502 1046 3559 1115 δὴ
3596 1048 3653 1110 ὡς

2134 1133 2296 1203 ἀτελῆ
2347 1131 2562 1202 νηπίοις
2604 1119 2894 1200 διελέγετο.
2943 1132 3000 1186 '0
3030 1133 3089 1186 δὲ
3119 1133 3217 1187 τοῦ
3246 1134 3479 1207 Χριστοῦ
3506 1137 3654 1207 νόμος,

2133 1223 2337 1286 τέλειος
2365 1222 2440 1275 ὢν
2464 1264 2479 1284 .
2530 1226 2643 1287 τοῖς
2686 1222 2912 1287 τελείοις
2939 1225 3039 1293 τῆς
3062 1224 3276 1289 τελείας
3325 1228 3522 1297 τροφῆς
3552 1246 3652 1298 μετ-

2142 1314 2362 1382 έχουσιν
2389 1313 2760 1367 διατάσσεται.
2790 1314 2958 1383 Φησὶν
2981 1319 3090 1385 γὰρ
3105 1315 3133 1366 6
3155 1315 3363 1385 Κύριος
3380 1333 3394 1346 ’
3415 1336 3432 1367 ι
3460 1316 3655 1388 Εὖχεσθε

2133 1403 2273 1473 ὑπὲρ
2324 1403 2432 1457 τῶν
2477 1405 2783 1458 διωκόντων
2827 1400 2972 1474 ὑμᾶς
3036 1406 3131 1457 καὶ
3180 1405 3594 1476 ἐπηρεαζόντων.
3638 1430 3651 1461 ι

2133 1481 2348 1564 Ταύτην
2380 1495 2479 1566 τὴν
2504 1495 2721 1566 ἐντολὴν
2756 1496 2957 1558 εὐθέως
2980 1497 3347 1567 ἐκπληροῦσιν
3376 1500 3425 1550 οί
3453 1498 3657 1570 ἀληθινοὶ

2136 1584 2377 1655 μαθηταὶ
2405 1586 2497 1638 τοῦ
2526 1585 2788 1656 Χριστοῦ,
2823 1574 3096 1656 Στέφανος
3131 1588 3227 1639 καὶ
3265 1589 3545 1653 Ἰάκωϐος·
3586 1593 3660 1644 καὶ

2131 1681 2160 1732 ὁ
2185 1680 2285 1748 μὲν
2308 1678 2684 1748 λιθαζόμενος,
2708 1682 2735 1732 6
2759 1680 2814 1732 δὲ
2842 1681 3303 1753 κρημνιζόμενος,
3327 1682 3659 1752 προσηύχοντο

2134 1770 2273 1841 ὑπὲρ
2318 1770 2429 1822 τῶν
2470 1758 2840 1839 ἀναιρούντων
2880 1771 3098 1834 αὐτούς.
3152 1773 3326 1841 Φησὶν
3354 1773 3408 1825 δὲ
3440 1773 3659 1840 καὶπερὶ

2144 1860 2399 1914 Ἰακώϐου
2422 1862 2515 1914 τοῦ
2536 1861 2769 1930 ἀδελφοῦ
2784 1856 3150 1927 Ἱωάννου,“ὀτι
3169 1862 3294 1915 ίδὼν
3312 1864 3474 1916 ἀὐτὸν
3494 1866 3659 1931 ἀπαγό-

2135 1969 2295 2021 μενον
2341 1952 2441 2022 τὴν
2483 1955 2576 2005 ἐπὶ
2614 1952 2867 2018 θάνατον,
2918 1954 2946 2005 6
2987 1957 3377 2024 κατηγορήσας
3402 1954 3552 2006 αὑτὸν
3581 1972 3658 2022 με·

2129 2045 2480 2114 ταμεληθεὶς,
2513 2044 2855 2114 προσέπεσεν
2887 2043 3056 2113 αὐτῷ,
3089 2044 3300 2111 λέγων·
3337 2044 3659 2114 Συγχώρησόν

462 2135 679 2189 cium."
704 2155 724 2187 ι
771 2135 984 2204 1218
1002 2136 1067 2188 Et
1094 2135 1210 2189 lucc
1249 2135 1473 2203 quidem
1508 2144 1667 2188 vetus
1714 2133 1805 2186 illa
1834 2134 1941 2199 lex,
1970 2139 2031 2186 ut

2135 2150 2245 2201 μοι.
2287 2134 2345 2185 ’0
2374 2132 2430 2185 δὲ
2487 2128 2727 2201 ἐπισχὼν
2756 2132 2973 2202 μικρὸν,
3004 2128 3190 2184 εἶπενο
3227 2134 3428 2205 Εἰρήνη
3461 2151 3552 2185 σοι·
3585 2134 3660 2186 καὶ

462 2240 584 2295 qua:
617 2227 941 2295 imperfecta
976 2234 1116 2287 erat,
1151 2242 1276 2280 cum
1327 2225 1573 2280 nondum
1607 2225 1811 2279 adultis
1842 2234 1898 2279 et
1925 2241 2031 2294 pu-

2134 2223 2497 2291 κατεφίλησεν
2549 2222 2735 2279 αὐτόν.
2796 2224 2856 2275 Ὀ
2905 2222 2962 2274 δὲ
3012 2223 3217 2287 εὐθέως
3278 2227 3427 2294 φωνῇ
3480 2224 3660 2294 μεγάλῃ

460 2316 713 2377 sionibus
741 2316 964 2370 adeum
1000 2315 1221 2371 modum
1264 2317 1486 2373 texebat
1516 2331 1841 2381 sermones;
1869 2314 2031 2371 Chri-

2134 2314 2455 2382 Χριστιανὸν
2480 2310 2669 2365 ἑαυτὸν
2692 2314 3078 2382 ἀνηγόρευσεν.
3105 2314 3215 2366 Kal
3236 2315 3661 2385 συγκατακριθεὶς

460 2409 532 2464 sti
582 2419 764 2463 autem
816 2409 900 2463 lex
952 2408 1193 2479 perfecta
1241 2423 1366 2462 cum
1422 2408 1515 2472 sit,
1551 2406 1810 2477 perlectis
1834 2407 1946 2477 jam
1975 2416 2031 2462 et

2134 2401 2208 2472 τῷ
2248 2399 2444 2459 ἑαυτοῦ
2492 2400 2952 2471 κατηγορηθέντι,
3004 2400 3104 2454 σὺν
3130 2401 3284 2473 αὐτῷ
3315 2404 3408 2455 τοῦ
3434 2402 3657 2473 βρασείου

460 2498 555 2567 qui
592 2500 887 2568 participes
934 2498 1062 2553 facti
1116 2506 1243 2553 sunt
1286 2497 1455 2553 solidi
1483 2497 1615 2561 cibi,
1648 2512 1745 2552 sua
1776 2498 2030 2568 praescri-

2134 2493 2228 2560 τῆς
2275 2491 2387 2545 ἀνω
2431 2491 2681 2561 κλήσεως
2724 2492 2934 2561 ἔτυχεν.
2987 2491 3158 2562 Φησὶν
3188 2492 3246 2545 δὲ
3283 2494 3377 2546 καὶ
3403 2495 3429 2545 6
3454 2492 3656 2562 Πέτρος·

464 773 745 826 hominum
785 771 1125 840 malignitate
1171 769 1427 836 allicitur,
1468 771 1608 824 v’itat
1654 780 1901 840 peccata,
1936 769 2031 825 sed

461 877 514 919 et
568 867 619 917 in
667 864 1025 917 tribulatione
1056 863 1197 916 nihil
1243 863 1522 932 disparem
1558 864 1895 917 nanciscitur
1922 863 2030 917 Do-

466 959 614 1009 mino
659 963 1017 1010 succurrente
1044 953 1448 1008 defensionem.
1481 952 1582 1018 Qui
1612 954 1889 1023 particeps
1913 953 2032 1007 effi-

463 1045 608 1098 citur
648 1051 851 1097 saneta:
881 1041 1238 1112 cognitionis,
1290 1036 1525 1111 plusque
1573 1042 1825 1097 mclleam
1865 1041 2034 1113 degu-

464 1135 627 1188 stavil
655 1133 1025 1197 dulcedinem,
1054 1147 1162 1199 non
1202 1132 1371 1186 debet
1408 1133 1454 1186 is
1479 1133 1777 1201 aliquando
1800 1133 1868 1188 de
1896 1142 2035 1204 quo-

464 1243 625 1295 quam
676 1226 1005 1280 scntentiam
1050 1224 1217 1288 ferre,
1258 1235 1353 1279 aut
1404 1226 1676 1279 actionem
1744 1226 2033 1280 intendere

467 1322 559 1374 ulli
608 1320 913 1377 hominum.
949 1319 1167 1373 tametsi
1206 1329 1335 1387 toga
1388 1327 1482 1372 aut
1526 1318 1695 1387 pallio
1740 1319 2029 1387 spolietur.

463 1413 634 1478 Quam
665 1412 814 1466 enim
855 1411 1094 1465 immane
1132 1417 1217 1464 est
1250 1410 1571 1470 discrimen,
1601 1403 1711 1479 quo
1742 1411 1885 1464 inter
1912 1426 2032 1466 sese

464 1503 737 1558 dissident
773 1512 829 1557 et
866 1501 961 1556 Dei
997 1510 1053 1555 et
1098 1500 1281 1555 saeculi
1322 1499 1486 1554 istius
1529 1500 1782 1554 alumni?
1810 1501 2033 1556 Mandat

463 1597 548 1650 lex
585 1612 598 1648 :
634 1594 789 1649 «Non
836 1593 1002 1648 facies
1039 1592 1295 1664 injuriam
1316 1592 1568 1662 proximo
1596 1593 1840 1647 tuo’M’.
1866 1613 1884 1643 ι
1921 1594 2029 1648 Et:

470 1684 629 1739 «Non
677 1682 914 1736 dormiet
966 1697 1176 1737 merces
1223 1681 1546 1736 mercenarii
1584 1681 1728 1750 apud
1767 1682 1883 1757 te‘.
1909 1679 2029 1736 Non

463 1775 765 1830 maledices
801 1774 991 1838 surdo,
1027 1783 1082 1828 et
1110 1787 1295 1828 coram
1330 1787 1477 1828 caeco
1507 1787 1617 1825 non
1656 1787 1827 1841 pones
1851 1772 2029 1826 offen-

464 1868 769 1922 diculum’.
801 1885 818 1916 ι
858 1866 1240 1919 Paraamiastes
1270 1878 1284 1915 :
1320 1884 1337 1915 ι
1358 1865 1475 1918 Non
1505 1863 1674 1918 facias
1710 1854 2028 1916 violentiam

463 1957 712 2026 pauperi,
747 1970 955 2025 pauper
981 1956 1129 2026 enim
1169 1963 1273 2017 est,
1309 1969 1491 2023 neque
1531 1953 1832 2007 inhonores
1879 1953 2035 2006 infir-

464 2061 611 2101 mum
658 2047 711 2099 in
766 2046 985 2110 portis:
1019 2043 1286 2098 Dominus
1356 2044 1503 2098 enim
1555 2043 1828 2113 judicabit
1881 2041 2031 2112 judi-

462 2590 546 2647 bit
576 2591 851 2645 mandata.
896 2590 988 2644 Ait
1024 2592 1173 2645 enim
1216 2590 1524 2645 Dominus:
1562 2588 1765 2645 «Orate
1812 2604 1911 2659 pro
1939 2605 2030 2643 ca-

462 2680 863 2739 lumniantibus
888 2696 985 2734 vos
1020 2690 1079 2735 et
1112 2679 1573 2749 persequentibus
1595 2680 1635 2733 ⁸.
1663 2697 1681 2729 ι
1714 2680 1827 2735 Hoc
1847 2680 2031 2749 exple-

463 2779 667 2826 verunt
701 2779 1034 2841 prmeeptum
1078 2770 1239 2825 initio
1269 2770 1398 2826 fidei
1434 2771 1779 2825 coruscantis
1802 2769 1880 2825 illi
1907 2786 2030 2840 ger-

2136 2603 2155 2635 ι
2197 2585 2353 2637 Ποῖον
2392 2583 2545 2648 κλέος
2593 2584 2645 2636 οἱ
2684 2585 3094 2655 ἁμαρτάνοντες
3142 2586 3239 2639 καὶ
3283 2586 3657 2655 κολαφιζόμενοι

2131 2676 2488 2745 ὑπομενεῖτες
2543 2675 2659 2729 ἀλλ’
2694 2678 2743 2728 εί
2775 2676 3237 2759 ἀγαθοποιοῦντες
3271 2679 3367 2730 καὶ
3393 2677 3657 2747 πάσχοντες

2130 2766 2451 2836 ὑπομενεῖτε
2469 2806 2484 2830 ,
2542 2766 2629 2818 ἵνα
2674 2766 2731 2819 ὲν
2757 2759 2801 2833 ᾧ
2838 2766 3237 2823 καταλαλοῦσιν
3248 2768 3401 2839 ὑμῶν
3428 2769 3500 2831 ὡς
3521 2786 3655 2823 κακο-

463 2875 624 2915 mane
673 2860 879 2915 Christi
936 2860 1215 2931 discipuli,
1269 2859 1584 2931 Stephanus
1634 2871 1690 2916 et
1729 2862 1969 2916 Iacobus
2012 2901 2026 2915 .

2134 2857 2299 2937 ποιῶν
2319 2855 2788 2927 καταισχυνθῶσιν
2808 2857 2857 2909 οἱ
2872 2857 3277 2927 ἐπηρεάζοντες
3293 2859 3393 2930 τὴν
3408 2855 3656 2929 ὲνΧριστῷ

464 2950 557 3004 Ille
591 2950 813 3019 quidem
848 2953 1185 3031 creberrimo
1220 2954 1467 3025 lapidum
1508 2956 1656 3025 jactu
1703 2951 2024 3018 adobrutus,

2134 2946 2302 3017 ἁγνὴν
2332 2947 2681 3015 ἀναστροφὴν
2707 2945 2918 3015 ὑμῶν.»
2956 2946 3067 2999 Καὶ
3096 2948 3327 3014 ἐπάγειο
3364 2965 3384 2999 ι
3409 2945 3547 3001 Οἶδεν
3568 2946 3656 2999 liui-

464 3041 552 3096 hic
588 3056 740 3103 vero,
768 3043 1071 3113 praecipitio
1099 3045 1336 3100 traditus
1356 3045 1506 3109 neci,
1530 3054 1762 3115 uterque
1786 3060 1887 3114 pro
1912 3045 2029 3100 suis

2134 3055 2247 3109 ριος
2293 3038 2538 3103 εὐσεϐεῖς
2587 3040 2653 3092 ὲκ
2694 3038 3014 3109 πειρασμῶν
3046 3039 3350 3111 ῥύσασθαι,
3389 3041 3585 3103 ἀδίκους
3610 3038 3655 3092 δδ

464 3130 917 3188 interfectoribus
992 3150 1186 3203 preces
1244 3134 1447 3189 fudit‘.
1492 3136 1566 3192 De
1616 3132 1824 3192 Jacobo
1877 3139 2024 3192 enim

2134 3132 2206 3193 είς
2254 3129 2469 3200 ἡμέραν
2518 3131 2754 3199 κρίσεως
2812 3129 3211 3199 κολαζομένους
3259 3133 3467 3201 τηρεῖν.
3503 3150 3519 3182 ι
3570 3128 3656 3181 Καὶ

459 3220 694 3281 Joannis
740 3220 912 3276 fratre
966 3223 1246 3276 memoria:
1301 3224 1580 3292 proditum
1637 3235 1743 3285 est.
1792 3226 1940 3294 quod
1982 3227 2028 3280 is

2134 3224 2154 3275 ᾗ
2183 3221 2350 3274 Δαυῖδ
2372 3236 2386 3250 ·
2426 3240 2444 3271 ι
2478 3218 2743 3273 Ποιοῦντα
2768 3223 2941 3291 κρῖμα
2965 3223 3078 3283 τοῖς
3101 3221 3498 3291 ἀδικουμένοις,
3520 3220 3656 3273 διδόν·

460 3313 621 3383 cujus
655 3312 921 3377 dilatione
974 3312 1156 3369 fuerat
1197 3314 1581 3380 denuntiatus,
1629 3332 1756 3391 cum
1800 3315 2028 3371 vidisset

2134 3328 2193 3364 τα
2227 3309 2426 3381 τροφὴν
2456 3311 2568 3373 τοῖς
2599 3309 2873 3364 πεινῶσιν.
2901 3329 2919 3361 ι
2959 3311 3057 3365 Διά
3082 3310 3243 3365 τοῦτο
3273 3313 3426 3378 κάγώ
3445 3330 3457 3342 ·
3508 3330 3525 3361 ι
3546 3310 3656 3363 Ἄδι-

459 3401 728 3463 Jacobum
768 3403 883 3473 rapi
922 3404 990 3458 ad
1029 3413 1287 3472 mortem,
1322 3405 1526 3460 ductus
1558 3407 1905 3477 poenitentia,
1935 3423 2028 3477 pe-

2134 3401 2248 3456 κίαν
2296 3402 2536 3471 ἐμίσησα
2586 3402 2682 3453 καὶ
2724 3400 3094 3471 ἐδδελυξάμην
3116 3441 3131 3462 ,
3186 3403 3281 3455 τὸν
3313 3402 3369 3455 δὲ
3402 3403 3553 3472 νόμον
3581 3416 3655 3451 σου

458 3493 628 3550 dibus
654 3495 892 3564 procidit
917 3496 1090 3560 beati,
1119 3496 1310 3553 dicens
1337 3516 1350 3551 :
1377 3497 1605 3568 lndulge
1636 3498 1792 3553 mihi.
1828 3498 2027 3553 Beatus

2134 3496 2405 3567 ἠγάπησα.
2443 3515 2460 3548 ι
2520 3496 2627 3548 Καὶ
2676 3496 2886 3565 ἐπειδὴ.
2924 3497 3189 3559 Δέσποτα,
3229 3498 3298 3567 σὴ
3324 3497 3507 3565 ἐντολή
3536 3498 3655 3547 ἐστιν

458 3594 595 3635 vero
623 3582 966 3652 aliquantum
1003 3585 1234 3639 merula:
1261 3585 1536 3651 restitans,
1564 3586 1848 3656 respondit
1878 3606 1889 3639 :
1916 3587 2023 3645 Pax

2134 3585 2447 3651 ἀδικεῖσθαι,
2480 3584 2576 3637 καὶ
2610 3584 2686 3654 μὴ
2711 3584 2946 3638 ἀδικεῖν·
2979 3585 3405 3641 ἀνταπεδίδοσάν
3429 3603 3513 3656 μοι
3537 3584 3655 3641 κακὰ

460 3671 600 3737 tibi;
640 3671 748 3726 hoc
780 3671 951 3737 dicto,
981 3674 1038 3728 in
1090 3673 1243 3728 illius
1273 3676 1560 3745 amplexus
1589 3676 1704 3730 ruit
1733 3685 1790 3731 et
1815 3676 2023 3731 oscula.

2134 3678 2246 3733 ἀντὶ
2287 3675 2531 3745 ἀγαθῶν.
2588 3674 2733 3744 Ἐγὼ
2761 3675 2819 3729 δὲ
2851 3676 3283 3747 πμσηυχὸμην,
3331 3678 3360 3730 6
3386 3675 3515 3738 Θεός
3550 3690 3651 3743 μου,

458 3762 653 3819 Atille
696 3779 831 3821 voce
874 3773 1060 3835 exerta
1103 3764 1479 3822 Christianum
1512 3783 1572 3825 se
1598 3784 1722 3824 esse
1744 3768 2028 3839 profedsus

2134 3767 2289 3840 ῥῦσαί
2320 3785 2387 3839 με
2418 3770 2481 3820 ὲκ
2505 3767 2686 3837 χειρὸς
2709 3766 3156 3837 παρανομοῦντος
3184 3767 3280 3820 καὶ
3311 3766 3612 3826 ἀδικοῦντος.
3633 3780 3648 3811 ι

456 3858 568 3916 est,
623 3852 787 3923 eique
842 3864 1249 3919 annumeratus
1285 3865 1391 3920 est,
1423 3872 1587 3926 quem
1629 3857 1931 3922 incusarat,
1969 3869 2028 3914 et

2136 3860 2194 3914 '0
2218 3858 2277 3914 δὲ
2304 3858 2514 3921 Παῦλος
2531 3875 2548 3891 υ
2590 3876 2610 3909 ι
2639 3857 2740 3911 Διά
2770 3857 2824 3910 τί
2857 3858 2982 3927 οὐχὶ
3011 3856 3213 3926 μᾶλλον
3238 3856 3537 3921 ἀδικεῖσθε;
3560 3848 3651 3907 ἀλλ’

458 3939 707 3997 braviqu
760 3958 893 3997 cum
942 3943 1035 3998 illo
1074 3955 1363 4001 assecutus
1401 3961 1653 4015 superna
1697 3947 2028 4004 vocationis'

2134 3951 2284 4020 ῦμεῐς
2303 3949 2561 4013 ἀδικεῖτε,
2578 3948 2681 4007 καὶ
2699 3949 3080 4019 ἀποστερεῖτε⁹
3104 3948 3394 4004 καὶταῦτα
3407 3944 3648 4017 ἀδελφούς.

456 4028 549 4084 Ait
574 4040 759 4086 autem
793 4042 851 4086 et
877 4032 1119 4089 Petrus:
1154 4053 1171 4084 ι
1200 4033 1333 4100 Quae
1360 4036 1507 4091 enim
1533 4037 1704 4107 gloria
1747 4037 1791 4092 si
1834 4053 2027 4107 pecca-

2134 4041 2197 4097 'ﬂ
2226 4041 2346 4095 ὀὐκ
2393 4040 2573 4097 οῐδατε
2628 4043 2711 4096 ὅτι
2760 4041 2940 4101 ἀδικοι
2990 4039 3271 4110 βασιλείαν
3303 4044 3438 4097 Θεοῦ
3470 4042 3527 4095 οὐ
3548 4039 3646 4107 κλη-

458 4119 629 4183 ιὶδιει
680 4120 1015 4199 colaphizati
1063 4121 1343 4178 sufi‘ertis?
1390 4124 1496 4180 Sed
1541 4127 1589 4181 si
1622 4127 2025 4184 benefacientes

2134 4134 2583 4204 ρονομήσουσιν;ι
2610 4134 2725 4188 Καὶ
2750 4134 2806 4186 ὲν
2826 4132 3026 4197 ἄλλοις·
3059 4154 3077 4185 ι
3101 4128 3648 4202 ’Δδελφοὶ,ἀναμιμνήο

456 4213 729 4280 patienter
766 4214 1079 4282 sustinetis,
1129 4215 1248 4272 haec
1289 4225 1374 4271 est
1415 4218 1590 4288 gratia
1635 4219 1781 4289 apud
1812 4220 2020 4285 Deum;

2134 4224 2286 4277 ιιεσθε
2340 4225 2440 4287 τὰς
2484 4225 2752 4299 πρότερον
2790 4227 3009 4296 ἡμέρας
3059 4228 3117 4277 ἐν
3160 4219 3253 4288 αἷς
3296 4223 3646 4293 φωτισθέντες,

455 4312 519 4358 ιιι
561 4302 616 4357 in
665 4321 733 4359 eo
775 4305 922 4374 quod
984 4306 1302 4365 detractant
1330 4308 1399 4363 de
1442 4307 1603 4365 vobis
1649 4322 1907 4381 tanquam
1954 4312 2022 4367 de

2134 4315 2325 4386 πολλὴν
2362 4312 2589 4387 ἄθλησιν
2634 4315 2964 4384 ὑπεμείνατε
2992 4315 3363 4385 παθημάτωνο
3401 4313 3549 4369 τοῦτο
3571 4308 3648 4379 μὲν

454 4393 924 4455 maleiactoribus.
946 4398 1357 4467 suppudescant
1379 4400 1483 4470 qui
1496 4401 1902 4457 calumniantur
1920 4418 2019 4457 ve-

2134 4382 2447 4476 5νειδι-σμοῖς
2474 4382 2536 4460 τε
2569 4408 2665 4465 καὶ
2692 4382 2936 4476 θλίψεσιν
2968 4382 3417 4478 θεατριζόμενοι,
3449 4398 3648 4458 τοῦτοᾶ

451 4492 627 4539 stram
671 4487 726 4543 in
772 4482 994 4543 Christo
1033 4498 1276 4544 sanctam
1318 4493 1794 4549 conversationem
1813 4494 1854 4547 ⁸.
1880 4513 1898 4545 ι
1931 4495 2021 4550 ln-

2134 4497 2371 4552 κοινωνοὶ
2419 4497 2529 4550 τῶν
2556 4495 2746 4562 οὕτως
2774 4497 3266 4567 ἀναστρεφομένων
3288 4496 3603 4566 γενηθέντες.
3629 4506 3643 4538 ι

453 4574 654 4631 ducit:
691 4579 889 4633 «Novit
935 4580 1084 4634 enim
1125 4581 1392 4638 Dominus
1439 4583 1561 4652 pios
1605 4583 1675 4639 de
1716 4585 2017 4642 tentatione

2134 4589 2289 4656 Λέγει
2312 4588 2369 4641 δὲ
2399 4589 2427 4642 6
2450 4585 2692 4656 Κύριοςο
2748 4605 2766 4639 ι
2801 4587 2927 4640 Ἐάν
2953 4588 3038 4649 τίς
3072 4604 3133 4640 σε
3156 4587 3478 4658 ἀγγαρεύσει
3508 4582 3650 4654 μίλιον

450 4666 694 4736 eripere,
721 4669 937 4738 iniquos
974 4680 1157 4727 autem
1206 4672 1261 4725 in
1302 4671 2017 4742 diem.judiciicruciandos

2134 4679 2203 4742 ἒν,
2237 4677 2416 4746 ῦπαγε
2450 4679 2568 4746 μετ’
2589 4678 2754 4731 αὐτοῦ
2783 4677 2896 4741 δύο,
2926 4679 3024 4731 καὶ
3051 4677 3131 4748 τῷ
3152 4678 3363 4732 θέλοντί
3388 4694 3469 4730 σοι
3489 4669 3650 4743 κριθῆ-

449 4770 674 4809 servare
695 4757 735 4810 ⁷.
757 4775 774 4811 ι
804 4757 974 4811 David
996 4776 1014 4811 ιε
1038 4776 1055 4809 ι
1078 4758 1182 4825 Qui
1205 4758 1336 4813 facit
1347 4759 1615 4829 judicium
1634 4762 1891 4831 injuriam
1915 4778 2013 4831 pa-

2134 4786 2241 4833 ναι,
2277 4770 2373 4823 καὶ
2403 4769 2491 4821 τὸν
2517 4769 2726 4837 χιτῶνά
2752 4786 2848 4823 σου
2878 4768 3067 4822 λασεῖν
3086 4809 3101 4831 ,
3159 4768 3296 4839 ἄφες
3325 4767 3475 4839 αὑτῷ
3500 4764 3583 4819 καὶ
3602 4758 3650 4815 τδ

453 4846 741 4910 tientibus.
771 4849 864 4917 qui
908 4849 1002 4904 dat
1033 4865 1215 4904 escam
1257 4851 1635 4908 esurientibus
1652 4854 1733 4905 ⁸.»
1788 4854 2018 4923 Propter

2134 4861 2345 4931 ἱμάτιόν
2386 4876 2514 4914 σουο
2569 4860 2666 4913 καὶ
2712 4860 2795 4933 τῷ
2831 4860 3091 4914 τύπτοντί
3133 4877 3194 4914 σε
3248 4860 3344 4913 επὶ
3378 4860 3479 4927 τὴν
3502 4852 3651 4917 δεξιὰν

452 4936 560 4993 hoc
590 4946 648 5001 et
682 4953 782 5009 ego
809 4954 824 4991 :
861 4939 1242 5009 «lniquitatem
1262 4941 1391 4997 odio
1414 4942 1603 5006 habui,
1631 4943 1805 5013 legem
1835 4953 2018 4999 autem

2134 4952 2379 5019 σιαγόνα,
2419 4953 2628 5022 πάρεχε
2656 4953 2751 5005 καὶ
2776 4950 2876 5021 τὴν
2903 4951 3090 5022 ἀλλην.
3127 4943 3406 5019 Μακάριοι
3430 4947 3533 5017 γάρ
3551 4948 3648 4997 ἐστε

451 5028 621 5084 dilexi
644 5031 685 5082 τ’.
714 5049 732 5079 ι
775 5029 894 5086 lam
943 5030 1168 5099 quando
1226 5030 1543 5086 mandatum
1596 5041 1752 5087 tuum
1806 5043 1911 5098 est,
1957 5042 2020 5088 ut

2134 5043 2251 5096 Ξταν
2280 5043 2585 5113 μισήσωσιν
2615 5042 2760 5112 ὑμᾶς
2793 5044 2843 5093 οἱ
2877 5041 3155 5112 ἅνθρωποι
3180 5081 3194 5102 ,
3230 5042 3324 5094 καὶ
3351 5038 3650 5108 ἀφορίσωσιν

452 5120 658 5174 illatam
695 5122 950 5190 iniuriam
987 5121 1209 5175 fortiter
1232 5121 1436 5184 ferens,
1475 5123 1679 5177 nemini
1721 5125 1825 5179 sint
1872 5125 2019 5195 inju-

2134 5132 2308 5185 ἕνεκεν
2337 5132 2430 5186 τοῦ
2459 5132 2591 5185 Υἰοῦ
2620 5131 2712 5184 τοῦ
2740 5131 3031 5201 ἀνθρώπου
3051 5148 3066 5162 ·
3119 5132 3360 5203 χαίρετε,
3395 5128 3485 5183 καὶ
3512 5123 3652 5193 ἀγαλ-

452 5218 605 5282 rius,
659 5217 749 5272 isti
819 5214 1186 5271 reddiderunt
1242 5219 1381 5270 mala
1433 5232 1534 5286 pro
1566 5215 1808 5291 bonis".
1863 5217 2018 5286 «Ego

2134 5222 2331 5284 ltc‘ine,
2369 5223 2451 5275 ὅτι
2483 5225 2511 5276 6
2543 5223 2734 5292 μισθὸς
2761 5222 2917 5291 ὑμῶν
2947 5222 3113 5284 πολὺς
3143 5224 3197 5274 ὲν
3225 5224 3337 5283 τοῖς
3363 5218 3613 5288 οὐρανοῖς.
3632 5229 3647 5259 ι

450 5322 631 5366 autem
664 5310 907 5370 orabam,
939 5310 1083 5364 Deus
1106 5325 1283 5374 meus,
1306 5309 1457 5380 eripe
1493 5325 1580 5364 me
1603 5308 1671 5364 de
1698 5324 1859 5363 manu
1890 5324 2022 5364 con-

2134 5313 2282 5382 Αὐτῷ
2311 5314 2349 5382 ἡ
2372 5311 2497 5378 δόξα
2528 5315 2605 5375 εἰς
2630 5315 2756 5375 τοὺς
2782 5312 3005 5375 αἰῶνας.
3042 5313 3232 5383 Ἀμήν.

453 5414 535 5460 tra
567 5406 741 5477 legem
776 5405 989 5476 agentis
1020 5413 1075 5459 et
1107 5403 1282 5473 iniqui
1307 5406 1371 5458 “.
1401 5423 1418 5454 ›
1464 5404 1668 5459 Paulus
1709 5403 1839 5458 item
1871 5420 1885 5456 :
1912 5424 1929 5455 ι
1953 5404 2022 5460 Ut
2058 5406 2186 5475 quid
2223 5422 2334 5460 non
2372 5405 2544 5476 magis
2603 5405 2861 5476 injuriam
2923 5407 3209 5477 patimini?
3239 5404 3343 5460 Sed
3376 5418 3473 5458 vos
3502 5397 3653 5456 facitis

548 5545 668 5614 "gf?
700 5546 869 5600 Exod.
906 5562 992 5603 xx.
1028 5545 1116 5599 16.
1245 5547 1258 5576 ¹
1293 5544 1466 5599 Levit.
1494 5562 1603 5608 xix,
1642 5546 1729 5600 i3.
1830 5548 1849 5577 ²
1874 5547 2007 5601 ibid.

2134 5592 2140 5604 .
2216 5550 2257 5579 "
2295 5549 2455 5603 Prov.
2489 5565 2617 5610 xm.
2657 5550 2746 5614 22,
2777 5550 2865 5605 25.
2970 5551 2991 5583 ³
3016 5549 3204 5604 Matth.
3234 5566 3284 5612 ν,
3329 5548 3420 5601 44.
3516 5544 3651 5614 ‘Act.

455 5627 551 5673 vu,
596 5610 665 5687 58
769 5685 778 5687 _
816 5618 859 5687 ῤ’
888 5617 1025 5669 Vide
1084 5614 1405 5687 Eusebium,
1462 5616 1737 5687 c.79,7lib.
1768 5616 2026 5672 “Eccl.”

2231 5620 2251 5650 ⁸
2276 5619 2294 5672 Ι
2319 5618 2467 5673 Petr.
2504 5635 2561 5686 ιι,
2591 5620 2692 5686 20;
2722 5610 2800 5687 tu,
2837 5620 2924 5677 16.
2998 5621 3019 5653 ⁷
3040 5616 3085 5675 ll
3109 5610 3336 5685 Petti],
3357 5616 3392 5671 9
3485 5616 3504 5648 ⁸
3533 5610 3652 5669 Psal.

452 5695 605 5747 cur,
640 5686 692 5738 7.
765 5685 785 5718 ’
814 5685 953 5743 Psal.
986 5701 1165 5751 cxvm,
1214 5684 1334 5745 115.
1441 5686 1483 5720 ιο
1513 5686 1654 5742 Psal.
1687 5686 1959 5752 xxxer‘Z.

2134 5688 2245 5743 ’sal.
2278 5704 2401 5755 ιη,
2426 5689 2478 5743 4.
