3918 6106
335 305 464 372 179Ὶ
1043 308 1374 370 HOMILIA
1410 309 1639 370 CXV’I'I.
1674 308 1861 371 *ΒΕ
1899 307 2359 371 GRATIARUM
2396 306 2742 373 ACTIONE.
3435 304 3571 373 1793

326 418 583 489 iniuriam
636 425 693 473 et
734 414 1031 480 fraudatis;
1065 425 1124 473 et
1165 418 1271 473 hoc
1322 418 1623 474 fratribus..
1657 418 1737 472 An
1787 432 1895 472 non
1935 417 2092 473 scitis
2112 418 2241 488 quia
2266 416 2441 486 iniqui
2480 432 2707 487 regnum
2747 416 2840 471 Dei
2881 430 2988 470 non
3029 424 3441 485 consequentur
3464 414 3564 472 “7i

327 512 454 568 Alio
484 513 614 568 item
639 513 801 567 loco:
838 530 857 562 ι
887 511 1362 569 Rcmemoramini
1402 516 1670 585 pristinos
1686 514 1823 569 dies
1846 536 1859 549 ι
1886 514 1940 568 in
1977 513 2182 585 quibus
2219 513 2511 568 illuminati
2567 527 2823 583 magnum
2902 520 3181 568 certamen
3234 512 3577 569 sustinuistis

322 605 680 672 passionum;
722 605 779 659 in
824 605 1002 660 altero
1027 606 1254 676 quidem
1289 607 1603 678 opprobriis
1657 617 1715 663 et
1744 608 2194 664 tribulationibus
2220 607 2592 677 spectaculum
2650 605 2800 672 facti,
2873 605 2928 659 in
2995 607 3174 662 altero
3207 616 3392 662 autem
3440 604 3576 663 socii

327 692 514 751 taliter
558 697 1005 753 conversantium
1060 697 1368 753 eﬂhcti".i
1429 700 1571 754 Dicit
1615 707 1801 755 autem
1835 708 1892 756 et
1965 701 2279 755 Dominus:
2319 699 2413 755 «Si
2448 700 2572 769 quis
2610 699 2979 770 angariaverit
3010 705 3061 754 te
3096 700 3332 777 milliare
3377 716 3573 762 unum,

318 785 467 841 vade
495 802 619 842 cum
647 799 716 840 eo
738 794 795 841 et
827 785 978 852 duo;
1009 795 1068 842 et
1089 788 1140 843 ei
1162 789 1264 859 qui
1296 790 1417 843 vult
1453 799 1635 843 tecum
1669 789 1724 843 in
1762 788 1974 861 judich
2013 788 2378 852 contendere,
2406 797 2463 842 ct
2485 789 2725 842 tunicam
2761 797 2911 841 tuam
2941 787 3159 851 tollere,
3191 788 3408 844 dimitte
3439 790 3489 846 ei
3521 800 3578 846 et

320 879 559 947 pallium
592 887 787 942 tuum;
827 878 872 931 si
909 877 1037 947 quis
1082 887 1136 933 te
1172 880 1513 949 percusserit
1548 880 1603 937 in
1631 879 1909 937 dexteram
1948 878 2249 944 maxillam,
2276 879 2459 949 praebe
2492 878 2541 933 ei
2600 886 2656 933 et
2676 878 2876 944 aliam;
2906 878 3053 933 beati
3082 879 3228 934 enim
3261 881 3419 937 eritis
3451 898 3573 938 cum

314 969 556 1026 oderint
605 983 706 1021 vos
758 967 1034 1031 homines,
1064 979 1121 1024 et
1154 972 1536 1039 separaverint
1564 977 1796 1041 propter
1822 968 2020 1023 Filium
2063 969 2331 1031 hominis;
2407 966 2678 1037 gaudete,
2711 965 2841 1035 quia
2882 980 3097 1022 merces
3155 978 3337 1024 vestra
3405 972 3575 1026 multa

316 1069 413 1116 est
442 1062 501 1115 in
526 1058 890 1129 cmlis“.o‘lpsi
921 1059 1096 1129 gloria
1125 1059 1182 1112 in
1205 1059 1427 1113 sarcula.
1450 1060 1650 1114 Amen.
2011 1077 2014 1080 ’
3428 1050 3443 1055 ”
3506 1042 3518 1054 ’
3599 1052 3610 1062 ’

929 1173 1317 1226 ΑυΓοΣοΡῐΖο.
1858 1136 1863 1141 ’
1932 1148 1977 1201 Α

829 1276 968 1351 Περὶ
997 1283 1406 1357 εὐχαριστίας.

366 1372 514 1455 ’.Τοῦ
543 1400 602 1452 ὲν
636 1378 799 1451 παντὶ
824 1396 1173 1467 εὐχαριστεῖν
1222 1394 1500 1463 ὀφειλέται
1537 1393 1723 1462 ἐσμὲν,
1764 1393 1908 1445 κατὰ

260 1500 267 1505 ⁷
320 1493 422 1546 τὸν
461 1489 804 1547 Ἀπόστοὶον,
833 1488 944 1541 εἴτε
961 1484 1445 1557 παρακαλούμεθα,
1466 1486 1576 1537 εἴτε
1589 1482 1906 1552 θλιϐόμεθα.

331 1583 400 1637 ’0
433 1582 545 1651 γὰρ
575 1562 881 1648 προνοητὴς
910 1577 1019 1630 τῶν
1033 1575 1224 1647 ψυχῶν
1252 1574 1409 1647 ἡμῶν
1428 1574 1773 1645 ιΚύριος,τὰ;
1793 1574 1907 1626 θλί-

319 1675 462 1746 ψεις
498 1673 639 1742 ὑπὲρ
676 1672 772 1723 τοῦ
809 1671 1185 1740 συμφέροντος
1213 1669 1435 1735 ἐπάγει,
1462 1666 1539 1729 ὡς
1569 1667 1791 1735 ἄριστος
1824 1668 1905 1718 ία-

320 1765 499 1834 τρόςο
529 1766 625 1818 καὶ
650 1765 775 1827 τοὺς
798 1762 1014 1832 δριμεῖς
1043 1758 1365 1830 καυστῆρας
1413 1759 1551 1829 πρὸς
1585 1758 1646 1810 τὸ
1694 1758 1908 1826 νόσημα

323 1852 663 1928 προσφέρει,
702 1854 790 1907 ἵνα
827 1853 1013 1923 ἄρτιος
1052 1850 1336 1921 γένηταιὸ
1367 1849 1680 1920 ἄνθρωπος’
1702 1849 1810 1917 ,καὶ
1834 1849 1908 1909 ὡς

324 1947 691 2025 φιλόστοργος
722 1946 930 2015 πατὴρ,
984 1945 1112 1996 ὅταν
1138 1945 1237 2012 μὲν
1271 1930 1375 2013 ὁρᾷ
1424 1942 1517 1995 τὸν
1549 1939 1747 1994 ἑαυτοῦ
1793 1941 1910 1995 υἱὸν

322 2038 696 2100 ἀτακτοῦντα,
739 2036 983 2090 παιδεύει
1008 2051 1020 2063 °
1057 2035 1184 2087 ὅταν
1207 2034 1264 2086 δὲ
1311 2033 1397 2103 ἴδῃ
1430 2032 1815 2102 ὀλιγωροῦντα,
1872 2032 1904 2101 ἢ

323 2128 731 2201 δυσῴοροῦντα,
759 2126 1066 2199 παρακαλεῖ
1090 2142 1105 2156 ·
1147 2124 1343 2188 οὕτως.
1367 2126 1514 2177 ποιεῖ
1539 2125 1673 2194 ἡμῖν
1705 2123 1908 2188 ἀγαθὸς

324 2221 495 2292 ἡμῶν
529 2219 802 2290 Δεσπότης
825 2219 920 2272 καὶ
953 2218 1165 2288 Πατὴρ,
1228 2216 1408 2269 πάντα
1443 2215 1581 2283 πρὸς
1610 2214 1672 2267 τὸ
1699 2215 1905 2283 συμφέ-

324 2329 432 2383 ρον
466 2313 596 2382 ἡμῖν
624 2310 876 2381 ἐπιφέρει
898 2324 909 2337 ·
942 2309 1056 2361 εἴτε
1095 2307 1466 2378 παράκλησιν,
1498 2307 1609 2358 εἴτε
1637 2305 1904 2364 παιδείαν,

326 2402 411 2465 ὡς
442 2400 776 2470 φιλότεκνος.
809 2400 1001 2469 Ἡμεῖς
1057 2393 1150 2452 οὖν
1191 2399 1249 2449 ὲν
1279 2399 1398 2460 ταῖς
1435 2396 1679 2464 θλίψεσιν
1725 2395 1906 2449 πλεῖον

2413 1166 2628 1236 1219
2665 1165 2947 1223 llOMlLlA
2988 1169 3191 1226 CXVII.

2463 1278 2533 1331 De
2559 1280 2859 1350 gratiarum
2894 1283 3115 1335 actione.

2078 1374 2205 1442 Sive
2245 1388 2346 1457 ipsi
2382 1390 2755 1454 consolamur,
2783 1392 2898 1445 sive
2930 1392 3152 1449 alliictat
3175 1409 3276 1450 nos
3307 1374 3577 1467 quaepiam

2008 1479 2317 1541 tribulatio,
2374 1489 2431 1534 et
2478 1496 2812 1549 quocunque
2880 1483 2933 1537 in
2995 1493 3138 1538 statu
3201 1488 3574 1557 consistimus,

2003 1569 2156 1640 iuxta
2184 1572 2537 1643 apostolicam
2570 1574 2924 1639 sententiam,
2957 1578 3263 1645 gratiarum
3301 1581 3574 1637 actionem

2008 1661 2274 1715 debemus
2312 1663 2617 1727 exsolvere.
2650 1662 3101 1735 DominuS'enim
3138 1668 3440 1722 animarum
3474 1685 3575 1724 no-

2008 1762 2246 1813 strarum
2302 1765 2528 1808 curator
2564 1754 3099 1823 providentissimus.
3144 1758 3373 1827 perinde
3412 1770 3577 1831 atque

2010 1861 2153 1901 unus
2187 1844 2389 1914 aliquis
2438 1846 2664 1899 medicae
2710 1845 2789 1899 rei
2830 1848 3362 1916 experientissimus,
3387 1861 3577 1905 nostro

2008 1937 2253 1993 omnium
2310 1938 2431 1990 usui
2496 1938 2789 1991 consulens
2849 1939 3577 2011 tribulationesintligit,,et

2009 2029 2366 2083 acrimoniam
2433 2031 2901 2099 asperitatemque
2946 2032 3158 2086 urentis
3209 2034 3439 2088 cauterii
3480 2035 3578 2089 ad-

2008 2135 2203 2174 versus
2235 2120 2633 2181 coalescentem
2666 2120 2921 2174 morbum
2952 2121 3227 2185 admovet,
3274 2121 3485 2192 integer
3514 2131 3577 2178 ut

2008 2210 2081 2263 sit
2106 2210 2269 2265 homo
2295 2218 2351 2263 et
2380 2209 2690 2263 incolumis.
2720 2210 2785 2264 Et
2818 2218 3071 2280 tanquam
3095 2212 3257 2265 Pater
3285 2211 3342 2265 in
3366 2212 3574 2266 liberos

2008 2301 2402 2370 pientissimus,
2450 2300 2493 2354 si
2540 2302 2764 2370 quando
2808 2302 3165 2370 perpenderit
3211 2317 3370 2357 suum
3401 2304 3575 2372 ipsius

2010 2392 2187 2448 tilium
2212 2390 2492 2462 quidpiam
2526 2392 2817 2463 designare
2838 2393 3108 2455 indecori,
3133 2395 3361 2464 castigat
3385 2394 3571 2448 illum:

327 2492 629 2561 δῳείλομεν
656 2491 1021 2561 εὐχαριστεῖν,
1048 2489 1124 2550 ὡς
1155 2488 1391 2558 γνήσιοι,
1422 2489 1515 2538 καὶ
1533 2486 1632 2555 οὐχ
1666 2485 1740 2547 ὡς
1758 2485 1902 2537 νόθοι

2007 2484 2152 2552 quod
2189 2485 2234 2537 si
2259 2483 2601 2553 perSpexerit
2623 2484 2915 2554 neglectim
2946 2484 3238 2540 admittere
3261 2486 3572 2555 correptio-

333 2585 469 2639 υἱοί.
510 2584 576 2639 Ei
600 2572 834 2654 Χριστὸς
861 2581 1137 2650 Δεσπότης
1171 2580 1293 2632 κατ’
1342 2578 1551 2643 οὐσίαν,
1584 2574 1680 2631 καὶ
1701 2578 1905 2631 Δεσπό-

330 2691 441 2744 της
473 2674 592 2726 κατ⁹
621 2671 951 2741 οἰκονομίαν.
988 2671 1135 2738 (Ὅτι
1172 2669 1266 2723 καὶ
1295 2668 1372 2738 μὴ
1429 2670 1587 2731 ὂντας
1630 2668 1906 2739 ἐποίησεν,

333 2766 436 2817 καὶ
464 2762 721 2825 θανόντας
748 2764 813 2831 τῇ
832 2761 1103 2832 ἁμαρτίᾳ,
1133 2760 1221 2833 διὰ
1244 2759 1340 2812 τοῦ
1369 2759 1500 2812 ίδίου
1527 2759 1760 2828 αἵματος
1800 2759 1908 2822 ,ἐξ-

334 2849 660 2923 ηγόρασεν.)
694 2852 882 2919 Ἡμεῖς
916 2849 973 2904 δὲ
1005 2851 1055 2903 oi
1086 2849 1522 2921 ἀχρεῖοιδοῦλοι,
1549 2850 1710 2903 ποίαν
1741 2850 1907 2919 εὐχα-

336 2942 559 3013 ριστίαν
610 2942 886 3010 δυνάμεθα
937 2941 1087 3011 αὐτῷ
1137 2940 1448 3018 αποδοῦναι,
1494 2941 1617 2993 ἐπεὶ
1660 2936 1756 2993 ἐὰν
1787 2944 1908 3003 ταῖς

333 3033 663 3104 εὐημερίαις
681 3032 840 3102 μόνον
858 3032 1295 3102 εὐχαριστῶμεν,
1341 3031 1516 3102 ὅμοιοι
1537 3032 1907 3102 εὑρισκόμεθα

332 3129 454 3189 τοῖς
479 3124 796 3196 ἀχαρίστοις
829 3122 1139 3186 Ἰουδαίοις·
1178 3120 1400 3187 οἵτινες,
1434 3123 1565 3176 ὅταν
1603 3124 1702 3192 μὲν
1732 3122 1905 3192 ἐτρω-

332 3232 439 3283 γον
470 3216 528 3271 ὲν
576 3212 872 3285 τῇέρήμῳ
921 3210 1468 3280 θαυματουργοῦντος
1520 3209 1613 3263 τοῦ
1675 3209 1903 3278 Κυρίου,

335 3304 533 3372 ελεγον
562 3318 577 3333 ⁸
620 3320 641 3355 ι
677 3296 845 3364 Οὗτός
892 3288 1039 3356 ἐστιν
1065 3298 1282 3369 ἀληθῶς
1335 3304 1364 3354 ὁ
1400 3302 1704 3369 προφήτης,
1757 3318 1777 3351 ι
1811 3300 1907 3352 καὶ

333 3393 532 3468 ἧθελον
566 3392 727 3446 αὐτὸν
756 3391 1024 3462 ἁρπάσαι,
1083 3392 1178 3445 καὶ
1210 3390 1435 3458 ποιῆσαι
1455 3390 1700 3458 βασιλέα.
1734 3373 1906 3443 Ὅταν

332 3487 394 3539 δὲ
428 3484 839 3552 ἔλεγεναύτοῖς,
873 3500 892 3533 ι
931 3480 1286 3551 Ἑργάζεσθε,
1314 3481 1390 3550 μὴ
1420 3481 1520 3548 τὴν
1562 3479 1782 3549 ,βρῶσιν
1806 3481 1905 3549 τὴν

329 3572 747 3645 ἀπολλυμένην,
774 3570 911 3625 ἀλλὰ
931 3572 1030 3641 τὴν
1050 3571 1316 3640 μένουσαν
1348 3564 1429 3634 εἰς
1446 3570 1589 3640 ζωὴν
1605 3571 1845 3635 αἰώνιον,
1878 3590 1898 3622 ι

334 3658 550 3732 ἔλεγον,
605 3681 622 3714 ι
660 3658 726 3713 Τί
762 3663 988 3730 σημεῖον
1035 3658 1301 3724 δεικνύεις
1339 3662 1509 3730 ήμῖν;
1546 3661 1620 3727 ,οί
1672 3663 1906 3732 πατέρες

331 3760 371 3827 ὴ
381 3755 502 3826 μῶν
528 3754 590 3808 τὸ
631 3755 807 3822 μάννα
837 3755 1038 3827 ἔφαγον
1063 3750 1120 3805 ἐν
1148 3755 1214 3821 τῇ
1240 3753 1452 3823 ἐρήμῳ.
1501 3769 1520 3803 ›
1550 3752 1785 3815 Εἰκότως
1812 3747 1904 3807 οὖν

335 3826 576 3917 ἁρμόζει
595 3846 729 3914 ἡμῖν
754 3848 813 3896 τό
843 3859 856 3872 ·
889 3864 907 3891 ι
950 3826 1460 3914 Ἐξομολογήσονταί
1494 3860 1595 3906 σοι,
1616 3844 1741 3896 ὅταν
1767 3846 1904 3912 αγα-

336 3928 512 4004 Θῦνῃς
557 3934 777 4013 αὐτούς.
815 3924 1031 4019 »Κριὶὸ
1058 3934 1325 3996 τοιοῦτος,
1362 3954 1380 4005 ι
1423 3934 1566 3998 Ἕως
1595 3933 1906 3997 αἰῶνοςούκ

333 4029 532 4109 ρψεται
560 4027 699 4096 φῶς.
743 4045 762 4079 ι
789 4026 1003 4097 Μηοῦν
1031 4025 1388 4097 ὁμοιωθῶμεν
1424 4029 1537 4087 τοῖς
1571 4025 1905 4096 ἀχαρίστοις,

331 4118 456 4173 ἀλλ’
485 4118 559 4179 ὡς
594 4117 835 4191 μαθηταὶ
862 4117 960 4188 τῆς
991 4117 1227 4191 χάριτος
1254 4116 1557 4184 ὑπόδειγμα
1599 4116 1769 4186 αὐτῆς
1818 4115 1905 4170 διὰ

329 4194 438 4280 τῆς
494 4190 849 4279 εὐχαριστίας
883 4206 1194 4281 γενώμεθα,
1218 4190 1319 4260 ’ἶνα
1363 4208 1456 4269 καὶ
1489 4197 1642 4269 αὐτοὶ
1667 4206 1905 4275 δυνηθῶ-

292 4362 297 4371 ῗ
331 4315 446 4360 σιν,
477 4298 713 4367 ὁρῶντες
734 4295 797 4350 τὸ
826 4294 940 4366 φῶς
966 4294 1065 4366 τῆς
1095 4295 1447 4369 εὐχαριστίας
1470 4294 1647 4364 ήμῶν,
1666 4295 1904 4373 ἀποστῆ-

293 4386 301 4437 ἱ
340 4384 435 4439 θαι
456 4385 549 4437 τοῦ
587 4385 911 4455 κατέχοντος
950 4384 1148 4447 αὐτοὺς
1184 4385 1406 4447 σκότους
1440 4383 1537 4452 τῆς
1558 4384 1901 4453 ἀχαριστίας.

328 4475 412 4529 Τὸ
442 4466 549 4542 γάρ
571 4491 584 4504 ·
622 4492 641 4525 ι
664 4472 751 4525 Ἐν
784 4473 947 4527 παντὶ
980 4473 1377 4543 εὐχαριστεῖτε,
1409 4492 1428 4524 ι
1469 4476 1793 4545 περιεκτικὴ
1818 4476 1905 4537 ἐν·

326 4552 467 4631 ⁸ἰςοὶὶἡ
501 4564 682 4633 ὲστινξ
714 4562 827 4615 εἴτε
865 4562 1093 4632 εὐθυμεῖ
1120 4579 1225 4626 τις,
1255 4562 1367 4617 εἴτε
1399 4552 1618 4629 ἀθυμεῖ,
1646 4562 1755 4614 είτε
1794 4562 1905 4615 θλί-

330 4653 516 4718 ϐεται,
536 4636 662 4719 ⁸εἴτε
690 4651 895 4721 χαίρει,
928 4651 1213 4722 ὀφειλέτης
1238 4650 1387 4704 ἐστὶν
1408 4650 1501 4704 τοῦ
1522 4651 1866 4721 εὐχαριστεῖν
1886 4669 1901 4684 ο

326 4739 445 4805 οἷος
470 4739 537 4814 ἦν
564 4746 593 4797 ὁ
616 4728 796 4813 μέγας
836 4741 973 4795 Ἰὼϐ.
1010 4742 1302 4805 Ἀπολέσας
1339 4742 1447 4812 γὰρ
1462 4744 1647 4803 ,πάντα
1673 4746 1739 4796 τὰ
1771 4745 1902 4809 ἐαυ-

328 4835 454 4901 τοῦ,
492 4836 570 4887 ἑτι
608 4832 663 4888 δὲ
687 4839 784 4887 καὶ
808 4833 906 4905 τὴν
926 4832 1304 4905 δεκ[ἀστεγον]
1332 4834 1524 4887 καλιὰν
1542 4834 1651 4888 τῶν
1674 4835 1900 4898 τέκνων,

330 4925 761 4996 συγχωσθέντων
781 4923 960 4979 αὐτῶν
992 4924 1097 4977 ὐπὸ
1127 4906 1635 4995 συμπτώματος,’ὲν
1657 4926 1735 4998 τῷ
1766 4944 1902 4996 συμ-

327 5016 533 5087 ποσίῳ,
568 5017 967 5087 εὐχαριστήσας
1012 5014 1197 5082 ἔλεγεν
1221 5031 1234 5045 ·
1274 5033 1291 5065 t
1336 5013 1395 5069 ’0
1446 5015 1648 5086 Κύριος
1676 5017 1899 5082 ἔδωκεν,

2008 2591 2155 2639 nem,
2187 2585 2281 2629 ant
2310 2575 2601 2646 implacido
2626 2577 2790 2641 ferre,
2820 2577 3148 2633 obsecratet
3180 2578 3462 2644 hortatur;
3500 2578 3575 2634 ita

2006 2668 2292 2722 nobiscum
2318 2670 2431 2739 agit
2466 2668 2737 2740 benignus
2772 2679 2960 2724 noster
2988 2670 3253 2725 Dominus
3278 2686 3344 2725 ac
3370 2670 3530 2725 Pater
3556 2686 3572 2735 ;

2007 2774 2129 2828 qua:
2161 2758 2315 2814 novit
2344 2768 2547 2814 nostra:
2592 2759 2883 2830 profutura
2906 2761 3093 2826 saluti,
3116 2760 3337 2816 invehit
3362 2761 3571 2823 omnia,

2010 2849 2128 2907 sive
2175 2848 2555 2907 consolatione
2608 2864 2750 2919 opus
2786 2858 2872 2904 est
2921 2859 3018 2903 aut
3067 2858 3216 2904 certe
3274 2850 3574 2920 asperitate

2006 2940 2393 3010 correptionis,
2448 2940 2631 3008 utqui
2694 2949 2802 2994 tam
2862 2950 3110 3001 amanter
3160 2940 3345 2997 erudit
3407 2940 3584 2996 ﬁlios.

2008 3031 2489 3086 Tribulationibus
2521 3031 2691 3101 igitur
2733 3031 2907 3085 attriti
2951 3040 3209 3101 tanquam
3243 3031 3575 3102 genuini-ac

2002 3123 2259 3193 legitimi,
2285 3139 2395 3179 non
2443 3124 2573 3178 item
2618 3132 2678 3178 ut
2719 3122 2913 3192 spurii,
2947 3130 3098 3179 tanto
3125 3123 3447 3192 ampliorem
3472 3124 3574 3180 de-

2006 3215 2204 3270 bemus
2236 3214 2539 3284 rependere
2566 3215 2867 3284 gratiarum
2907 3214 3208 3270 actionem.
3233 3214 3290 3270 Si
3318 3215 3573 3272 Christus

2006 3316 2200 3375 suapte
2234 3306 2544 3369 substantia
2587 3305 2853 3360 Dominus
2896 3313 2981 3360 est
3030 3315 3240 3371 noster,
3272 3306 3317 3361 si
3346 3306 3490 3362 idem
3516 3315 3576 3363 et

2005 3395 2271 3455 Dominus
2307 3402 2392 3449 est
2432 3393 2844 3462 dispensatione
2886 3402 3181 3462 assumpta:
3215 3394 3400 3448 carnis
3433 3396 3575 3465 (ipse

2006 3485 2175 3549 enim,
2208 3498 2330 3545 nos;
2357 3498 2484 3537 cum
2516 3497 2629 3537 non
2671 3497 2943 3545 essemus,
2972 3483 3571 3545 condidit,°conditos:

2005 3573 2099 3627 sed
2144 3575 2355 3642 peccati
2407 3572 2695 3643 tyrannide
2743 3581 3011 3637 mortuos,
3079 3575 3300 3644 proprio
3339 3576 3574 3632 redemit

2006 3664 2317 3734 sanguine),
2364 3678 2469 3718 nos
2499 3662 2726 3718 inutiles
2766 3665 2933 3734 servi,
2966 3680 3129 3733 quam
3172 3666 3251 3719 illi
3297 3667 3572 3726 resolvere

2007 3756 2225 3825 dignam
2282 3769 2578 3824 possumus
2630 3756 2927 3825 gratiarum
2972 3757 3279 3813 actionem?
3327 3759 3480 3825 Quod
3523 3761 3572 3816 si

2010 3856 2123 3902 tum
2155 3845 2765 3917 gratiasrependimus,
2809 3846 3078 3917 tantisper
3108 3847 3241 3903 dum
3276 3850 3571 3906 commode

2004 3938 2292 4004 habemus,
2325 3937 2471 3997 felici
2525 3952 2711 3994 rerum
2763 3938 3045 3994 laetissime
3094 3938 3409 3994 cadentium
3438 3955 3571 3997 sue-

2002 4044 2184 4094 cessu,
2239 4029 2414 4084 nihilo
2444 4028 2919 4098 deprehendimur
2952 4028 3181 4099 ingratis
3212 4029 3325 4085 illis
3364 4030 3575 4087 iudicis

2002 4119 2299 4174 dissimiles
2326 4136 2340 4173 :
2366 4118 2484 4190 qui,
2516 4134 2642 4174 cum
2666 4119 2897 4174 Domino
2918 4119 3269 4188 suspicienda
3304 4122 3569 4179 miracula

2002 4209 2222 4275 edente,
2259 4211 2317 4265 in
2347 4227 2533 4273 eremo
2570 4221 2930 4266 vescerentur
2964 4212 3223 4281 panibus,
3255 4213 3520 4270 dicebant
3550 4231 3569 4269 :

2011 4320 2029 4352 ι
2065 4301 2165 4357 Hic
2192 4311 2279 4356 est
2306 4316 2435 4357 vere
2488 4302 2750 4371 propheta
2780 4303 2842 4368 η,
2872 4321 2894 4354 ι
2930 4317 3168 4372 eumque
3216 4319 3389 4374 prope
3417 4320 3572 4361 arre-

2004 4400 2160 4461 ptum
2204 4406 2387 4461 regem
2437 4400 2598 4447 erant
2644 4391 2866 4448 facturi.
2902 4394 2973 4448 At
3008 4394 3101 4449 ubi
3134 4394 3255 4450 istis
3284 4404 3393 4451 tam
3427 4396 3570 4453 male

2001 4483 2173 4553 gratis
2199 4482 2461 4537 dicebat:
2501 4503 2519 4534 ι
2547 4482 2867 4553 Operamini
2901 4500 3010 4539 non
3042 4485 3228 4543 cibum
3273 4487 3368 4556 qui
3401 4487 3569 4557 perit,

2002 4573 2099 4628 sed
2127 4572 2222 4642 qui
2254 4581 2440 4627 manet
2468 4574 2524 4627 in
2550 4574 2721 4633 vitam
2741 4584 3005 4633 aeternam
3030 4576 3093 4641 ⁸⁸,
3125 4594 3145 4626 ι
3175 4576 3525 4649 subiunxere
3550 4600 3566 4633 ι

2010 4664 2203 4732 ιρυοᾱ
2229 4664 2451 4735 signum
2475 4665 2724 4721 osténdis
2746 4665 2940 4723 nobis?
2963 4665 3155 4722 Patres
3180 4669 3355 4723 nostri
3384 4682 3571 4725 come-

2002 4756 2208 4815 derunt
2248 4770 2450 4809 manna
2485 4754 2540 4811 in
2588 4748 2929 4811 desertam)
2958 4755 3052 4812 Sic
3081 4758 3230 4811 enim
3272 4758 3475 4815 merito
3512 4761 3569 4815 in

2000 4861 2105 4900 nos
2151 4844 2399 4915 apposite
2460 4844 2887 4913 detorquebitur
2944 4846 3120 4901 illud:
3156 4867 3175 4900 ι
3199 4847 3569 4904 Conﬁtebitur

2002 4932 2103 4987 tibi
2133 4947 2260 4988 cum
2311 4932 2653 5011 beneteceris
2685 4932 2871 4989 ei".-i
2915 4934 3018 5002 Qui
3062 4937 3223 5007 plane
3263 4938 3388 4992 talis
3416 4948 3571 4992 com-

2000 5021 2249 5091 perietur
2281 5037 2297 5074 :
2329 5040 2348 5072 ι
2376 5022 2562 5091 Usque
2628 5024 2682 5077 in
2744 5025 3004 5080 saeculum
3059 5041 3169 5079 non
3225 5025 3439 5080 videbit
3482 5026 3570 5079 lu-

326 5111 361 5163 ὁ
393 5103 595 5181 Κύριος
624 5104 902 5177 ἁφείλατο.
941 5109 1029 5170 Ὠς
1059 5107 1139 5178 τῷ
1172 5108 1360 5178 Κυρίῳ
1387 5107 1586 5174 ἔδοξεν,
1613 5107 1784 5173 οὕτως
1801 5112 1893 5164 καὶ

2007 5127 2129 5168 men
2156 5114 2220 5165 ".
2245 5130 2265 5164 ι
2304 5113 2386 5169 Ne
2414 5113 2644 5187 (quaso)
2674 5124 2782 5170 tam
2812 5131 3006 5171 averse
3042 5126 3225 5187 gratos
3260 5130 3567 5186 repraesen-

328 5202 577 5271 ἐγένετο·
596 5201 681 5272 εἴη
709 5202 769 5255 τὸ
793 5202 964 5273 ὄνομα
983 5202 1185 5272 Κυρίου
1216 5200 1602 5271 εὐλογημένον.
1638 5219 1657 5252 ι
1693 5202 1800 5255 Καὶ
1831 5201 1892 5253 οὐ

331 5290 498 5362 μόνον
521 5292 701 5357 τοῦτο,
729 5292 864 5346 ἀλλὰ
905 5295 995 5346 καὶ
1049 5294 1107 5345 ἐν
1139 5294 1205 5362 τῇ
1236 5294 1439 5364 κοπρίᾳ
1469 5292 1797 5360 καθήμενος,
1838 5294 1896 5342 ὲν

328 5381 541 5452 σαπρίᾳ
568 5382 883 5449 σκωλήκιον,
936 5384 1028 5434 καὶ
1060 5386 1299 5444 excusa;
1346 5386 1494 5451 παρὰ
1536 5383 1631 5449 τῆς
1668 5383 1894 5448 augmen

326 5472 499 5526 αὐτοῦ
544 5474 637 5527 τό·
678 5494 696 5526 ι
729 5475 861 5527 Εἰπὲ
893 5476 1045 5544 ῥῆμα
1076 5475 1206 5540 πρὸς
1240 5474 1460 5545 Κύριον,
1490 5480 1580 5526 καὶ
1609 5476 1887 5543 τελεύτα.»

395 5586 645 5661 ξξμι-(ῖςηι.
705 5589 934 5661 cur—9.
1017 5591 1057 5622 η
1103 5591 1268 5645 llebr.
1333 5608 1381 5653 ς,
1417 5592 1605 5649 52-55.
1690 5593 1949 5651 “Matth.
1986 5615 2035 5661 ν,
2087 5594 2276 5652 ῖροιι.

323 5658 370 5688 ¹⁷
400 5656 528 5711 ibid.
560 5660 647 5713 51.
730 5660 772 5688 ¹¹⁶
800 5660 944 5714 Pal.
986 5677 1168 5718 xum.
1206 5662 1288 5715 19-
1370 5665 1411 5693 ¹⁹
1445 5664 1574 5717 ίιιίάο
1617 5664 1701 5717 “-

2004 5211 2185 5258 temus
2220 5219 2436 5259 morum
2474 5206 2861 5270 similitudine,
2895 5206 3067 5276 magis
3092 5216 3276 5260 autem
3308 5208 3564 5278 discipuli

2001 5294 2192 5362 gratiae
2236 5295 2332 5364 qui
2374 5310 2585 5359 sumus,
2627 5296 2799 5350 simus
2847 5310 2944 5365 per
2975 5296 3349 5352 continentem
3389 5301 3567 5356 actio-

2003 5400 2126 5437 nem
2156 5386 2456 5455 gratiarum
2493 5385 2605 5439 illis
2632 5388 2904 5455 exemplo.
2939 5396 3000 5442 ut
3030 5388 3085 5442 in
3132 5389 3293 5443 nobis
3322 5400 3568 5446 contem-

2005 5476 2136 5545 piati
2177 5477 2365 5530 lumen
2404 5478 2791 5546 splendescere
2826 5480 2929 5548 piae
2963 5481 3335 5550 gratitudiuis,
3360 5493 3566 5553 queant

2324 5592 2409 5655 Η,
2470 5592 2556 5647 19..
2637 5594 2678 5626 ⁸⁵
2705 5594 2861 5651 Joan.
2917 5612 2988 5658 rt,
3026 5598 3135 5653 14.-
3199 5599 3243 5633 ¹⁶
3269 5597 3401 5652 ibid.
3462 5597 3557 5652 27.
