3918 6106
266 352 397 411 1831

997 341 1325 403 HOMILIA
1368 339 1719 401 CXVIII.“
1751 337 1847 400 DE
1888 331 2462 399 DELECTATIONE
2503 335 2582 395 IN
2629 335 2792 396 DEO.

3380 333 3514 397 1802

260 453 410 508 bis“
463 453 625 508 ?Nos
665 453 845 520 itaque
894 448 1010 504 Deo
1069 458 1125 503 et
1191 448 1339 502 Patri
1408 455 1688 516 perpetem
1730 453 1784 499 et
1827 444 2157 498 indivulsam
2204 441 2504 512 gratiarum
2539 441 2811 494 actionem
2866 439 3252 509 rependamus,
3318 443 3411 503 qui
3457 458 3525 496 ne

263 545 552 618 nnigenito
584 543 805 614 quidem
842 540 980 597 Filio
1007 556 1109 596 suo
1135 539 1403 610 pepercit,
1431 537 1526 592 sed
1570 551 1667 606 pro
1691 535 1852 590 nobis
1890 534 2148 588 omnibus
2191 530 2577 586 tradiditillum
2602 530 2668 563 ⁸⁸·
2698 575 2709 585 .
2753 531 2970 586 Gratias
3033 532 3257 602 insuper
3305 549 3527 603 agamus

261 637 491 694 Christo
518 637 652 702 Deo,
688 635 815 704 quia
841 649 944 688 nos
977 632 1111 686 tanti
1153 631 1446 685 mstimavit
1477 643 1619 698 quos
1644 627 1869 696 pr0prio
1907 625 2171 694 sanguine
2215 623 2503 678 redimeret
2535 623 2602 677 de
2672 622 2967 676 maledicto
3005 623 3163 692 legis,
3199 623 3377 679 factus
3410 625 3528 695 ipse

263 729 446 786 nostri
472 743 638 783 causa
662 725 1016 781 maledictum
1076 723 1140 774 ³⁷.
1175 722 1417 790 Ecquam
1476 717 1718 776 laudem.
1781 729 2010 787 quamve
2069 713 2372 784 gratiarum
2434 713 2707 767 actionem
2758 712 2861 781 ipsi
2915 713 3192 782 possimus
3242 716 3528 772 exsolvere

256 837 366 892 pro
398 819 664 874 omnibus
689 815 852 872 bonis
880 829 1003 885 quae
1029 812 1190 868 nobis
1223 810 1529 866 humilibus
1569 809 1858 878 opulenter
1895 806 2168 861 contulit?
2235 804 2451 860 Gratias
2511 804 2748 872 denique
2797 819 3021 875 agamus
3049 815 3240 860 sancto
3273 805 3528 876 Spiritui,

257 909 359 978 qui
409 909 468 962 in
517 907 659 976 lege,
694 904 753 958 in
803 902 1114 974 prophetis,
1157 901 1364 970 1221
1417 899 1473 952 in
1523 897 1677 952 Novo
1727 896 1856 950 item
1895 897 2115 952 locutus
2182 903 2264 948 est
2334 894 2708 956 Testamento,
2741 894 2836 963 qui
2885 903 3100 949 mentes
3128 907 3346 952 nostra;
3375 897 3531 967 prius

253 1000 497 1071 quidem
524 998 694 1052 densa
723 995 957 1066 caligine
990 992 1546 1064 ignorationistectas
1571 989 1848 1043 illustrare
1887 987 2146 1058 dignatus
2180 996 2264 1040 cst
2301 985 2367 1038 ad
2435 986 2803 1055 cognitionem
2874 987 3361 1058 Operationemque
3401 1004 3530 1043 suo-

263 1107 391 1146 rum
431 1089 606 1158 ipsius
655 1088 1060 1149 mandatorum,
1103 1085 1198 1155 qui
1251 1100 1314 1139 os
1376 1092 1626 1138 nostrum
1685 1082 1978 1150 adaperuit
2025 1080 2091 1133 ad
2135 1077 2538 1133 confessionem
2572 1087 2629 1131 et
2691 1078 2991 1147 gratiarum
3047 1079 3331 1157 actioneny
3373 1076 3534 1135 boni-

256 1182 401 1236 tatis
439 1179 635 1250 ipsius.
665 1178 757 1233 Ait
787 1178 1014 1247 insuper
1057 1173 1390 1242 evangelista
1423 1189 1435 1222 :
1475 1191 1492 1224 ι
1528 1173 1589 1225 In
1623 1171 1716 1224 illo
1750 1179 1997 1240 tempore
2045 1169 2389 1238 respondens
2448 1169 2607 1222 Jesus
2660 1167 2834 1221 dixit:
2863 1167 3142 1223 Confiteor
3211 1170 3331 1233 tibi,
3373 1171 3533 1228 Pater

262 1272 514 1328 Domine
551 1270 678 1326 caeli
723 1277 779 1324 et
825 1276 1006 1331 terrae,
1030 1267 1158 1336 quia
1195 1264 1532 1319 abscondisti
1583 1263 1752 1317 bacca
1784 1261 2126 1331 sapientibus
2169 1270 2225 1314 et
2273 1260 2664 1330 prudentibus,
2704 1269 2760 1315 et
2823 1261 3078 1315 revelasti
3139 1276 3204 1316 ea
3269 1265 3532 1332 parvulis.

257 1366 368 1430 Ita,
403 1365 593 1428 Pater,
623 1361 751 1431 quia
782 1360 862 1414 sic
891 1359 994 1412 fuit
1022 1359 1282 1428 placitum
1317 1363 1445 1409 ante
1481 1363 1532 1410 te
1553 1355 1649 1408 ³⁸.»
1691 1353 1794 1422 lpsi
1822 1353 1994 1423 gloria
2024 1352 2078 1405 in
2103 1351 2320 1407 saecula.
2353 1351 2547 1406 Amen.

873 1472 1092 1528 ΛΟΓΟΣ
1122 1469 1270 1523 Ρ111’.

586 1587 727 1656 Περὶ
757 1586 868 1653 τῆς
892 1587 964 1639 ἐν
994 1584 1116 1649 Θεῷ
1145 1580 1552 1650 εὐφροσύνης.

352 1705 428 1758 Ἢ
447 1703 690 1773 ἀοίδιμος
708 1698 1040 1771 εὐφροσύνη,
1063 1697 1170 1750 τῶν
1188 1695 1290 1765 τὴν
1316 1695 1453 1766 πρὸς
1479 1693 1611 1747 Θεὸν
1641 1691 1856 1746 τελείαν

263 1795 504 1864 ἀγάπην
535 1792 892 1862 κεκτημένων
917 1790 1089 1842 ἐστίν.
1128 1789 1285 1840 Ὅσοι
1319 1783 1726 1856 ὲμφορηθέντες
1759 1781 1855 1835 τοῦ

263 1887 440 1956 ἁγίου
472 1885 787 1954 Πνεύματος
811 1884 870 1935 ὲν
899 1881 1048 1952 αὐτῷ
1070 1879 1479 1951 εὐφραίνονται,
1497 1878 1547 1928 οἱ
1575 1875 1702 1946 περὶ
1727 1874 1856 1938 τοὺς

265 1978 644 2042 ἀποστόλους,
677 1974 775 2029 καὶ
788 1974 1097 2044 προφήτας,
1125 1973 1218 2025 καὶ
1247 1970 1550 2042 μάρτυρας,
1571 1969 1664 2021 καὶ
1688 1968 1736 2018 oi
1763 1965 1855 2018 τέ-

266 2070 415 2123 λειοι
448 2068 710 2137 ἀσκηταὶ,
742 2065 940 2128 οἵτινες
967 2065 1094 2126 τοὺς
1125 2063 1424 2131 διωγμοὺς,
1467 2064 1564 2112 καὶ
1608 2059 1708 2122 τὰς
1743 2056 1852 2109 θλί-

267 2160 427 2231 ψεις,
463 2160 560 2214 καὶ
591 2159 692 2222 τὰς
733 2158 1026 2228 βασάνους,
1077 2153 1421 2224 εὐφροσύνην
1472 2151 1737 2221 ἡγοῦντοο
1767 2151 1862 2203 καὶ

271 2257 468 2310 πάντα
503 2252 574 2307 τά
611 2251 704 2305 τοῦ
743 2251 976 2320 κόσμου,
1003 2249 1082 2311 ὡς
1114 2246 1364 2300 σκύόαλα
1411 2246 1748 2311 ὲλογίσαντο,
1775 2243 1862 2295 ἵνα

273 2343 524 2414 Χριστὸν
554 2339 914 2410 κερδήσωσιν.
941 2337 1014 2390 Τὸ
1049 2335 1180 2405 πῦρ,
1213 2335 1282 2387 τά
1319 2333 1506 2404 θηρία,
1540 2332 1610 2384 τὰ
1647 2330 1794 2401 ξίφη,
1828 2331 1861 2400 ἡ

274 2435 468 2504 λιμὸς,
496 2435 525 2486 ὁ
553 2431 785 2502 κρυμὸς,
820 2430 915 2484 καὶ
944 2427 1012 2481 τὰ
1045 2427 1208 2480 λοιπὰ
1242 2427 1422 2479 πάντα
1451 2423 1734 2494 ηὐφρανεν
1766 2423 1863 2475 αὐο

277 2527 440 2590 τοὺς,
470 2523 560 2576 διὰ
583 2520 683 2594 τὴν
721 2523 800 2584 εις
827 2519 958 2574 Θεὸν
991 2518 1214 2589 ἀγάπην
1235 2535 1248 2548 ·
1281 2515 1463 2579 καθὼς
1501 2516 1598 2567 καὶ
1634 2513 1864 2577 Ἡσαΐας

279 2614 619 2685 διαγορεύει.
649 2631 668 2664 ι
697 2613 972 2676 Ἔσονται,
1002 2611 1186 2680 φησὶν,
1214 2606 1616 2676 λελυτρωμένοι
1635 2604 1866 2658 καὶσυνο

281 2707 523 2780 ηγμένοι
555 2707 645 2758 διὰ
701 2705 905 2774 Κύριον
925 2721 942 2734 ο
973 2700 1285 2772 εὐφροσύνη
1333 2699 1549 2761 αἰώνιος
1598 2696 1738 2769 ὑπὲρ
1768 2713 1864 2750 κε-

2471 1464 2756 1520 IIOMILIA
2795 1465 3026 1521 CXVIII.

2235 1576 2314 1632 De
2356 1578 2541 1632 laetitia
2573 1588 2622 1631 et
2651 1577 2998 1633 delectatione
3035 1582 3088 1634 in
3136 1581 3259 1636 Deo.
3335 1623 3338 1626 .

2031 1693 2235 1746 Eorum
2269 1701 2353 1749 est
2378 1693 3002 1764 oblectatiolaetitiaque
3041 1695 3129 1750 illa
3153 1699 3410 1764 celebris,
3440 1701 3536 1770 qui

1959 1799 2088 1854 erga
2121 1784 2292 1837 Deum
2323 1784 2652 1838 charitatem
2677 1784 2980 1853 perfectam
3015 1787 3226 1857 indepti
3246 1790 3357 1858 jam
3386 1798 3536 1847 sunt.

1960 1877 2095 1931 Nam
2153 1884 2429 1945 quotquot
2501 1876 2798 1945 prmsentia
2864 1877 3228 1946 perfruuntur
3301 1880 3540 1951 Spiritus

1962 1969 2163 2034 sancti,
2191 1969 2244 2021 in
2280 1968 2401 2037 ipso
2431 1969 2818 2040 jucundantur
2859 1977 2917 2025 et
2951 1971 3392 2039 exhilarescunt,
3443 1977 3538 2046 qui

1962 2061 2230 2115 nimirum
2269 2061 2664 2130 Apostolorum
2692 2069 2823 2116 sunt
2859 2072 3249 2127 assectatores,
3287 2066 3541 2136 Prophe-

1963 2161 2144 2206 tarum
2177 2163 2232 2207 et
2274 2153 2597 2224 Martyrum,
2643 2155 2738 2224 qui
2791 2154 2847 2208 in
2884 2156 3188 2210 monastica
3248 2157 3544 2228 disciplina

1962 2254 2228 2302 exercent
2265 2261 2346 2310 se,
2389 2246 2484 2315 qui
2533 2247 2974 2315 persecutiones,
3011 2247 3366 2312 afflictiones,
3432 2257 3546 2303 tor-

1965 2345 2158 2391 menta
2195 2337 2413 2392 ducunt
2447 2336 2760 2392 animiesse
2787 2337 3058 2408 integram
3111 2339 3544 2409 iucunditatem,

1965 2435 2020 2482 et
2042 2443 2164 2497 qua:
2216 2427 2404 2481 mundi
2461 2438 2592 2482 sunt
2641 2432 2826 2483 omnia
2879 2429 2947 2483 ad
3006 2444 3206 2484 suaves
3249 2430 3547 2488 illecebras

1965 2518 2342 2588 prolicientia,
2374 2518 2498 2573 loco
2526 2519 2847 2574 habuerunt
2870 2519 3063 2574 vilium
3103 2527 3436 2588 stercorum,
3485 2528 3547 2574 ut

1965 2609 2247 2665 Christum
2269 2610 2680 2666 lucrifacerent.
2697 2611 2865 2682 Ignis,
2892 2612 3106 2678 bestiae,
3132 2613 3324 2684 gladii,
3347 2611 3543 2675 fames.

1967 2702 2300 2771 praecipitia,
2341 2711 2397 2756 et
2429 2718 2551 2772 qua:
2585 2713 2890 2773 supersunt
2916 2713 3136 2768 caetera,
3174 2705 3316 2761 tales
3353 2705 3544 2761 oblec-

285 2799 470 2869 φαλῆς
491 2796 699 2850 αὐτῶνθ
734 2796 830 2849 καὶ
876 2793 1192 2863 άγαλλίαμα
1227 2792 1318 2845 καὶ
1349 2792 1658 2860 εὐφροσύνη
1695 2803 1864 2841 κατα-

1975 2802 2106 2857 tant,
2129 2793 2260 2848 dum
2298 2793 2397 2847 toti
2423 2793 2478 2847 in
2507 2794 2680 2849 Deum
2728 2793 2966 2864 flagrant
3018 2795 3312 2859 charitate,
3349 2805 3547 2852 conte-

278 2890 527 2960 λήψεται
553 2886 772 2950 αὐτούς.
799 2905 818 2938 ι
853 2887 962 2939 Kal
985 2884 1166 2938 πάλινο
1203 2900 1222 2934 ι
1250 2881 1570 2952 Εὐφροσύνη
1595 2879 1738 2949 ὑπὲρ
1763 2896 1857 2932 κε-

287 2981 472 3052 φαλῆς
493 2979 692 3033 αὐτῶν.
707 2979 820 3040 Πᾶς
832 2977 1009 3045 ὸόρῶν
1026 2974 1244 3040 αὐτοὺς,
1263 2973 1623 3040 ἐπιγνώσεται
1643 2968 1863 3032 αὐτοὺς,

292 3093 312 3125 ι
337 3075 468 3128 ’Ὅτι
494 3065 641 3125 οὗτοί
661 3071 798 3123 εἰσιν
823 3068 1046 3138 σπέρμα
1076 3063 1436 3136 εὐλογημένον
1452 3063 1558 3116 ὑπὸ
1578 3059 1739 3126 Θεοῦ,
1771 3058 1868 3114 καὶ

287 3161 756 3234 εὐφρανθήσονται
792 3159 884 3212 ἐπὶ
915 3158 1139 3225 Κύριον.
1208 3176 1227 3208 ι
1285 3157 1392 3208 Kal
1419 3150 1608 3215 αὖθις·
1661 3173 1679 3205 ι
1729 3153 1864 3206 Ἰδοὺ

287 3254 342 3306 ot
391 3250 737 3312 δουλεύοντές
779 3264 889 3319 μοι,
921 3247 1204 3316 φάγονται,
1240 3244 1334 3297 καὶ
1368 3243 1602 3302 πίονται,
1649 3241 1746 3292 καὶ
1778 3241 1868 3291 εὐ-

290 3341 707 3414 φρανθήσονται
751 3339 849 3392 καὶ
896 3336 1317 3404 ἀγαλλιάσονται
1379 3333 1436 3384 ἐν
1467 3328 1794 3401 εὐφροσύνῃ.
1843 3345 1861 3380 ι

292 3433 412 3487 Kal
445 3432 473 3483 ὁ
503 3430 762 3500 Σοφονίας
783 3445 797 3459 ·
837 3446 855 3477 ι
915 3427 1134 3490 Ἐπάξει
1191 3426 1284 3476 ἐπὶ
1307 3425 1366 3475 σὲ
1399 3421 1742 3492 εὐφροσύνην
1773 3419 1869 3471 καὶ

291 3525 507 3578 αἷνεσιν
525 3524 581 3575 ὲν
604 3524 671 3591 τῇ
691 3519 968 3588 ἀγαπήσει
992 3516 1178 3569 αὐτοῦ.
1216 3533 1234 3564 ι
1277 3513 1383 3565 Kal
1408 3512 1624 3578 Ναοὺμ,
1659 3528 1676 3559 ι
1717 3509 1870 3578 Ἐορ-

289 3615 456 3678 ταζε,
483 3612 678 3680 λέγων,
721 3610 893 3663 Ἰούδα
929 3607 1027 3671 τὰς
1054 3605 1245 3676 ἑορτάς
1278 3620 1396 3666 σου,
1441 3603 1639 3664 ἀπόδος
1678 3602 1869 3671 Κυρίῳ

291 3708 399 3771 τὰς
413 3703 584 3773 εὐχάς
613 3719 708 3755 σου
727 3719 740 3731 ·
771 3702 856 3753 ὅτι
883 3698 1051 3768 άνέση
1079 3699 1108 3750 ὁ
1149 3694 1412 3767 ἐμφυσῶν
1441 3695 1524 3755 εἰς
1577 3690 1870 3760 πρόσωπόν

295 3815 423 3863 σου.
447 3815 467 3846 ι
508 3795 616 3848 Kal
641 3797 669 3847 ὁ
691 3792 927 3864 Χριστὸς
957 3793 1072 3854 τοῖς
1092 3788 1437 3850 ἀποστόλοις,
1465 3785 1639 3854 λέγων
1661 3801 1672 3813 ·
1707 3803 1726 3835 ι
1762 3783 1872 3836 Λά-

294 3891 430 3943 ϐετε
458 3885 684 3954 Πνεῦμα
710 3884 886 3952 ἆγιον.
915 3901 934 3934 ι
971 3883 1120 3936 Καὶδ
1144 3880 1330 3943 Δαυτδ,
1359 3899 1377 3931 ι
1407 3877 1873 3948 Εὐφρανθήσομαι

295 3979 400 4033 καὶ
435 3975 833 4045 ἀγαλλιάσομαι
857 3974 914 4027 ὲν
939 3973 1042 4026 σοί.
1080 3989 1216 4024 »αι
1251 3969 1400 4038 Αὕτη
1465 3968 1576 4037 γάρ
1609 3969 1642 4036 ὴ
1669 3965 1871 4036 ήμέρα,

294 4074 367 4144 ἢν
394 4067 654 4138 ἐποίησεν
671 4065 914 4136 ὁΚύριος
929 4080 944 4096 ⁸
964 4059 1420 4132 ἀγαλλιασώμεθα
1449 4061 1543 4113 καὶ
1565 4057 1875 4128 εὐφρανθῶ·

299 4179 410 4235 μεν
442 4164 501 4214 ἐν
527 4161 718 4229 αὐτῇί
741 4155 943 4226 δηλαδὴ
970 4156 1005 4226 η
1033 4154 1132 4208 τοῦ
1167 4151 1404 4224 Χριστοῦ
1436 4151 1828 4220 ἀναστάσιμος.
1853 4167 1870 4201 ι

297 4254 440 4311 Kai'
467 4269 487 4303 ι
528 4248 807 4319 Εὐφρανον
837 4245 934 4317 τὴν
951 4245 1131 4315 ψυχὴν
1153 4244 1248 4296 τοῦ
1261 4242 1448 4296 δούλου
1471 4240 1715 4294 σου.”οτι
1745 4238 1883 4308 πρὸς

297 4345 384 4409 σὲ,
420 4342 616 4412 Κύριε,
650 4335 759 4410 ἦρα
784 4337 883 4408 τὴν
904 4337 1079 4408 ψυχήν
1098 4353 1223 4402 μου.
1245 4353 1264 4386 ›
1298 4335 1430 4398 Kal,
1455 4353 1473 4384 ι
1507 4333 1573 4386 Ἦ
1603 4332 1748 4403 ψυχή
1779 4348 1880 4400 μου

295 4432 696 4504 άγαλλιάσεται
725 4429 818 4482 ἐπὶ
848 4426 1530 4500 τῷΚυρίῳ,τερφθήσεται
1551 4424 1642 4476 ἐπὶ
1665 4422 1744 4493 τῷ
1778 4438 1884 4474 σω-

297 4523 484 4595 τηρίῳ
501 4519 686 4574 αὐτοῦ.
729 4538 852 4571 »-‹
891 4521 1002 4572 Kal
1031 4517 1140 4589 γὰρ
1168 4515 1454 4588 ηὐφράνθη
1474 4517 1506 4586 ἡ
1525 4514 1719 4585 καρδία
1755 4531 1882 4585 μου,

297 4615 406 4668 καὶ
430 4610 804 4680 ἠγαλλιάσατο
821 4613 854 4680 ἡ
875 4610 1100 4678 γλῶσσά
1114 4627 1236 4681 μου,
1256 4610 1339 4662 ὅτι
1365 4607 1672 4678 πληρώσεις
1699 4623 1768 4677 με
1787 4606 1878 4659 εὐ-

299 4697 605 4772 φροσύνης,
643 4697 782 4767 μετὰ
816 4697 912 4750 τοῦ
936 4697 1230 4770 προσώπου
1263 4713 1378 4750 σου.
1405 4715 1424 4746 ι
1451 4697 1561 4749 Καὶ
1591 4693 1878 4765 ἐμπλησθῇ

301 4813 397 4859 τις
441 4790 696 4864 τοιαύτης
724 4790 1065 4861 εὐφροσύνης
1108 4789 1194 4843 διὰ
1223 4791 1326 4860 τῆς
1356 4791 1436 4853 εἰς
1467 4787 1599 4841 Θεὸν
1639 4787 1877 4856 ἀγάπης.

309 4893 382 4945 Ἦ
411 4890 522 4961 γάρ
548 4889 856 4959 εὐφροσύνη
898 4885 1008 4940 τῶν
1034 4884 1278 4949 δικαίων,
1310 4886 1344 4953 ὴ
1393 4885 1474 4946 εἰς
1529 4882 1661 4936 Θεὸν
1691 4881 1881 4950 ἀγάπη

273 4981 480 5037 ’ὲπίν.
503 4980 704 5032 Λοιπὸν
737 4980 834 5031 καὶ
870 4976 1062 5038 ἄλλους
1097 4975 1488 5045 προτρέπεται,
1529 4991 1547 5023 ι
1583 4973 1769 5035 Δεῦτε,
1795 4971 1884 5023 λέ-

298 5085 462 5139 γων,
527 5065 1014 5137 Ἀγαλλιασώμεθα
1084 5065 1163 5136 τῷ
1219 5063 1427 5134 Κυρίῳ.
1468 5081 1486 5112 ι
1518 5063 1649 5125 Kal,
1693 5080 1712 5112 (
1749 5064 1878 5112 Δου-

299 5159 540 5214 λεύσατε
566 5159 644 5229 τῷ
672 5158 859 5230 Κυρίῳ
885 5161 944 5211 ὲν
961 5159 1111 5228 φόσῳ
1131 5157 1226 5210 καὶ
1241 5160 1299 5210 ὲν
1324 5153 1650 5226 εὐφροσύνῃ.
1694 5173 1712 5205 ι
1748 5154 1879 5218 Kal,

313 5273 335 5304 ι
368 5249 810 5320 Κατατρύφησον
837 5250 932 5302 τοῦ
951 5247 1212 5317 Κυρίου,ι
1236 5246 1533 5308 τουτέστιν,
1551 5244 1884 5298 Ἀπόλαυσον

285 5343 416 5414 -τῆς
449 5342 805 5410 ,γλυκύτητος
866 5339 1064 5394 αὐτοῦ.
1121 5358 1140 5389 ι
1206 5339 1353 5407 Φάγε
1409 5337 1540 5408 γὰρ,
1589 5338 1692 5402 υἱὲ,
1739 5337 1881 5408 μέλι,

1970 2892 2154 2938 stante
2181 2885 2342 2948 Isaia,
2380 2904 2398 2936 ι
2447 2885 2626 2938 Erunt
2668 2885 2944 2955 redempti
2989 2893 3046 2939 et
3074 2888 3391 2956 congregati
3444 2904 3549 2956 per

1967 2973 2286 3040 Dominum,
2341 2975 2536 3029 laetitia
2607 2975 2946 3046 sempiterna
2999 2991 3170 3045 super
3227 2983 3395 3046 caput
3453 2993 3550 3033 eo-

1970 3081 2093 3120 rum
2107 3065 2172 3119 ³⁸.
2213 3084 2232 3116 ι
2269 3063 2460 3120 Omnis
2491 3065 2688 3122 videns
2711 3073 3160 3137 eos,-cognoscet
3184 3067 3329 3133 illos,
3363 3085 3382 3117 ‹
3416 3067 3548 3138 quia

1971 3156 2058 3212 isti
2094 3165 2225 3212 sunt
2247 3173 2434 3212 semen
2467 3157 2824 3212 benedictum
2874 3171 2906 3210 a
2933 3157 3068 3220 Deo,
3120 3166 3178 3211 et
3210 3156 3572 3238 lmtabuntur-~

1971 3264 2138 3318 super
2165 3249 2459 3303 Dominum
2482 3248 2549 3302 ⁸ο.
2591 3267 2609 3299 ι
2651 3248 2864 3303 Rursus
2892 3265 2905 3301 :
2938 3268 2955 3298 ‹
2988 3247 3130 3303 Ecce
3155 3247 3250 3316 qui
3295 3247 3550 3304 serviunt.

1971 3337 2130 3402 mihi,
2157 3337 2474 3397 comedent,
2511 3337 2731 3401 bibent,
2761 3337 3199 3402 ethetabuntur,
3231 3338 3548 3393 etexsulta-
3620 3350 3628 3375 ι

1970 3428 2111 3482 bunt
2145 3428 2200 3482 in
2225 3429 2415 3482 ltetitia
2434 3428 2502 3481 “.
2547 3447 2564 3477 ι
2602 3426 2947 3496 Sophonias:
2983 3446 3000 3478 ι
3029 3428 3261 3483 Inducet
3296 3445 3466 3500 super
3491 3439 3548 3484 te

1970 3517 2217 3571 laetitiam
2248 3518 2302 3571 in
2353 3518 2649 3573 dilectione
2695 3521 2877 3573 sua".
2916 3537 2933 3570 ι
2967 3519 3200 3584 Nahum,
3232 3538 3251 3571 ι
3286 3519 3546 3583 Celebra,

1971 3609 2533 3674 Judaanestivitates
2578 3612 2719 3674 tuas,
2766 3611 2938 3665 redde
2979 3613 3217 3667 Domino
3262 3624 3389 3668 vota
3431 3623 3547 3674 tua,

1973 3699 2104 3768 quia
2135 3699 2386 3754 ascendit
2411 3699 2699 3754 insuﬂlans
2729 3699 2785 3753 in
2812 3699 3007 3755 faciem
3039 3702 3272 3754 tuam".
3305 3721 3323 3752 ι
3360 3699 3549 3756 1)οωί-

1974 3805 2080 3844 nus
2102 3790 2232 3844 item
2260 3791 2339 3844 ait
2362 3790 2686 3858 discipulis:
2739 3809 2756 3841 ι
2789 3790 3035 3859 Accipite
3067 3791 3336 3860 Spiritum
3389 3805 3520 3845 sane
3549 3821 3553 3826 λ

1976 3887 2091 3932 tum
2115 3879 2184 3932 δι.
2226 3899 2244 3931 ι
2289 3879 2486 3943 David,
2525 3897 2543 3928 ι
2576 3878 2828 3933 Laetabor
2851 3888 2908 3934 et
2942 3879 3233 3934 exsultabo
3275 3879 3332 3932 in
3358 3879 3487 3934 te".
3523 3897 3545 3930 ι

1974 3999 2046 4012 -—
2081 3991 2100 4023 ‹
2131 3972 2260 4026 llaec
2281 3972 2429 4026 enim
2469 3970 2592 4026 dies
2615 3987 2780 4040 quam
2814 3971 2948 4024 fecit
2990 3971 3278 4034 Dominus,
3311 3971 3556 4026 exsultec

1979 4078 2103 4117 mus
2161 4073 2217 4117 et
2260 4062 2522 4117 laetemur.
2553 4063 2608 4116 in
2659 4061 2819 4117 ea“:
2861 4079 2879 4113 ι
2949 4077 3147 4132 nempe
3214 4061 3554 4117 resurrectio

1979 4152 2214 4208 Christi.
2248 4152 2343 4206 Et:
2379 4171 2396 4202 ι
2429 4152 2672 4207 Laetifica
2697 4153 2962 4217 animam,
2985 4153 3238 4215 Domine,
3275 4153 3418 4208 servi
3449 4154 3552 4214 tui.

1979 4244 2110 4313 quia
2133 4244 2200 4298 ad
2221 4251 2274 4298 te
2302 4244 2481 4318 levavi
2521 4245 2761 4298 animam
2805 4260 2984 4298 meam
3007 4245 3072 4298 ".
3107 4263 3125 4296 ι
3156 4245 3224 4298 Et
3255 4265 3268 4298 :
3309 4262 3326 4295 ι
3358 4244 3556 4298 Anima

1980 4351 2102 4389 mea
2156 4335 2456 4390 exsultabit
2521 4336 2576 4388 in
2632 4335 2906 4399 Domino,
2957 4335 3328 4390 delectabitur
3389 4350 3559 4404 super

1979 4428 2211 4484 salutari
2269 4443 2372 4482 suo
2393 4425 2463 4481 ⁴⁸.
2524 4445 2543 4476 ι
2594 4457 2664 4466 -
2699 4447 2717 4478 ‹
2752 4427 2971 4482 Etenim
3021 4428 3265 4482 laetatum
3320 4435 3408 4482 est
3461 4441 3556 4481 cor

1981 4535 2187 4582 meum,
2223 4527 2281 4572 et
2304 4518 2601 4572 exsultavit
2633 4519 2823 4589 lingua
2855 4535 2999 4584 mea,
3033 4519 3165 4589 quia
3202 4520 3444 4590 replebis
3470 4536 3564 4575 me

1979 4609 2327 4680 jucunditate
2361 4625 2486 4663 cum
2517 4609 2674 4664 vultu
2706 4618 2802 4663 tuo
2818 4613 2863 4642 "
2884 4651 2898 4664 .
2936 4630 2953 4662 ι
3003 4611 3360 4667 Jucunditate
3410 4613 3558 4668 enim

1986 4701 2081 4754 tali
2109 4701 2444 4770 adimpletur
2465 4701 2593 4770 quis
2652 4718 2752 4771 per
2787 4703 3114 4759 charitatem
3165 4721 3296 4776 erga
3351 4707 3560 4773 Deum;

1986 4791 2182 4846 laetitia
2235 4792 2383 4846 enim
2412 4793 2692 4861 justorum
2728 4793 2846 4864 ipsa
2885 4805 2970 4849 est
3002 4811 3132 4868 erga
3163 4798 3334 4853 Deum
3374 4799 3565 4854 chari—

1991 4889 2092 4935 tas.
2116 4881 2268 4934 Talis
2289 4881 2528 4950 denique
2553 4883 2692 4937 alios
2713 4884 2879 4938 etiam
2899 4900 2965 4940 eo
2976 4886 3325 4953 adhortatur,
3350 4889 3564 4947 dicens.

1996 4971 2207 5040 1222
2269 4989 2288 5021 ι
2322 4970 2550 5036 Venite,
2613 4974 2953 5029 exsultemus
3005 4976 3237 5032 Domino
3260 4980 3326 5031 ³⁸.
3393 4999 3411 5028 ι
3461 4979 3557 5032 Ει.

1997 5080 2014 5113 ι
2053 5061 2266 5116 Servite
2321 5062 2552 5117 Domino
2585 5063 2643 5118 in
2687 5063 2965 5120 laetitia“.
3031 5085 3050 5116 ι
3081 5066 3182 5120 Et:
3225 5086 3242 5116 ι
3282 5067 3568 5122 Delectare

1969 5153 2046 5208 'in
2076 5153 2404 5221 Domino";
2440 5175 2457 5206 ›
2507 5155 2612 5210 hoc
2669 5165 2777 5222 est,
2837 5157 3022 5212 fruere
3071 5157 3367 5214 dulcedine
3423 5160 3567 5230 ejus.

1993 5245 2138 5300 Dicit
2191 5246 2340 5299 enim
2393 5246 2719 5318 Scriptura:
2762 5266 2778 5298 ι
2809 5247 3073 5313 Comede,
3107 5248 3208 5316 fili,
3242 5251 3446 5317 favum,
3508 5265 3571 5308 ut

1991 5337 2283 5392 edulcetur
2332 5348 2522 5408 guttur
2575 5347 2758 5404 tuum,
2798 5347 2855 5393 et
2907 5338 3064 5394 dabit
3113 5342 3211 5397 tibi
3269 5345 3568 5413 petitiones

304 5523 310 5530 .
389 5486 438 5520 ³⁸
476 5483 690 5540 l'l‘hes.
729 5497 808 5549 tu,
834 5484 890 5539 9.
968 5481 1046 5516 ³⁸³⁸
1100 5481 1258 5536 Rom.
1300 5498 1416 5545 vnt,
1441 5482 1529 5536 52.
1608 5480 1650 5512 ³⁷
1685 5480 1855 5538 Galat.

2008 5483 2092 5538 1⁵5.
2123 5522 2128 5529 -
2170 5483 2214 5515 ³⁸
2238 5481 2426 5536 Matth.
2455 5497 2528 5544 XI,
2565 5480 2655 5544 25,
2687 5481 2777 5535 26.
2853 5482 2896 5514 ³⁸
2939 5484 3045 5540 lsa.
3077 5499 3201 5548 xxv,
3228 5485 3312 5541 I0.
3391 5486 3434 5518 “
3467 5487 3570 5543 [δυ.

308 5573 442 5619 uv,
483 5555 574 5610 25.
666 5555 708 5586 ⁵¹
742 5553 876 5606 ibid.
912 5553 996 5606 I5.

309 5642 485 5690 cxvn,
515 5625 605 5681 25.
701 5623 746 5654 δ’
778 5621 922 5676 Psal.
960 5637 1159 5686 Lxxxv,
1200 5621 1276 5676 4.-
1345 5623 1390 5654 ⁸⁸
1414 5622 1556 5677 Psal.
1594 5638 1773 5688 xxtuv,
1797 5625 1882 5676 77.

277 5699 360 5732 ’³⁸
395 5696 542 5751 Psal.
572 5709 752 5758 xxxvr,
785 5693 838 5747 4.

646 5792 914 5849 Ριτιιοι..
949 5788 1066 5849 Cn.
1097 5786 1440 5851 LXXXIX.

1099 5551 1142 5582 δ’
1181 5551 1352 5623 Soph.
1384 5569 1466 5610 ιιι.
1510 5552 1594 5623 17.
1665 5553 1958 5608 "Nahum.
1987 5569 2023 5614 ι,
2071 5553 2155 5607 15.

2260 5552 2303 5583 ⁸⁵
2330 5553 2486 5605 Joan.
2519 5567 2611 5612 xx,
2634 5552 2725 5605 2'2.

1983 5623 2025 5655 δ’
2064 5624 2204 5678 Psal.
2232 5638 2318 5686 sv,
2362 5623 2416 5675 9.

2826 5551 2871 5584 "
2907 5554 3049 5608 Psal.
3079 5571 3152 5616 Ix,
3183 5559 3237 5613 3.

2524 5622 2568 5651 '°
2597 5622 2734 5675 Psal.
2764 5637 2905 5688 κων,
2952 5625 2999 5678 1.

3346 5556 3399 5612 ⁸⁸.
3423 5557 3571 5614 Psut.

3105 5626 3143 5656 "
3175 5626 3319 5681 Psal.
3347 5643 3488 5693 xcux,
3517 5631 3566 5684 I.

3157 5789 3232 5846 ΞΠ
