3918 6106
423 304 573 374 1307

1641 342 1645 344 γ
1674 289 2069 351 ANTIOCHI
2108 287 2451 348 MGNACHI

3548 277 3651 343 1808

438 418 564 478 bus,
586 421 642 466 et
666 403 948 479 primitias
969 402 1104 460 oll‘er
1134 401 1185 457 ei
1212 399 1281 457 de
1310 399 1425 455 tuis
1456 398 1733 455 fructibus
1760 399 2015 470 iustitiae,

2132 399 2328 469 σμονὴν
2351 397 2519 451 σίτου.
2566 413 2586 448 ι
2623 393 2732 449 Kal
2760 395 2788 448 6
2813 392 2998 464 νόμος,
3054 408 3074 442 ι
3105 389 3219 444 Οὐκ
3242 388 3474 461 ὁφθήσῃ,
3501 387 3656 457 λέγων,

440 515 500 560 ιιι
528 502 866 574 impleantur
900 499 1100 552 horrea
1133 505 1225 550 tua
1258 492 1620 548 frumento”.
1662 511 1680 543 ι
1711 491 1827 547 Lex
1879 506 2023 562 quo-

438 616 582 672 que:
621 617 637 648 ι
663 597 785 653 Non
807 592 1105 665 apparebis
1125 606 1340 647 vacuus
1365 591 1418 644 in
1442 597 1741 658 conspectu
1770 603 1894 643 meo
1908 588 1973 643 ⁸⁸.
1999 606 2017 639 ι

441 693 542 747 Et:
586 710 602 741 ι
635 688 918 745 Primitias
963 685 1244 740 fructuum
1275 693 1498 738 tuorum
1533 681 1739 737 infer-es
1787 681 2023 736 Domino

443 787 553 840 Deo
581 782 754 837 tuo”.
788 801 807 833 ι
858 780 958 834 Et:
1013 796 1032 831 ι
1072 777 1153 832 Nc
1199 777 1276 831 sis
1331 772 1654 830 incredulus
1683 772 1764 826 ei:
1818 788 2023 827 nomen

440 873 588 927 enim
627 880 782 925 tuum
819 871 876 924 in
901 868 996 922 illo
1027 874 1130 920 est.
1183 864 1465 920 Primitias
1483 878 1625 918 areae
1646 870 1703 917 et
1733 862 2023 917 toreularis

439 982 552 1020 non
584 962 830 1018 tardabis
864 959 1129 1015 reddere:
1165 958 1372 1012 donum
1419 955 1797 1027 primitiarum
1827 954 2024 1009 offeret

440 1058 560 1111 inec
587 1052 902 1109 Domino".
938 1071 957 1103 ι
991 1052 1093 1106 Et:
1144 1069 1162 1101 ι
1200 1049 1414 1105 ΟΠει-οε
1461 1047 1797 1104 sacriﬁcium
1828 1046 2024 1116 primi-

441 1149 684 1202 tivorum
741 1142 1048 1200 tuorum“.
1106 1163 1126 1196 ι
1193 1143 1291 1196 Et:
1349 1139 1736 1196 tPlacationis
1785 1139 2022 1193 hostiam

442 1238 642 1292 oﬂ'eret
677 1235 938 1291 sacerdos
974 1249 1076 1306 pro
1100 1243 1329 1304 peccato
1361 1247 1484 1297 suo,
1511 1242 1567 1288 et
1617 1232 1902 1286 auferetur
1952 1231 2022 1285 ab

429 1338 509 1384 ’ρο
526 1331 593 1382 ⁸⁸.
631 1347 649 1378 ι
687 1329 903 1382 Rursus
939 1344 952 1380 :
1010 1346 1026 1378 ι
1065 1327 1133 1380 Ει
1160 1325 1487 1380 obtulerunt
1547 1324 1828 1394 principes
1878 1323 2022 1377 dona

433 1436 544 1476 sua
593 1429 722 1475 ante
771 1419 1034 1486 altarcf’.
1075 1437 1092 1470 ι
1139 1417 1424 1474 Ezechiel:
1479 1435 1498 1468 ‹
1539 1416 1731 1472 Omnis
1786 1416 2024 1487 populus

443 1514 598 1569 dabit
619 1513 897 1583 primitias
943 1513 992 1568 ei
1025 1512 1120 1582 qui
1174 1511 1532 1582 praesidet“.
1573 1531 1592 1562 ›
1641 1512 1872 1581 Propter
1919 1509 2024 1565 hoc

442 1607 647 1662 Tobias
669 1606 924 1662 dicebat:
957 1625 974 1658 ι
1004 1605 1286 1661 Primitias
1309 1604 1523 1660 fetuum
1553 1619 1803 1660 meorum
1823 1603 2023 1658 dabam

443 1699 828 1754 sacerdotibus
859 1707 988 1752 ante
1019 1698 1192 1752 altare
1212 1699 1281 1752 ".
1310 1714 1329 1748 ι
1365 1697 1553 1751 Alius:
1589 1715 1607 1748 ι
1641 1696 1762 1750 Non
1792 1710 2024 1766 appare-

441 1790 531 1845 bis
564 1791 620 1844 in
645 1800 947 1861 conspectu
977 1805 1100 1844 meo
1130 1789 1420 1844 vacuus”.
1458 1805 1476 1837 ι
1514 1787 1642 1842 Hzec
1664 1787 1813 1842 enim
1836 1786 2021 1842 omnia

443 1893 671 1953 propter
691 1881 1009 1937 mandatum
1035 1881 1104 1936 da
1129 1881 1592 1951 Altissimojuxta
1611 1875 1800 1934 daturh
1824 1879 2019 1948 ipsius,

443 1983 498 2028 et
528 1973 913 2043 multipliciter
945 1973 1217 2029 retribuet
1251 1973 1372 2026 tibi.
1408 1973 1468 2026 In
1506 1971 1654 2026 bono
1691 1969 1854 2024 oculo
1907 1968 2023 2039 glo-

431 2066 596 2121 riﬁca
639 2066 834 2132 Deum,
891 2075 948 2120 et
1005 2081 1074 2120 ne
1128 2065 1426 2118 imminuas
1468 2063 1710 2118 decimas
1758 2067 2021 2116 manuum

446 2169 686 2212 tuarum.
713 2157 771 2210 In
804 2157 956 2212 omni
1005 2157 1133 2212 dato
1162 2157 1395 2210 hilarem
1445 2155 1538 2208 fac
1585 2153 1799 2208 vultum
1831 2161 2018 2218 tuum,

445 2251 574 2320 quia
607 2249 820 2302 oblatio
841 2249 976 2318 justi
999 2249 1306 2318 impinguat
1339 2248 1534 2302 altare.
1569 2246 1677 2301 Sed
1712 2255 1768 2301 et
1811 2261 2024 2316 "praece-

445 2338 524 2408 pti
551 2338 716 2392 istius
759 2337 1060 2392 observans
1114 2337 1318 2392 David:
1353 2358 1370 2390 ι
1407 2337 1655 2392 Inlroibo
1701 2337 1758 2391 in
1799 2337 2026 2391 domum

434 2441 599 2485 'tuam
632 2431 688 2484 in
729 2429 1090 2495 holocaustis,
1127 2429 1356 2484 reddam
1407 2430 1510 2485 tibi
1556 2439 1684 2485 vota
1737 2445 1860 2484 mea
1904 2444 2027 2498 quae.

446 2523 826 2578 distinxerunt
851 2521 998 2575 labia
1033 2537 1172 2576 mea.
1211 2521 1863 2578 Holocaustamedullata
1886 2519 2026 2574 offe-

449 2633 567 2671 ram
591 2615 706 2670 'tibi
756 2630 883 2670 cum
915 2614 1157 2669 incenso
1211 2623 1266 2668 et
1316 2614 1612 2679 arietibus,
1651 2613 1881 2668 offeram
1927 2611 2026 2666 tibi

451 2709 623 2764 boves
662 2722 791 2761 cum
839 2705 1012 2760 hircis
1031 2707 1099 2759 ”.
1132 2725 1148 2757 ι
1203 2704 1354 2760 ldem
1405 2705 1716 2760 bortatorio
1769 2719 2027 2759 sermone

447 2801 588 2856 alios
613 2801 986 2854 submonens:
1013 2817 1032 2849 ι
1057 2796 1267 2852 Alferte
1291 2797 1556 2864 Domino,
1579 2797 1673 2850 lilii
1697 2797 1814 2860 Dei,
1835 2797 2028 2851 afferte

448 2889 682 2944 Domino
714 2889 858 2943 ﬁlios
912 2889 1230 2943 arietum".
1275 2907 1293 2940 ι
1331 2918 1400 2928 -
1435 2907 1454 2940 ι
1493 2889 1694 2944 Tollite
1733 2888 1946 2944 hostias
1975 2895 2031 2942 et

451 2982 680 3036 introite
716 2981 773 3034 in
799 2981 942 3035 atria
979 2983 1183 3052 ejus".
1219 3001 1236 3033 ι
1279 2982 1383 3036 Et:
1417 3001 1435 3034 ι
1470 2982 1678 3037 Vovete
1717 2989 1773 3036 et
1813 2981 2030 3035 reddite

2125 488 2353 544 ἐνώπιόν
2388 504 2488 558 μου
2518 487 2725 551 κενός.)
2760 513 2826 525 -
2855 485 2994 546 «Τὰς
3024 482 3281 552 ἀπαρχὰς
3301 479 3410 534 τῶν
3433 481 3660 549 γεννημά-

2123 598 2232 634 των
2262 597 2356 634 σου
2389 578 2558 640 οίσεις
2583 579 2663 639 είς
2689 573 2840 630 οἷκον
2865 573 3073 645 Κυρίου
3095 573 3186 627 τοῦ
3199 570 3341 625 Θεοῦ
3374 589 3483 625 σου.
3512 590 3530 625 ι
3558 571 3660 636 Καὶ,

2130 691 2150 724 ι
2187 671 2280 743 Μὴ
2325 669 2544 724 ἀπείθει
2606 668 2788 740 αὐτῷ·
2835 667 2898 721 τὸ
2941 667 3051 738 γὰρ
3105 665 3281 734 ὄνομα
3313 681 3406 717 σου
3444 663 3575 716 ἐστὶν
3598 664 3662 716 ἐπ’

2125 761 2293 834 αὐτῷ.
2339 759 2618 832 Ἀπᾳρχὴν
2673 758 2879 822 ἅλωνος
2911 756 3004 810 καὶ
3033 754 3224 824 ληνοῦ,
3272 755 3334 806 οὑ
3366 751 3662 823 καθυστερήο

2127 871 2260 917 σεις.
2290 835 2471 924 Δῶρον
2537 853 2794 921 ἀπαρχῆς
2843 847 3199 919 προσοίσεται
3242 845 3386 899 αὐτὰ
3439 844 3657 914 Κυρίῳ.»

2125 947 2254 1012 Καὶ,
2279 964 2299 998 ‹
2324 944 2644 1015 Προσοίσεις
2677 942 2871 996 Θυσίαν
2895 941 3002 993 τῶν
3031 955 3307 1011 προγεννη
3318 938 3494 1008 μάτων
3525 952 3656 988 σου-ι

2118 1037 2259 1101 Kal,
2297 1055 2316 1088 ι
2363 1034 2699 1100 Ἐξιλάσεται
2729 1034 2756 1086 6
2793 1033 2972 1101 ἱερεὺς
3015 1029 3266 1100 περὶτῆς
3306 1025 3564 1098 ἁμαρτίας
3589 1027 3662 1079 σὺ·

2125 1131 2242 1193 τοῦ,
2302 1129 2397 1182 καὶ
2427 1127 2759 1197 ἀφεθήσεται
2809 1122 2978 1193 αὐτῷ.
3014 1142 3032 1174 ι
3095 1121 3207 1174 Kal
3240 1115 3423 1184 αὖθις,
3475 1137 3493 1170 ι
3525 1119 3663 1188 Προσ-

2123 1225 2385 1295 ήνεγκαν,
2405 1221 2590 1290 φησιν,
2617 1220 2666 1271 oi
2694 1218 2953 1290 ἄρχοντες
2977 1215 3048 1268 τὰ
3061 1213 3214 1284 δῶρα
3239 1211 3421 1266 αὐτῶν
3447 1210 3662 1263 ἀπέναντι

2125 1315 2218 1368 τοῦ
2245 1311 2657 1383 θυσιαστηρίου.
2689 1328 2707 1362 ι
2747 1310 2916 1377 Λέγει
2951 1307 3013 1362 δὲ
3039 1306 3134 1360 καὶ
3173 1303 3439 1373 ’Ῑεξεκιήλ
3461 1316 3475 1330 °
3529 1318 3544 1352 ι
3576 1299 3663 1362 Πᾶς

2123 1409 2153 1460 6
2184 1406 2311 1468 λαὸς
2359 1403 2522 1457 δώσει
2554 1403 2652 1474 τὴν
2701 1398 2958 1478 ἀπαρχὴν
3012 1397 3092 1468 τῷ
3123 1395 3508 1465 ἀφηγουμένῳ.
3544 1411 3561 1443 ι
3587 1390 3662 1442 Διὰ

2125 1500 2284 1554 τοῦτο
2312 1499 2407 1552 καὶ
2434 1501 2462 1551 6
2506 1496 2722 1559 Τωϐίας
2772 1493 3009 1562 ἔφασκεν
3034 1507 3048 1522 ο
3096 1507 3116 1541 ι
3152 1488 3267 1551 Τὰς
3316 1484 3556 1557 ἀπαρχὰς
3579 1482 3662 1535 τῶν

2125 1592 2480 1663 γεννημάτων
2531 1605 2632 1660 μου
2665 1587 2868 1640 ἐδίδουν
2919 1585 3032 1646 τοῖς
3065 1583 3276 1653 ἱερεῦσι
3317 1581 3394 1642 είς
3423 1580 3480 1632 τὸ
3508 1578 3662 1630 θυσία·

2128 1689 2371 1756 στήριυν.
2410 1702 2428 1734 ι
2465 1682 2576 1736 Καὶ
2595 1679 2782 1743 ἄλλος·
2826 1697 2843 1730 ι
2869 1677 2960 1746 Μὴ
2985 1675 3204 1744 ὀφθήσῃ
3238 1670 3464 1724 ἐνώπιον
3494 1667 3663 1736 Κυρίου

2125 1777 2298 1841 κενός.
2334 1795 2353 1827 ι
2408 1773 2598 1828 Ταῦτα
2629 1772 2738 1842 γὰρ
2786 1769 2964 1822 πάντα
2994 1768 3154 1837 χάριν
3179 1763 3400 1832 ἐντολῆς
3424 1761 3505 1823 δὸς
3539 1758 3664 1827 Ὑψί-

2126 1889 2237 1942 στῳ
2257 1888 2271 1903 ο
2305 1870 2400 1924 καὶ
2427 1868 2571 1922 κατὰ
2592 1864 2689 1936 τὴν
2727 1862 2875 1917 δόσιν
2898 1859 3062 1915 αὐτοῦ
3089 1901 3104 1925 ,
3151 1863 3252 1911 καὶ
3301 1852 3662 1928 ἑπταπλασίονα

2119 1960 2496 2018 ἀνταποδώσει
2540 1974 2641 2012 σοι.
2687 1957 2775 2008 Ἐν
2815 1951 3082 2023 ὀφθαλμῷ
3116 1949 3310 2020 ἀγαθῷ
3354 1947 3562 2013 δόξασαν
3591 1942 3662 1996 τὸν

2123 2056 2256 2109 Θεόν
2278 2071 2292 2087 ·
2326 2055 2419 2108 καὶ
2451 2053 2529 2122 μὴ
2561 2048 2866 2120 σμικρύνῃς
2903 2043 3160 2114 ἀπαρχὴν
3199 2040 3397 2112 χειρῶν
3444 2054 3548 2091 σου.
3595 2034 3663 2088 Ἐν

2125 2143 2276 2212 πάσῃ
2301 2141 2442 2194 δόσει
2465 2139 2736 2209 ίλὰρωσον
2767 2136 2826 2188 τὸ
2861 2132 3152 2204 πρόσωπόν
3177 2147 3294 2193 σου,
3321 2130 3398 2182 ὃτι
3420 2123 3663 2196 προσφορὰ

2125 2233 2336 2287 δικαίου
2383 2232 2620 2284 λιπαίνει
2676 2230 3082 2300 θυσιαστήριον.
3143 2227 3204 2282 'U
3237 2227 3302 2288 δὲ,
3346 2221 3663 2290 ἐντολοφύλαξ

2128 2324 2315 2391 Δαυῒδ,
2381 2342 2402 2376 ι
2435 2322 2828 2393 Είσελεύσομαι
2858 2325 2936 2386 εἰς
2983 2322 3074 2376 τὸν
3121 2318 3274 2374 οἶκόν
3304 2337 3414 2384 σου,
3463 2317 3662 2386 (malm:

2120 2415 2572 2485 ὑλοκαυτώμασιν
2629 2412 2896 2468 ἀποδώσω
2951 2430 3033 2466 σοι
3084 2412 3185 2476 τὰς
3239 2412 3402 2480 εὐχάς
3449 2425 3572 2477 μου,
3611 2403 3662 2465 ἃς

2128 2510 2419 2564 διέστειλεν
2447 2508 2515 2562 τὰ
2541 2508 2693 2578 χείλη
2731 2523 2856 2578 μου.
2918 2503 3376 2572 Ὀλοκαυτὼματα
3417 2497 3658 2572 μεμυεὶω-

2125 2603 2268 2675 μένα
2290 2601 2490 2656 ἀνοίσω
2511 2617 2614 2664 σοι,
2638 2599 2777 2670 μετὰ
2795 2599 3138 2669 θυμιάματος
3177 2597 3274 2648 καὶ
3296 2592 3456 2666 κριῶν
3474 2608 3484 2620 ·
3502 2587 3661 2642 avom

2132 2713 2214 2749 σοι
2268 2695 2394 2766 βόας
2443 2693 2583 2764 μετὰ
2609 2692 2947 2763 χειμάρρων.
2986 2709 3004 2741 ι
3045 2689 3157 2742 Kal
3209 2687 3363 2750 ἄλλος
3390 2684 3443 2737 δὲ
3469 2695 3660 2751 προτρε-

2133 2787 2313 2857 πτικῷ
2365 2787 2509 2855 λόγῳ
2538 2801 2551 2816 ·
2597 2803 2616 2835 ι
2668 2785 2961 2852 Ἐνέγκατε
3010 2779 3088 2849 τῷ
3119 2779 3335 2849 Κυρίῳ,
3367 2775 3468 2829 υἱοὶ
3520 2768 3657 2823 Θεοῦ’

2132 2879 2393 2946 ἐνέγκατε
2440 2875 2517 2946 τῷ
2561 2876 2753 2946 Κυρίῳ
2809 2873 2961 2935 υίοὺς
3005 2869 3199 2943 κριῶν.
3252 2870 3446 2937 ΙἌρατε
3489 2861 3656 2924 θυσίας,

2131 2972 2226 3025 καὶ
2257 2967 2642 3040 εἰσπορεύεσθε
2676 2969 2754 3030 είς
2780 2967 2879 3028 τὰς
2911 2964 3081 3025 αὐλὰς
3122 2961 3312 3014 αὑτοῦ.
3343 2978 3361 3012 ι
3391 2957 3507 3021 Kal,
3542 2972 3558 3005 ι
3582 2948 3656 3004 Εὖ-

452 3071 690 3128 Domino
715 3072 828 3125 Deo
876 3080 1090 3126 nostro.
1143 3071 1349 3126 Omnes
1383 3072 1478 3140 qui
1531 3073 1586 3126 in
1638 3072 1877 3126 circuitu
1912 3073 2028 3142 ejus

2136 3062 2298 3129 ξασθε
2333 3063 2427 3114 καὶ
2457 3056 2900 3142 ἀπόδοτεΔΚυρίῳ
2955 3055 3031 3125 τῷ
3065 3055 3182 3123 Θεῷ
3209 3052 3384 3124 ἡμῶν.
3407 3071 3424 3102 ι
3465 3046 3559 3101 Kal
3581 3043 3661 3098 πᾶ-

453 3163 692 3218 alfercnt
724 3162 1038 3226 munera”,
1071 3181 1088 3213 ι
1133 3163 1238 3216 hoc
1277 3169 1383 3225 est,
1417 3161 1513 3232 qui
1561 3163 1788 3232 pr0pius
1827 3162 2035 3217 adeunt

454 3257 630 3310 illum.
659 3255 1011 3326 Apostoluszc
1047 3254 1117 3310 Ut
1151 3253 1256 3309 sim
1287 3253 1542 3309 minister
1581 3254 1709 3309 Jesu
1745 3253 1948 3309 Christi
1974 3255 2031 3310 in

452 3356 646 3418 gentes
677 3345 1071 3401 administrans
1095 3346 1452 3416 Evangelium
1477 3345 1596 3411 Dei,
1623 3352 1682 3400 ut
1717 3346 2031 3401 ﬁatoblatio

453 3439 701 3510 gentium
784 3437 1142 3506 acceptabilis
1182 3477 1197 3502 ,
1269 3437 1615 3492 sanctiﬁcata
1682 3439 1740 3492 in
1812 3437 2032 3508 'Spiri‘tu

455 3530 726 3585 sancto".
763 3547 780 3580 ι
810 3529 1023 3598 Itaque,
1048 3539 1109 3583 ut
1152 3529 1264 3583 dixi
1293 3568 1306 3592 ,
1348 3530 1516 3584 homo
1547 3531 1730 3584 omnis
1762 3530 2033 3600 primitias

453 3638 518 3676 ac
547 3622 795 3678 decimas
834 3621 1037 3675 oﬂ‘erre
1075 3620 1500 3677 debetDomino
1541 3623 1686 3677 Deo:
1726 3637 1829 3676 nec
1884 3623 2032 3678 ullus

452 3722 540 3770 est
574 3713 670 3783 qui
700 3721 1002 3784 praetexere
1031 3713 1201 3783 possit
1218 3729 1282 3768 ac
1312 3713 1456 3769 tueri
1491 3731 1550 3770 se
1589 3715 1860 3769 velamine
1887 3732 2030 3786 pau-

451 3804 706 3876 pertatis.
737 3804 912 3859 Nemo
950 3804 1100 3859 enim
1138 3804 1305 3860 vidua
1350 3805 1444 3860 illa
1476 3806 1779 3876 pauperior
1818 3807 2031 3876 uspiam

429 3896 755 3978 linvenitur,
783 3911 906 3966 qua:
935 3895 1045 3951 duo
1076 3896 1288 3951 minuta
1311 3897 1568 3952 obtulit“
1595 3915 1608 3950 :
1647 3898 1864 3952 caeteris
1893 3899 2032 3952 a‘lio-

452 3989 549 4058 qui
583 3988 844 4043 omnibus
870 3988 1196 4058 ampliorem
1229 3990 1425 4044 retulit
1458 3991 1716 4059 gratiam.
1751 3991 2034 4061 Praecipue

444 4088 639 4134 autem
680 4077 939 4133 monachi
979 4077 1182 4133 offerre
1226 4079 1341 4133 Deo
1390 4079 1598 4134 debent
1652 4080 1926 4150 primitias
1979 4089 2036 4138 et

450 4169 724 4225 decimas:
746 4168 957 4240 1225
970 4184 1072 4224 nec
1085 4185 1177 4224 eas
1189 4170 1351 4225 modo
1365 4186 1488 4240 quae
1505 4171 1562 4225 in
1582 4173 1888 4242 conSpieuo
1906 4180 2036 4227 sunt

455 4276 520 4316 ac
541 4261 822 4332 propalam
877 4261 1157 4327 videntur,
1195 4261 1302 4316 hoc
1321 4271 1427 4329 est,
1459 4278 1528 4317 ex
1556 4262 1622 4318 iis
1657 4279 1778 4332 qua:
1797 4264 2033 4318 aliorum

451 4368 688 4408 munere
721 4353 855 4423 ipsis
885 4352 1320 4420 distribuuntur,
1352 4362 1450 4408 aut
1475 4368 1545 4408 ex
1571 4341 1738 4423 opere
1769 4369 2033 4408 manuum

2138 3157 2219 3208 λ-ιν
2240 3195 2255 3219 ,
2288 3173 2307 3206 ι
2345 3155 2549 3216 Πάντες
2581 3153 2630 3207 oi
2668 3137 2851 3221 ἷιύκλῳ
2875 3148 3038 3202 αὑτοῦ
3069 3146 3279 3199 οἴσουσι
3311 3144 3470 3214 δῶρα.
3493 3159 3510 3192 ι
3537 3150 3658 3190 τουτο

2134 3249 2282 3302 ἐστιν
2309 3247 2358 3298 οί
2417 3243 2728 3312 ἐγγίζοντες
2764 3239 2932 3309 αὐτῷ.
2969 3258 2987 3290 ι
3025 3237 3134 3291 Kal
3175 3240 3205 3290 6
3251 3229 3547 3291 Ἀπόστολός
3576 3243 3654 3294 φη-

2137 3331 2241 3406 σιν,
2271 3340 2364 3401 Εἰς
2393 3337 2452 3390 τὸ
2501 3353 2517 3385 ι
2554 3331 2690 3388 εἷναί
2728 3350 2796 3403 με
2825 3325 3329 3400 λειτουργὸνΊησοῦ
3354 3319 3581 3394 Χριστοῦ,
3597 3317 3654 3376 είς

2133 3431 2202 3485 τὰ
2225 3430 2349 3500 ἔθνη
2386 3426 2770 3498 ἱερουργοῦντα
2815 3423 2876 3476 τὸ
2909 3422 3244 3492 Εὑαγγέλιον
3294 3417 3382 3472 τοῦ
3420 3411 3563 3474 Θεοῦ,
3590 3408 3656 3462 (va

2134 3523 2361 3591 γένηται
2434 3521 2468 3589 ἡ
2536 3516 2821 3587 προσφορὰ
2884 3515 2994 3568 τῶν
3059 3511 3236 3567 ἐθνῶν
3300 3504 3654 3578 εὐπρόσδεκτος.

2136 3611 2441 3684 ἡγιασμένη
2475 3611 2532 3663 ἐν
2556 3607 2852 3678 Πνεύματι.
2884 3625 2904 3658 ι
2933 3605 3140 3666 Πάντες
3169 3601 3274 3672 μὲν
3307 3599 3396 3653 οὖν
3423 3599 3464 3650 οί
3491 3591 3656 3660 ἄνθρω-

2138 3721 2250 3768 ποι,
2275 3702 2350 3763 ὡς
2395 3701 2550 3770 ἔφην,
2602 3695 2986 3769 χρεωστοῦμεν
3015 3693 3274 3762 ἀπαρχὰς
3325 3689 3416 3742 καὶ
3465 3684 3654 3737 δεκάτας

2138 3792 2467 3864 προσφέρειν
2509 3788 2587 3858 τῷ
2638 3785 2789 3857 Θεῷ·
2823 3787 2916 3840 καὶ
2956 3783 3145 3855 μηδεὶς
3194 3777 3534 3853 προϐαλέσθαι
3579 3783 3654 3864 πεῖ

2136 3857 2275 3939 νίάν.
2391 3883 2499 3953 γὰρ
2521 3857 2834 3950 εὑρίσκεται
2858 3881 3199 3946 πτωχότερος
3226 3875 3322 3944 τῆς
3341 3872 3405 3924 τὰ
3427 3867 3510 3922 δύο
3523 3857 3653 3916 λεπτὰ

2139 3975 2611 4051 προσενεγκούσης
2668 3975 2865 4044 χήρας,
2923 3971 3020 4024 καὶ
3069 3968 3242 4021 πλείω
3289 3967 3490 4019 πάντων
3521 3968 3650 4027 προσ·

2135 4048 2436 4142 δεχθείσης.
2457 4067 2783 4137 Ἔξαιρέτως
2814 4065 2892 4128 δὲ,
2923 4063 2971 4115 oi
3017 4061 3244 4132 μοναχοὶ
3276 4048 3528 4142 χρεῶσται
3548 4049 3650 4142 εξσιν

2139 4137 2469 4234 προσφέρειν
2495 4159 2572 4230 τῷ
2591 4158 2709 4230 Θεῷ
2734 4156 3008 4227 ἀπαρχὰς,
3052 4152 3144 4205 καὶ⁵
3171 4151 3421 4234 δεκάτας,
3447 4141 3502 4234 οὐ
3529 4137 3649 4234 pavo?

2136 4256 2234 4319 τὰς
2277 4253 2608 4324 φαινομένας
2651 4248 2873 4311 ταύτας,
2908 4245 3207 4306 τουτέστιν,
3258 4242 3315 4306 ἐξ
3336 4232 3405 4291 ὧν
3431 4233 3512 4289 καὶ
3534 4224 3648 4280 αὑτοὶ

2138 4346 2245 4400 ἀπὸ
2275 4321 2453 4400 ἀλλων
2486 4339 2919 4410 οίκονομοῦνται,
2949 4337 3040 4389 καὶ
3062 4336 3126 4386 ἐκ
3152 4331 3248 4384 τοῦ
3278 4331 3432 4400 ἔργου
3451 4321 3541 4376 τῶν
3563 4329 3646 4410 χει·

454 4403 685 4408 ______---
721 4403 852 4423 τ---
889 4403 1320 4420 μη----η---η,
1355 4403 1448 4408 ___
1482 4403 1545 4408 ν-
1577 4403 1734 4423 Ἰ---
1769 4403 2028 4408 _-_______-

385 4504 397 4510 ,,
456 4445 716 4500 resiliunt
749 4445 1086 4500 commoda:
1148 4445 1247 4500 sed
1305 4455 1363 4500 et
1421 4445 1738 4515 spirituales
1801 4447 2028 4512 hostias,

2144 4437 2272 4508 ρῶν,
2301 4436 2440 4490 ἀλλά
2474 4403 2851 4504 πνευματικὰς
2887 4428 3099 4490 θυσίας’
3125 4421 3212 4486 αἷς
3246 4424 3338 4474 καὶ
3370 4414 3540 4515 ίίᾶέλοῖ
3562 4403 3647 4515 χξίί

391 4523 401 4552 ³
456 4547 553 4592 aut
589 4551 824 4605 quarum
841 4536 1123 4592 oblatione
1154 4536 1359 4608 gaudet
1393 4545 1546 4591 tanto
1571 4553 1683 4607 prae
1711 4536 1822 4592 illis
1867 4539 2033 4593 Deus.

457 4625 609 4681 Oﬂ'er
639 4635 814 4682 totum
847 4637 901 4683 te
933 4630 1046 4683 Deo
1082 4629 1138 4682 in
1168 4628 1552 4683 holocaustum
1584 4645 1682 4700 per
1709 4645 1860 4684 aram
1906 4645 2038 4684 con-

462 4717 722 4771 fessionis
753 4728 809 4772 et
834 4719 1223 4790 lacrymarum.
1257 4719 1313 4774 Id
1345 4721 1494 4790 quod
1522 4721 1840 4776 subindicat
1863 4722 2032 4776 illud:

463 4826 484 4862 ι
520 4808 697 4862 Boves
724 4823 851 4863 cum
884 4811 1057 4865 hircis
1075 4814 1121 4846 ³³
1151 4829 1165 4866 :
1209 4831 1230 4866 ι
1272 4813 1474 4869 comite
1500 4813 1727 4882 quidem
1761 4814 2034 4879 oratione,

457 4899 554 4956 sed
582 4916 707 4970 quae
749 4895 966 4956 sincera
1012 4903 1126 4957 sit:
1159 4913 1215 4958 et
1271 4904 1391 4959 haec
1440 4905 1765 4975 evaporatio
1806 4913 1894 4961 est
1916 4905 2034 4960 fra-

456 4992 668 5062 grantis
697 4993 930 5048 incensi.
967 4992 1120 5050 Oﬂ‘er
1153 4995 1204 5049 ei
1236 4996 1482 5064 pectoris
1525 4997 1605 5051 tui
1637 5004 1852 5068 partem
1907 4998 2036 5053 inti-

458 5099 627 5152 mam,
665 5085 817 5142 illam
868 5087 1134 5142 nimirum
1196 5102 1318 5157 quaa
1359 5097 1551 5156 suapte
1609 5096 1806 5145 natura
1851 5099 1936 5146 est
1967 5089 2036 5146 ad

462 5176 804 5233 iracundiam
858 5179 1181 5249 proclivior.
1224 5173 1374 5235 Oﬂ‘er
1402 5178 1546 5236 duos
1584 5197 1766 5248 renes,
1819 5191 2035 5255 tempe-

456 5267 694 5323 rantiam
727 5268 1014 5338 videlicet;
1041 5277 1208 5340 caput
1249 5270 1384 5326 item
1415 5285 1540 5325 eum
1574 5271 1830 5341 pedibus,
1882 5288 2037 5328 men-

460 5363 571 5415 tem
628 5376 829 5433 nempe
881 5363 1079 5419 animae
1123 5362 1434 5434 portionem
1500 5362 1877 5435 primiceriam
1924 5381 2034 5422 una

526 5520 574 5553 “
601 5519 763 5574 Deut.
787 5535 888 5582 xu,
913 5520 967 5575 6.
1042 5520 1090 5552 “
1113 5519 1286 5577 Exod.
1334 5536 1492 5586 xxm,
1526 5522 1614 5576 15.

430 5674 648 5724 .xxvm,
669 5661 722 5716 1.

459 5743 584 5795 va,
610 5730 696 5784 15.

526 5520 574 5553 ⁸³
601 5519 763 5574 Deut.
787 5535 888 5582 xII,
913 5520 967 5575 6.
1042 5520 1090 5552 “
1113 5519 1286 5577 Exod.
1334 5536 1492 5586 xxm,
1526 5522 1614 5576 15.
1725 5519 1770 5552 ⁸⁸
1803 5519 1936 5574 ibid.
1975 5523 2028 5581 19

453 5591 546 5646 26.
621 5589 667 5622 ⁸⁸
689 5589 851 5644 Num.
878 5606 977 5654 VII,
1001 5589 1088 5644 10.
1165 5591 1210 5622 ¹⁹⁰
1252 5591 1452 5646 Ezech.
1477 5607 1599 5656 va,
1632 5590 1717 5646 16.
1787 5592 1828 5623 ⁹¹
1856 5591 1992 5645 Tob.
2021 5609 2028 5646 ι

2136 5521 2183 5553 ⁸⁸
2206 5519 2380 5576 Exod.
2425 5532 2558 5582 χχιι,
2586 5519 2676 5570 29.

2132 5630 2135 5642 ,
2208 5592 2252 5623 ⁰¹
2282 5588 2454 5645 Exod.
2483 5603 2637 5651 χχιιι,
2663 5585 2749 5640 15.

799 5626 851 5644 ι..
887 5626 977 5654 νη,
1007 5626 1088 5644 ιν.
1252 5626 1452 5646 ...ουν-ι.
1479 5626 1599 5656 Auv,
1635 5626 1717 5646 .u.
1864 5626 1992 5645 ιυυ.
2022 5626 2028 5646 ι

799 5660 842 5693 ⁸⁵
868 5660 1009 5715 Psal.
1047 5675 1170 5726 xcv,
1201 5660 1254 5715 8.
1330 5661 1375 5692 "
1398 5661 1541 5715 Psal.
1571 5677 1728 5728 Lxxv,
1758 5661 1846 5714 ιε.
1923 5661 1967 5692 ’⁷
1994 5662 2028 5717 Η

2132 5630 2154 5718 ’.
2821 5653 2875 5708 2.
2902 5626 2925 5639 ⁵
2947 5626 3001 5685 ἶῖ
3013 5626 3420 5714 ἱιῖ‹ζ.’ἕιέιζέ-.ι.
3488 5626 3644 5687 "P831-

2143 4491 2224 4601 ρει
2307 4527 2438 4590 Θεός
2457 4541 2472 4556 “
2509 4491 2882 4577 ὁλοιιαύτωσον
2917 4516 3141 4572 σεαυτὸν
3197 4513 3320 4566 ὅλον
3349 4507 3421 4576 τῷ
3444 4491 3647 4601 Gali).

2142 4586 2340 4692 bonum
2366 4586 2805 4687 ἐξομολογήσεως
2837 4609 2933 4664 καὶ
2962 4605 3233 4676 δακρύων,
3267 4604 3400 4669 ὅπερ
3428 4586 3649 4692 σημαίνξξι

2146 4689 2165 4765 ὲ
2195 4689 2332 4775 Βόας
2370 4709 2508 4781 μετὰ
2539 4708 2874 4779 χειμάρρων.
2913 4721 2932 4754 ι
2975 4699 3076 4753 Διὰ
3103 4696 3348 4768 καθαρᾶς
3380 4689 3650 4781 προσευχης.

2136 4808 2274 4876 ὅπερ
2307 4777 2456 4857 ἐστὶν
2485 4777 2862 4870 τοήθυμίαμα,
2896 4792 3258 4867 προσένεγκαι
3294 4781 3434 4876 αὖτῷ
3460 4777 3514 4831 τὸ
3550 4783 3645 4876 atri:

2144 4854 2711 4971 θῆνῐον,-τὸθυμικδν,
2760 4854 2860 4942 ical
2895 4854 2985 4939 τδν
3029 4854 3185 4937 λοὸον
3233 4877 3325 4932 τοῦ
3365 4875 3566 4971 ᾕπατος,

2143 4965 2562 5061 ἐπιθυμητικὸν,
2618 4985 2711 5038 καὶ
2750 4983 2876 5046 τοὺς
2902 4980 2995 5033 δύο
3048 4974 3297 5047 νεφροὺς.
3345 4965 3648 5061 τὴν-σωῖρῗ

2148 5054 2349 5155 σύνηνλ
2375 5054 2644 5149 ⁷κεφαλὴν
2679 5078 2776 5129 σὺν
2799 5076 2912 5137 τοῖς
2942 5070 3126 5134 ποσὶν,
3172 5068 3262 5121 τὸν
3296 5056 3523 5155 ἡγεμδνῖ

2151 5136 2395 5238 silvani;
2427 5136 2693 5243 πράξεσιν
2720 5169 2820 5239 τῆς
2845 5136 2925 5230 Eis
2954 5163 3101 5234 ζωὴν
3131 5156 3394 5231 φερούσης
3420 5143 3540 5243 ὀδξδί

2153 5224 2573 5243 --σ-ν-τνηικ.
2777 5224 2816 5239 ..
2905 5224 2980 5230 --
3058 5224 3070 5234 ,
3143 5224 3218 5231 ,,
3355 5224 3361 5225 ,

2149 5287 2247 5324 σαν
2267 5269 2496 5331 ἔννοιαν,
2529 5265 2709 5317 πᾶσαν
2736 5259 2956 5332 πρᾶξιν,
2985 5256 3081 5310 καὶ
3109 5253 3337 5323 κίνησιν,
3367 5242 3451 5298 καὶ
3469 5224 3652 5332 θεωρίίιν

2146 5361 2345 5418 ἀνάθου
2368 5358 2444 5431 τῷ
2464 5327 2582 5430 θεῷ
2615 5358 2673 5410 ἐν
2706 5327 2976 5425 πνεύματι
3021 5340 3450 5418 συντετριμμένῳ
3477 5327 3556 5383 καὶ
3584 5332 3651 5371 τε·

2791 5513 2833 5543 ετ
2857 5511 3026 5566 Exod.
3045 5526 3164 5573 xm,
3209 5507 3292 5562 ιε.
3362 5499 3405 5531 ⁸⁸
3425 5493 3574 5573 LeyiL-
3597 5501 3647 5573 ιῖι

2136 5521 2183 5553 ⁸⁸
2206 5519 2380 5576 Exod.
2425 5532 2558 5582 xxn,
2586 5515 2676 5570 29.
2791 5515 2833 5543 ⁸⁷
2858 5515 3164 5573 Exod.xm,
3209 5515 3292 5562 12.
3362 5515 3405 5531 ο·
3425 5515 3574 5554 ιιενιιι
3597 5515 3647 5546 Ιί

2208 5592 2252 5623 ⁰¹
2282 5588 2454 5643 Exod.
2483 5603 2637 5643 XXIII.
2663 5585 2749 5640 15.
2824 5581 2868 5613 ’³
2902 5583 3047 5639 Psal.
3079 5595 3199 5643 ιμ’,
3227 5577 3307 5640 13,
3339 5573 3415 5626 15.
