3918 6106
357 406 486 472 1809

1272 405 1599 466 HOMILIA
1637 406 1842 467 CXXI.
1865 430 1934 440 -
1963 405 2070 466 ΒΕ
2101 401 2710 464 PROPITIATIONE.

3456 395 3592 461 1-810

341 513 724 584 ταπεινωμένῳ
748 529 761 543 ·
791 510 920 566 Ἐάν
967 510 1140 576 οὕτως
1171 512 1560 587 ὀλακαυτώσῃς
1597 515 1821 568 σεαυτὸν
1846 515 1901 584 τι]

2027 529 2154 571 cum
2189 509 2765 583 operationibus-vix,
2799 508 2912 562 sive
2954 506 3393 563 conversationis
3443 518 3600 562 recta:

335 605 476 678 Θεῷ,
504 605 849 677 ἀποκαθαίρῃ
889 604 990 675 μὲν
1039 603 1138 667 τὰς
1193 605 1400 675 λέπρας
1426 605 1536 659 τῶν
1586 605 1909 676 ἀκαθάρτων

337 698 546 763 παθῶν,
602 699 728 770 γίνῃ
759 697 816 750 δὲ
871 697 1260 770 θυσιαστήριον
1307 699 1400 751 καὶ
1443 699 1570 762 ναὸς
1623 697 1721 751 τοῦ
1751 698 1906 765 ἁγίου

342 789 682 860 Πνεύματος,
723 790 816 841 καὶ
846 787 1066 849 ἀκούεις
1103 803 1117 817 ’
1152 807 1170 839 ι
1199 789 1441 856 ’λ’παγε,
1464 788 1696 864 ,σεαυτὸν
1739 788 1910 852 δεῖξον

330 879 409 949 τῷ
434 883 587 950 ἱερεῖ,
629 899 648 932 ι
670 878 746 948 τῷ
768 877 1011 950 Χριστῷ,
1031 896 1049 929 ι
1085 879 1179 932 καὶ
1201 880 1565 948 προσένεγκαι
1585 883 1644 933 τὸ
1669 880 1863 951 δῶρον,
1885 880 1914 933 ὃ

331 970 665 1040 προσέταξέν
708 986 788 1022 σοι
829 969 907 1039 τῷ
949 969 1006 1021 ἐν
1031 969 1298 1038 πνεύματι
1323 969 1562 1040 Ἰουδαίῳ
1587 989 1604 1021 ι
1633 971 1661 1022 ὁ
1683 971 1908 1038 Μωσῆς,

331 1066 410 1125 είς
449 1061 768 1133 μαρτύριον,
795 1081 814 1114 ι
878 1057 945 1135 ἦς
995 1061 1182 1132 ἔτυχες
1211 1060 1502 1125 υἱοθεσίας.
1537 1061 1696 1131 Αὐτῷ
1727 1064 1759 1132 ή
1785 1062 1911 1126 δόξα

325 1157 409 1217 είς
437 1156 562 1220 τοὺς
588 1155 808 1219 αἰῶνας.
836 1155 1033 1226 Ἀμήν.

2017 609 2085 663 ad
2116 608 2288 662 vitam
2308 605 2695 676 provehentis;
2732 615 2948 655 omnem
2977 599 3117 654 offer
3137 599 3307 654 animi
3358 614 3591 670 concep-

2019 701 2249 764 tionem,
2291 698 2360 753 da
2397 697 2474 751 illi
2519 711 2687 765 opera
2739 692 2944 757 omnia,
2985 700 3041 746 et
3088 700 3297 746 motum
3343 693 3594 761 corporis

2021 799 2187 859 atque
2219 785 2739 855 contemplationem
2774 784 2886 836 Deo
2934 781 3366 836 consecrandam
3413 789 3594 835 trans—

2014 881 2165 935 cribe
2209 878 2376 934 corde
2422 875 2680 932 contrito.
2713 875 2974 944 Teipsum
3022 872 3068 928 si
3109 873 3190 928 sic
3229 873 3285 926 in
3319 863 3616 928 holocauo'

2014 983 2192 1028 stoma
2231 969 2501 1025 obtuleris
2534 970 2669 1034 Deo,
2704 968 2915 1037 lepram
2961 965 3156 1020 animae
3192 973 3298 1020 tuae
3346 964 3593 1034 pressius

2012 1064 2483 1118 adhaerescentem
2538 1101 2552 1124 ,
2637 1059 2906 1114 obscenas
2959 1056 3239 1120 nimirum
3306 1054 3593 1126 passiones

2014 1153 2342 1224 expurgabit
2367 1171 2380 1207 :
2405 1151 2643 1207 eﬁ'iciere
2666 1159 2849 1205 autem
2879 1158 2937 1205 tu
2968 1150 3162 1214 altare,
3187 1148 3300 1202 imo
3323 1147 3590 1218 templum
3628 1184 3641 1197 .

326 1239 574 1311 Spiritus
612 1243 808 1297 sancti.
839 1243 1058 1300 Audies
1100 1242 1209 1298 dici
1239 1283 1248 1294 .
1282 1242 1416 1298 tibi:
1471 1261 1489 1294 ι
1524 1241 1706 1308 Vade,
1784 1242 2012 1297 ostende
2056 1242 2288 1311 teipsum
2338 1240 2610 1296 sacerdoti
2646 1258 2673 1292 »ι
2717 1239 2812 1309 qui
2841 1239 3093 1320 Christus
3129 1247 3243 1304 est,
3288 1257 3307 1290 ι
3357 1246 3414 1292 et
3454 1237 3594 1291 offer:

323 1348 532 1388 munus
558 1333 704 1402 quod
740 1333 1000 1403 praecepit
1069 1333 1300 1406 Moyses,
1335 1353 1353 1386 ι
1403 1333 1456 1388 ei
1520 1334 1614 1402 qui
1646 1334 1701 1388 in
1753 1334 1954 1404 spiritu
1990 1333 2221 1390 Judzeus.
2257 1341 2365 1399 est,
2395 1351 2414 1384 ι
2481 1333 2538 1386 in
2573 1331 2949 1388 testimonium
3007 1333 3023 1364 ¹
3060 1351 3088 1384 ι
3124 1331 3243 1402 ejus
3277 1328 3598 1400 adoptionis

321 1441 495 1496 quam
527 1434 810 1481 assecutus
838 1439 920 1478 es.
959 1424 1063 1492 [psi
1089 1425 1261 1495 gloria
1295 1426 1350 1480 in
1383 1426 1602 1482 saecula.
1632 1425 1828 1480 Amen.

910 1538 1131 1592 ΛΟΓΟΣ
1162 1538 1337 1595 PKA'.

851 1649 990 1718 Περὶ
1038 1649 1395 1720 ἐξιλασμοῦ.

2535 1533 2827 1591 HOMlLl‘A
2879 1534 3066 1591 CXXl.‘

2289 1649 2368 1704 De
2414 1650 2789 1721 propitiatione
2841 1664 2932 1702 seu
2984 1648 3303 1719 placatione.

393 1762 527 1816 Δέον
553 1763 700 1815 ἐστὶν
718 1761 807 1815 τὸν
832 1760 979 1832 ἱερέα
999 1761 1215 1832 πρῶτον
1249 1763 1387 1834 ὑπὲρ
1409 1762 1600 1816 ἑαυτοῦ
1626 1762 1901 1829 ὲξιλεὼσα·

2084 1762 2322 1818 Necesse
2361 1761 2454 1827 sit,
2491 1768 2553 1815 ut
2580 1776 2682 1831 pro
2734 1759 2852 1816 suis
2872 1759 3113 1830 primum
3143 1758 3388 1829 peccatis
3416 1758 3596 1813 Deum:

320 1855 454 1908 σθαι
481 1854 573 1907 τὸν
611 1853 764 1915 Θεὸν,
794 1851 889 1905 καὶ
911 1849 1083 1914 οὕτως
1110 1852 1251 1922 ὑπὲρ
1281 1852 1374 1906 τοῦ
1415 1852 1568 1907 λαοῦ.
1604 1850 1735 1905 Εἶτα
1769 1852 1910 1906 κατὰ

317 1945 424 2017 τὴν
456 1944 672 2016 ἐντολὴν
694 1942 788 1997 τοῦ
821 1945 1025 2014 Κυρίου
1055 1943 1334 2012 λέγοντοςο
1378 1965 1396 1997 ι
1423 1945 1736 2016 Καθάρισον
1759 1945 1909 2015 πρῶ-

315 2056 414 2094 τον
436 2038 498 2091 τὸ
523 2039 670 2102 ἐντὸς
704 2037 796 2091 τοῦ
823 2037 1105 2109 ποτηρίου,
1143 2039 1236 2091 καὶ
1260 2037 1381 2091 τότε
1406 2038 1466 2091 τὸ
1517 2039 1693 2101 ἐκτός.
1731 2057 1750 2090 ι
1785 2037 1910 2101 Πῶς

315 2132 436 2202 γὰρ
453 2129 674 2184 δύναταί
706 2147 789 2192 τις
839 2129 1297 2198 ίλεωποιήσασθαι
1327 2129 1417 2182 τὸν
1467 2129 1598 2184 Θεὸν
1639 2130 1781 2201 ὑπὲρ
1808 2129 1910 2202 ἄλ-¹

313 2222 440 2286 λου,
483 2222 532 2274 εί
566 2222 638 2291 μὴ
674 2220 888 2288 πρῶτον
913 2220 1054 2290 ὑπὲρ
1080 2219 1272 2273 ἑαυτοῦ
1305 2236 1320 2285 ;
1371 2219 1527 2273 τοῦτο
1555 2220 1663 2291 γὰρ
1699 2220 1793 2273 καὶ
1816 2218 1905 2272 νό-

319 2313 494 2384 μιμόν
529 2315 696 2376 ἐστιν,
728 2310 925 2373 καθὼς
952 2328 1116 2381 φησιν
1138 2313 1165 2364 ὁ
1191 2312 1431 2380 Μωῡσῆς
1482 2311 1617 2380 πρὸς
1667 2309 1911 2382 Ἀαρὼν,

311 2406 413 2458 τὸν
436 2401 660 2469 ἀδελφὸν
681 2400 866 2454 αὐτοῦ·
896 2419 913 2451 ι
936 2401 1308 2470 Προσένεγκαι
1325 2402 1384 2454 τὸ
1403 2402 1766 2473 ὀλοκαύτωμά
1795 2420 1910 2470 σου,

314 2493 417 2547 καὶ
441 2490 662 2562 ἐξιλάσῃ
684 2489 812 2560 περὶ
827 2489 989 2542 αὐτοῦ
1015 2491 1110 2544 καὶ
1126 2491 1220 2542 τοῦ
1241 2491 1388 2544 οἴκου
1418 2508 1535 2557 σου,
1552 2493 1645 2544 καὶ
1663 2493 1908 2560 ποιήσεις

314 2584 388 2638 τὶ
428 2584 576 2652 δῶρα
620 2581 747 2650 περὶ
802 2581 894 2634 τοῦ
926 2581 1081 2646 λαοῦ,
1115 2581 1208 2636 καὶ
1236 2582 1458 2653 ἐξιλάσῃ
1486 2584 1614 2653 περὶ
1643 2582 1807 2636 αὐτοῦ
1827 2599 1898 2634 ··›

315 2677 486 2747 δῆλον
505 2675 560 2728 δὲ
581 2677 662 2728 ὃτι
690 2677 778 2728 ὅτε
806 2675 992 2728 ἑαυτὸν
1021 2674 1330 2745 ἐκάθαιρεν,
1364 2677 1457 2729 καὶ
1492 2677 1617 2739 τοὺς
1648 2675 1905 2740 οἰκείους,

315 2769 448 2822 τότε
490 2767 673 2819 λοιπὸν
732 2766 935 2834 ἐξάρας
991 2765 1204 2837 Ἀαρὼν
1234 2766 1332 2829 τὰς
1376 2769 1564 2836 χεῖρας
1613 2766 1906 2835 εὐλόγησεν

316 2860 418 2912 τὸν
460 2857 608 2912 λαόν.
653 2858 711 2910 Ὃ
738 2857 792 2910 δὲ
824 2855 1110 2926 Ἰεζεκιὴλ,
1165 2858 1294 2926 περὶ
1321 2857 1430 2910 τῶν
1481 2857 1671 2927 ίερέων
1705 2857 1906 2927 ἔφησεν

313 2948 526 3012 οὕτως,
568 2967 586 3000 ι
625 2943 779 3002 Οἶνον
811 2947 886 3019 μὴ
908 2949 1102 3001 πίωσιν
1150 2950 1260 3012 πᾶς
1301 2951 1498 3020 ἱερεὺς,
1531 2951 1590 3004 ὲν
1621 2948 1697 3019 τῷ
1723 2951 1908 3002 εἰσπο-

2016 1855 2200 1910 ﬂectat
2232 1862 2288 1910 et
2326 1854 2657 1923 repropitiet
2719 1851 3017 1908 sacerdos:
3043 1859 3207 1920 atque
3239 1849 3448 1904 utinam
3474 1849 3604 1904 sic;

2016 1947 2217 2002 deinde
2244 1962 2345 2016 pro
2373 1945 2586 2016 populi,
2605 1945 2761 2016 juxta
2792 1943 3012 1998 Domini
3044 1942 3362 1997 mandatum
3399 1940 3590 1996 dicen-

2017 2039 2088 2095 tis
2120 2057 2133 2095 :
2185 2059 2202 2091 ι
2229 2038 2429 2092 Munda
2457 2039 2614 2108 prius
2639 2035 2788 2106 quod
2824 2035 2974 2090 intus
3019 2045 3104 2090 est
3135 2034 3346 2099 calicis,
3378 2041 3434 2088 et
3460 2022 3594 2088 tunc

2015 2130 2163 2202 quod
2209 2130 2420 2185 deforis
2452 2130 2493 2184 ³.
2539 2149 2558 2181 ι
2615 2129 2719 2195 Qui
2769 2128 2916 2183 enim
2967 2125 3143 2197 possit
3193 2141 3338 2179 unus
3387 2125 3591 2195 aliquis

2016 2225 2159 2278 irato
2199 2223 2497 2278 adversum
2548 2237 2607 2276 se
2651 2221 2763 2276 Deo
2809 2236 2873 2274 ac
2910 2219 3054 2273 male
3085 2217 3324 2288 prOpitio
3354 2232 3455 2286 pro
3488 2231 3592 2287 po-
3622 2227 3630 2235 '

2014 2315 2131 2378 puli
2175 2328 2406 2369 exorare
2454 2311 2733 2382 peccatis?
2762 2310 2913 2366 Offer
2939 2311 3373 2386 holocaustoma
3409 2318 3593 2372 tuum,

2013 2417 2070 2461 et
2127 2405 2334 2476 populo
2379 2403 2714 2459 conciliabis
2767 2401 3035 2472 placabile
3085 2416 3315 2455 numen.
3367 2399 3586 2466 Liquet,

2014 2497 2161 2567 quod
2198 2497 2244 2552 si
2285 2497 2332 2551 is
2379 2496 2620 2566 primum
2664 2509 2791 2548 suas
2838 2493 2991 2547 eluat
3036 2492 3250 2557 sordes,
3311 2491 3504 2559 utique
3533 2497 3593 2545 et

2013 2589 2347 2644 domestiCos
2393 2585 2744 2657 expurgabit.
2784 2584 2942 2640 Tunc
2986 2584 3271 2654 deinceps,
3321 2583 3398 2637 ait
3443 2581 3592 2637 Scri-

2011 2690 2194 2751 ptura,
2221 2679 2454 2735 elevatis
2484 2679 2670 2733 Aaron
2695 2676 2953 2730 manibus
2983 2675 3280 2729 benedicet
3311 2673 3515 2745 populo
3543 2676 3584 2727 ³.

2011 2772 2270 2828 Ezechiel
2325 2770 2560 2841 proinde
2589 2768 2657 2824 ad
2686 2769 2838 2824 hunc
2866 2768 3090 2823 locutus
3139 2775 3226 2821 est
3262 2766 3488 2820 modum
3519 2765 3588 2820 de

2010 2862 2296 2918 sacerdote
2333 2879 2346 2915 :
2389 2879 2407 2912 ι
2443 2861 2645 2917 Vinum
2689 2875 2802 2913 non
2837 2858 2995 2913 bibet
3027 2856 3309 2923 sacerdos,
3365 2855 3588 2925 quando

2011 2953 2322 3025 ingreditur
2350 2952 2554 3007 atrium
2581 2951 2817 3006 interius
2842 2949 2886 3003 ι.
2922 2967 2939 3000 ι
2973 2948 3272 3018 Apostolus
3307 2947 3440 3002 item
3473 2947 3586 3002 ait:

314 3039 577 3112 ρεύεσθαι
607 3039 804 3101 αὐτοὺς
829 3040 907 3102 είς
937 3039 1032 3110 τὴν
1059 3039 1224 3110 αὐλὴν
1257 3040 1353 3112 τὴν
1383 3040 1675 3111 ἐσωτέραν.
1721 3059 1738 3091 ι
1792 3041 1901 3094 Καὶ

2012 3054 2034 3098 ἰ
2069 3045 2543 3113 Quemadmodum
2586 3042 2837 3114 pontifex
2865 3043 3022 3112 prius
3051 3056 3152 3111 pro
3183 3040 3426 3110 peccatis
3455 3055 3587 3109 pro-

310 3137 342 3188 ὁ
388 3131 805 3195 Ἀπόστολος··ι
847 3132 1059 3199 Ὠσπερ·
1106 3133 1155 3185 οί
1185 3133 1481 3204 ἀρχιερεῖς,
1540 3134 1723 3203 φησὶν,
1772 3133 1904 3201 πρό.

309 3242 478 3296 τερον
509 3224 649 3292 ὑπὲρ
679 3223 787 3276 τῶν
820 3223 966 3276 ἰδίων
989 3224 1270 3294 ἁμαρτιῶν
1300 3223 1491 3287 θυσίας
1514 3223 1899 3294 ἀναφέρουσιν,

311 3317 514 3371 ἔπειτα
548 3316 688 3387 ὑπὲρ
710 3315 820 3368 τῶν
851 3315 944 3368 τοῦ
973 3314 1102 3368 λαοῦ
1137 3316 1302 3388 ἁγνοη
1312 3317 1516 3387 μάτων.
1545 3335 1563 3369 ι
1589 3347 1664 3359 —
1683 3336 1702 3369 ι
1737 3317 1794 3370 '0
1819 3317 1906 3370 νό-

314 3424 424 3478 μος
454 3407 586 3479 γὰρ,
609 3406 793 3475 φησὶν.
829 3405 1146 3475 καθίστησιν
1175 3409 1452 3478 ἀρχιερεῖς
1496 3407 1720 3478 ἔχοντας
1743 3407 1904 3462 ἀσθέ-

311 3515 494 3552 νειαν.
535 3517 552 3550 ι
584 3499 689 3551 Καὶ
719 3497 906 3560 αὖθις·
943 3516 960 3548 ι
996 3499 1111 3559 Πᾶς
1139 3499 1246 3568 γὰρ
1279 3499 1566 3568 ἀρχιερεὺς
1599 3498 1658 3564 ἐξ
1696 3496 1903 3569 ἀνθρώ-

311 3609 443 3646 πων
477 3590 911 3660 λαμϐανόμενος,
944 3590 1085 3660 ὑπὲρ
1127 3590 1429 3661 ἀνθρώπων
1458 3591 1783 3645 καθίσταται
1836 3593 1904 3647 τά

313 3685 462 3755 πρὸς
487 3681 579 3735 τὸν
634 3681 785 3745 Θεὸν,
833 3681 923 3735 ἵνα
974 3682 1256 3754 προσφέρῃ
1302 3682 1449 3753 δῶρά
1473 3700 1532 3735 τε
1585 3685 1678 3737 καὶ
1712 3684 1902 3748 θυσίας

311 3775 467 3844 ὑπὲρ
528 3772 814 3845 ἁμαρτιῶν
846 3811 862 3836 ,
938 3773 1323 3843 μετριοπαθεῖν
1387 3773 1725 3844 δυνάμενος,
1789 3777 1900 3838 τοῖς

309 3863 608 3935 ἀγνοοῦσιν
650 3863 744 3918 καὶ
783 3863 1175 3933 πλανωμένοις.
1212 3864 1367 3917 Ἐπεὶ
1408 3865 1502 3917 καὶ
1547 3865 1709 3928 αὐτὸς
1741 3867 1898 3933 περί-

306 3972 501 4012 κειται
528 3955 829 4020 άσθένειαν,
869 3954 963 4008 καὶ
980 3953 1066 4008 διά
1099 3953 1304 4024 ταύτην
1326 3954 1526 4023 ὀφείλει
1556 3955 1737 4020 καθὼς
1761 3956 1901 4027 ὑπὲρ

304 4047 412 4102 τοῦ
473 4044 607 4098 λαοῦ
633 4043 803 4107 οὕτως
851 4045 944 4098 καί¹
989 4046 1117 4116 περὶ
1164 4045 1356 4098 ἑαυτοῦ
1389 4048 1717 4118 προσφέρειν
1761 4049 1900 4119 ὑπὲρ

306 4134 630 4209 ἁμαρτιῶν.
659 4155 678 4188 ι
713 4136 803 4187 Δεῖ
828 4131 938 4202 οὗν,
957 4135 1030 4199 ὡς
1063 4137 1296 4207 εἴρηται,
1317 4136 1410 4191 τὸν
1448 4138 1780 4208 καλούμενον
1796 4140 1901 4193 ὑπὸ

302 4227 410 4282 τοῦ
441 4225 600 4287 Θεοῦ,
637 4226 716 4288 είς
748 4226 810 4278 τὸ
836 4226 1166 4297 προσφέρειν
1198 4227 1347 4298 δῶρα
1402 4229 1494 4282 καὶ
1523 4228 1714 4293 θυσίας
1761 4231 1898 4304 ὑπὲρ

300 4318 410 4374 τοῦ
448 4317 608 4381 λαοῦ,
647 4316 862 4388 πρῶτον
899 4316 998 4387 τὴν
1051 4317 1245 4369 ἑαυτοῦ
1277 4317 1452 4390 ψυχὴν
1506 4321 1602 4373 καὶ
1646 4320 1707 4373 τὸ
1739 4322 1898 4392 σῶμα

2005 3140 2150 3209 priis
2191 3137 2430 3193 hostiam
2478 3137 2664 3200 oﬁ‘ert,
2697 3134 2899 3190 deinde
2937 3148 3039 3204 pro
3078 3133 3269 3204 populi
3313 3133 3356 3187 ³.
3383 3151 3401 3184 ι
3443 3132 3588 3187 Dicit

2005 3229 2152 3286 enim
2189 3247 2202 3282 :
2249 3249 2267 3281 ι
2297 3228 2410 3283 Lex
2437 3227 2728 3282 constituit
2751 3224 3050 3296 pontiﬁces
3083 3224 3464 3278 infirmitatem
3487 3224 3588 3278 ha~

2004 3324 2202 3379 bentes
2219 3323 2261 3376 ⁸.
2289 3341 2308 3375 ι
2330 3322 2580 3376 Rursus:
2613 3339 2631 3370 ι
2658 3319 2851 3374 Omnis
2879 3319 3025 3373 enim
3050 3317 3297 3387 pontifex
3320 3317 3586 3371 exhomi-‘

2003 3413 2171 3468 nibus
2206 3421 2545 3482 assumptus,
2597 3425 2698 3480 pro
2750 3409 3072 3464 hominibus
3120 3409 3486 3463 constituitur
3528 3409 3585 3463 in

2006 3504 2074 3559 iis
2123 3518 2248 3572 quas.
2288 3511 2419 3558 sunt
2463 3502 2532 3556 ad
2578 3503 2776 3567 Deum,
2808 3509 2870 3555 ut
2908 3499 3111 3555 offerat
3141 3500 3284 3554 dona
3310 3507 3367 3554 et
3409 3501 3584 3554 sacris

2005 3595 2130 3650 ﬁcia
2173 3610 2276 3665 pro
2321 3593 2596 3663 peccatis;
2636 3592 2730 3663 qui
2781 3592 3080 3648 condolere
3127 3592 3304 3663 possit
3358 3591 3426 3646 iis
3486 3592 3584 3661 qui

2006 3687 2262 3757 ignorant
2316 3693 2373 3741 et
2403 3694 2591 3740 errant
2631 3700 2645 3737 :
2679 3684 2894 3754 1226
2935 3685 3196 3754 quoniam
3231 3693 3288 3739 et
3321 3685 3438 3754 ipse
3474 3685 3585 3738 cir‘

2004 3775 2297 3831 cumdatus
2317 3785 2401 3831 est
2420 3774 2764 3840 inﬁrmitate,
2785 3782 2840 3829 et
2857 3784 3150 3845 propterea
3171 3774 3358 3839 debet,
3386 3790 3580 3842 quem-

2005 3869 2300 3924 admodum
2351 3882 2454 3937 pro
2477 3867 2685 3937 populo
2711 3908 2725 3932 ,
2754 3867 2830 3922 ita
2855 3866 3021 3922 etiam
3058 3876 3116 3921 et
3155 3882 3254 3937 pro
3285 3867 3582 3937 semetipso

2003 3959 2207 4016 offerre
2239 3975 2342 4030 pro
2371 3961 2616 4030 peccatis
2650 3960 2726 4014 ⁷.»
2779 3959 2850 4015 Ut
2876 3960 3045 4030 igitur
3069 3959 3282 4015 dictum
3316 3959 3453 4014 mihi
3484 3975 3579 4015 su-

2002 4053 2192 4123 perius
2245 4060 2351 4118 est,
2404 4067 2633 4108 necesse
2685 4053 2759 4108 sit
2809 4068 2937 4107 eum
2983 4053 3076 4123 qui
3113 4052 3179 4106 ad
3229 4052 3281 4107 id
3333 4053 3587 4108 muneris-

2001 4145 2116 4200 Dco
2155 4154 2388 4201 vocante
2419 4145 2734 4210 asciscitur,
2781 4145 2984 4200 offerre
3033 4145 3178 4200 dona
3222 4152 3276 4200 et
3311 4145 3581 4201 sacrilicia

2001 4252 2102 4305 pro
2143 4237 2396 4306 populo:
2445 4236 2602 4307 prius
2650 4244 2833 4291 tamen
2885 4237 3051 4292 debet
3096 4237 3144 4292 is
3193 4252 3347 4292 suam
3406 4237 3581 4306 ipsius

2003 4329 2262 4394 animam,
2300 4344 2502 4399 corpus
2548 4329 2677 4384 item
2720 4331 2944 4400 expiare
2970 4330 3038 4385 ab
3069 4329 3222 4385 omni
3259 4330 3388 4385 fame
3420 4330 3577 4384 inve-

302 4411 618 4482 καθαρίσαι
659 4411 764 4464 ἀπὸ
786 4410 907 4463 ὅλου
936 4409 1030 4463 τοῦ
1062 4410 1295 4464 παλαιοῦ
1322 4412 1634 4482 ἀνθρώπου,
1670 4410 1768 4469 εἷθ’
1801 4413 1896 4469 οὖ-

2007 4419 2162 4474 terati
2185 4419 2450 4484 hominis,
2480 4420 2689 4474 utinam
2716 4437 2817 4489 pro
2839 4421 2962 4474 aliis
2989 4435 3210 4491 quoque
3240 4419 3405 4485 ausit,
3435 4419 3574 4474 nihil

300 4520 425 4567 τως
467 4501 739 4571 τολμῆσαι
759 4503 857 4563 τὰς
885 4502 1026 4572 ὑπὲρ
1053 4501 1227 4555 ἄλλων
1247 4503 1541 4573 πρεσϐείας
1567 4509 1896 4578 προσφέρειν

299 4592 392 4661 τῷ
429 4589 581 4660 Θεῷ·
623 4592 717 4642 καὶ
760 4591 1043 4660 μιμεῖσθαι
1089 4592 1178 4646 τὸν
1221 4593 1395 4663 μέγαν
1429 4595 1689 4666 ἀρχιερέα
1723 4599 1895 4668 Ζαχα-

303 4684 445 4757 ρίαν
474 4680 565 4733 τὸν
586 4683 795 4751 πατέρα
811 4683 904 4735 τοῦ
921 4684 1258 4754 Προδρόμου.
1288 4681 1422 4739 «Ἦν
1446 4688 1570 4758 γὰρ,
1605 4689 1788 4759 φησὶν,
1816 4691 1890 4743 δι.

299 4790 498 4836 καιος,
532 4771 897 4843 πορευόμενος
923 4775 983 4827 ὲν
1033 4767 1231 4838 πάσᾶις
1260 4780 1379 4840 ταῖς
1408 4779 1646 4844 ἐντολαῖς
1671 4782 1896 4848 καὶτοῖς

296 4861 686 4933 δικαιώμασιν
725 4863 820 4917 τοῦ
861 4865 1066 4937 Κυρίου
1119 4867 1440 4937 ἀμέμπτως.
1476 4871 1724 4939 Ἐγένετο
1755 4875 1812 4928 δὲ
1840 4877 1897 4928 ἐν

297 4957 392 5027 τῷ
421 4956 725 5026 ἱερατεύειν
748 4957 930 5020 αὐτὸν,
976 4958 1223 5028 εἰσῆλθεν
1258 4960 1354 5013 τοῦ
1394 4962 1660 5032 θυμιᾶσαι
1699 4967 1779 5030 είς
1807 4968 1898 5022 τὸν

299 5046 468 5111 ναὸν,
497 5046 590 5100 καὶ
623 5042 689 5118 ἦν
717 5048 822 5101 πᾶν
843 5047 902 5100 τὸ
931 5046 1128 5117 πλῆθος
1154 5047 1258 5114 ἔξω
1289 5057 1314 5086 ο
1370 5055 1798 5125 προσευχόμενον
1841 5061 1900 5113 ὲν

298 5135 392 5206 τῷ
428 5135 607 5206 καιρῷ
639 5136 731 5189 τοῦ
765 5137 1126 5207 θυμιάματος.
1161 5137 1338 5210 Ὠφθη
1380 5141 1435 5194 δὲ
1464 5143 1615 5214 αὐτῷ
1636 5145 1896 5214 ἄγγελλος

300 5227 532 5298 Κυρίου
564 5227 732 5292 ἑστὼς
776 5231 838 5282 ἐκ
869 5229 1056 5296 δεξιῶν
1100 5229 1194 5282 τοῦ
1235 5230 1618 5304 θυσιαστηρίου
1642 5249 1659 5267 ⁶
1688 5238 1783 5290 καὶ
1813 5235 1894 5290 εἷ-

301 5331 447 5372 πεΨ
472 5335 491 5369 ι
518 5317 612 5388 Μὴ
635 5319 824 5387 φοϐοῦ,
857 5321 1120 5392 Ζαχαρία,
1143 5321 1275 5375 διότι
1295 5323 1622 5399 εἰσηκούσθη
1647 5329 1680 5398 ἡ
1711 5328 1895 5400 δέησίς

1999 4510 2208 4581 dispari
2242 4511 2519 4582 legatione
2545 4511 2892 4581 perfunctus,
2920 4511 3346 4582 deprecationes
3374 4512 3576 4567 offerre

1997 4603 2142 4658 Deo:
2173 4617 2240 4657 ac
2269 4603 2518 4658 imitetur
2551 4604 2815 4658 eximium
2847 4605 3001 4659 illum
3025 4605 3342 4675 pontiﬁcem
3373 4605 3579 4660 Zacha-

2000 4694 2136 4748 riam
2165 4694 2524 4764 praacursoris
2544 4703 2780 4764 patrem.
2807 4696 2885 4751 De
2917 4696 3025 4752 hoc
3051 4697 3200 4751 enim
3235 4704 3581 4752 contestatur

2001 4787 2290 4858 Scriptura
2321 4789 2363 4853 ⁸,
2390 4789 2519 4858 quia
2546 4797 2666 4844 erat
2691 4790 2897 4859 justus,
2935 4789 3202 4845 incedens
3233 4789 3290 4844 in
3320 4791 3580 4845 omnibus

2000 4877 2277 4932 mandatis
2305 4886 2361 4933 et
2375 4878 2872 4949 justiﬁeationibus
2915 4881 3136 4936 Domini
3169 4881 3292 4936 sine
3325 4880 3572 4950 querela.

1997 4969 2226 5023 Factum
2259 4977 2346 5024 est
2390 4984 2516 5024 cum
2571 4971 2884 5027 sacerdotio
2910 4972 3256 5044 fungeretur,
3291 4971 3573 5040 ingressus

1999 5069 2085 5114 est
2131 5060 2188 5114 in
2223 5061 2484 5130 templum
2517 5070 2579 5117 ut
2609 5063 2899 5120 incensum
2936 5071 3190 5133 poneret,
3223 5070 3280 5115 et
3310 5069 3430 5116 erat
3456 5075 3577 5115 om-

2001 5149 2089 5204 nis
2128 5150 2429 5206 multitudo
2472 5160 2802 5223 exspectans
2840 5166 2969 5205 eum
3012 5148 3170 5213 foris,
3205 5155 3456 5217 tempore
3488 5146 3576 5200 in-

2001 5240 2176 5295 censi.
2214 5240 2488 5311 Apparuit
2518 5251 2705 5297 autem
2737 5241 2818 5295 illi
2873 5237 3107 5310 angelus
3162 5236 3383 5293 Domini
3421 5243 3578 5291 stans

2002 5349 2032 5386 a
2075 5332 2283 5388 dextris
2307 5335 2520 5398 altaris,
2546 5342 2604 5387 et
2635 5333 2775 5386 dixit
2803 5350 2818 5385 :
2865 5350 2884 5383 ι
2916 5331 2997 5386 Ne
3035 5331 3256 5395 timeas,
3283 5327 3572 5394 Zacharia,

390 5458 410 5488 ⁸
451 5455 644 5533 Matth.
671 5471 790 5521 Vill,
822 5457 875 5533 ἦ.
899 5527 930 5533 _
951 5459 972 5488 ’
1006 5457 1196 5533 Matth.
1233 5474 1383 5533 χχιιι,
1410 5463 1501 5516 26.
1576 5463 1597 5494 ³
1633 5463 1812 5520 Levit.
1841 5481 1892 5520 ιχ

2007 5469 2037 5520 t.
2114 5467 2135 5498 '*
2165 5468 2367 5523 Ezech.
2400 5483 2542 5533 xuv,
2570 5467 2662 5522 21.
2739 5469 2758 5500 ⁸
2789 5465 2957 5522 llebr.
2995 5466 3175 5525 v1127.
3221 5466 3242 5497 ⁸
3275 5463 3444 5520 Hebr.
3477 5478 3572 5528 vn,

301 5528 416 5584 23.
494 5527 513 5556 ⁷
544 5527 712 5582 Hebr.
743 5544 799 5592 ν,
834 5527 950 5580 1-5.
1029 5525 1051 5556 ⁸
1081 5527 1215 5582 Luc.
1245 5544 1284 5592 ι,
1312 5529 1343 5582 6
1371 5544 1493 5603 seq.

1607 5640 1837 5698 VARUS
1884 5644 2286 5702 LECTIONES.

391 5735 903 5813 τηροσδεχρμενον.
930 5737 1159 5808 Vulgata
1185 5737 1356 5813 editio
1402 5737 1756 5813 legit,orans_.
1787 5741 2124 5813 Augustinus
2191 5749 2373 5797 tamen
2413 5739 2480 5795 ab
2541 5741 2713 5798 altera
2777 5740 2866 5798 illa
2924 5740 3164 5799 lectione
3209 5739 3429 5796 videtur
3453 5751 3565 5794 non

299 5805 1373 5878 abhorrere,Quaestionumevangelio.
1402 5805 1536 5877 l.'1l,
1572 5825 1687 5880 cap.
1725 5809 1775 5864 1.
