  <div class='ocr_page' id='page_1' title='image "/cluster/home/n/w/nwhite01/storage/ocr_20150623/89/mdp.39015008868328/935.png"; bbox 0 0 3918 6106; ppageno 0'>
   <div class='ocr_carea' id='block_1_1' title="bbox 418 265 557 332">
    <p class='ocr_par' dir='ltr' id='par_1_1' title="bbox 418 265 557 332">
     <span class='ocr_line' id='line_1_1' title="bbox 418 265 557 332; baseline -0.014 0"><span class='ocrx_word' id='word_1_1' title='bbox 418 265 557 332; x_wconf 80' lang='lat'><strong>1815</strong></span> 
     </span>
    </p>
   </div>
   <div class='ocr_carea' id='block_1_2' title="bbox 1730 284 3654 364">
    <p class='ocr_par' dir='ltr' id='par_1_2' title="bbox 1730 284 3654 364">
     <span class='ocr_line' id='line_1_2' title="bbox 1730 284 3654 364; baseline 0.009 -18"><span class='ocrx_word' id='word_1_2' title='bbox 1730 284 1824 346; x_wconf 73' lang='grc' dir='ltr'><strong>ΑΝ</strong></span> <span class='ocrx_word' id='word_1_3' title='bbox 1833 285 1876 344; x_wconf 84' lang='grc' dir='ltr'>Τ</span> <span class='ocrx_word' id='word_1_4' title='bbox 1882 285 2090 347; x_wconf 77' lang='lat' dir='ltr'><strong>ICCHI</strong></span> <span class='ocrx_word' id='word_1_5' title='bbox 2133 291 2474 355; x_wconf 77' lang='lat' dir='ltr'><strong>MONACHI</strong></span> <span class='ocrx_word' id='word_1_6' title='bbox 3543 296 3654 364; x_wconf 69' lang='grc' dir='ltr'>Ῑὸίθ</span> 
     </span>
    </p>
   </div>
   <div class='ocr_carea' id='block_1_3' title="bbox 412 382 2002 484">
    <p class='ocr_par' dir='ltr' id='par_1_3' title="bbox 412 382 1990 470">
     <span class='ocr_line' id='line_1_3' title="bbox 412 382 1990 470; baseline 0.011 -32"><span class='ocrx_word' id='word_1_7' title='bbox 412 400 544 452; x_wconf 85' lang='lat' dir='ltr'><strong>ccps</strong></span> <span class='ocrx_word' id='word_1_8' title='bbox 576 382 886 441; x_wconf 69' lang='lat' dir='ltr'><strong>efﬁceretur</strong></span> <span class='ocrx_word' id='word_1_9' title='bbox 917 389 1211 444; x_wconf 92' lang='lat' dir='ltr'><strong>latronum.</strong></span> <span class='ocrx_word' id='word_1_10' title='bbox 1249 392 1496 464; x_wconf 87' lang='lat' dir='ltr'><strong>Cumque</strong></span> <span class='ocrx_word' id='word_1_11' title='bbox 1528 411 1594 450; x_wconf 88' lang='lat' dir='ltr'><strong>eo</strong></span> <span class='ocrx_word' id='word_1_12' title='bbox 1621 397 1726 452; x_wconf 88' lang='lat' dir='ltr'><strong>loci</strong></span> <span class='ocrx_word' id='word_1_13' title='bbox 1753 413 1810 453; x_wconf 91' lang='lat' dir='ltr'><strong>se</strong></span> <span class='ocrx_word' id='word_1_14' title='bbox 1838 411 1990 470; x_wconf 90' lang='lat' dir='ltr'><strong>post-</strong></span> 
     </span>
    </p>
   </div>
   <div class='ocr_carea' id='block_1_4' title="bbox 2109 382 3660 484">
    <p class='ocr_par' dir='ltr' id='par_1_4' title="bbox 2109 401 3660 484">
     <span class='ocr_line' id='line_1_4' title="bbox 2109 401 3660 484; baseline 0.008 -28"><span class='ocrx_word' id='word_1_15' title='bbox 2109 401 2180 467; x_wconf 82' lang='grc' dir='ltr'>Ξιν</span> <span class='ocrx_word' id='word_1_16' title='bbox 2202 407 2366 460; x_wconf 75' lang='grc' dir='ltr'>αὑτοῦ</span> <span class='ocrx_word' id='word_1_17' title='bbox 2384 425 2396 438; x_wconf 91' lang='grc'><strong>·</strong></span> <span class='ocrx_word' id='word_1_18' title='bbox 2433 409 2556 462; x_wconf 82' lang='grc' dir='ltr'>ίδὼν</span> <span class='ocrx_word' id='word_1_19' title='bbox 2585 409 2639 464; x_wconf 86' lang='grc' dir='ltr'><strong>δέ</strong></span> <span class='ocrx_word' id='word_1_20' title='bbox 2660 411 2823 464; x_wconf 75' lang='grc' dir='ltr'>αὑτὸν</span> <span class='ocrx_word' id='word_1_21' title='bbox 2845 411 3050 477; x_wconf 79' lang='grc' dir='ltr'>ἐκεῖνος</span> <span class='ocrx_word' id='word_1_22' title='bbox 3071 411 3270 484; x_wconf 62' lang='grc' dir='ltr'>ἤρξατο</span> <span class='ocrx_word' id='word_1_23' title='bbox 3299 413 3524 481; x_wconf 73' lang='grc' dir='ltr'>φεύγειν</span> <span class='ocrx_word' id='word_1_24' title='bbox 3542 431 3553 441; x_wconf 91' lang='grc'><strong>·</strong></span> <span class='ocrx_word' id='word_1_25' title='bbox 3573 417 3598 467; x_wconf 81' lang='lat'><strong>6</strong></span> <span class='ocrx_word' id='word_1_26' title='bbox 3613 414 3660 468; x_wconf 75' lang='grc' dir='ltr'><strong>τι</strong></span> 
     </span>
    </p>
   </div>
   <div class='ocr_carea' id='block_1_5' title="bbox 407 477 1987 563">
    <p class='ocr_par' dir='ltr' id='par_1_5' title="bbox 407 477 1987 563">
     <span class='ocr_line' id='line_1_5' title="bbox 407 477 1987 563; baseline 0.01 -31"><span class='ocrx_word' id='word_1_27' title='bbox 407 477 626 534; x_wconf 90' lang='lat' dir='ltr'><strong>liminio</strong></span> <span class='ocrx_word' id='word_1_28' title='bbox 647 481 945 550; x_wconf 72' lang='lat' dir='ltr'><strong>recepisset</strong></span> <span class='ocrx_word' id='word_1_29' title='bbox 959 482 1293 554; x_wconf 84' lang='lat' dir='ltr'><strong>Theologus,</strong></span> <span class='ocrx_word' id='word_1_30' title='bbox 1310 489 1626 559; x_wconf 86' lang='lat' dir='ltr'><strong>repoposcit</strong></span> <span class='ocrx_word' id='word_1_31' title='bbox 1641 491 1710 545; x_wconf 89' lang='lat' dir='ltr'><strong>ab</strong></span> <span class='ocrx_word' id='word_1_32' title='bbox 1726 493 1987 563; x_wconf 89' lang='lat' dir='ltr'><strong>episc0po</strong></span> 
     </span>
    </p>
   </div>
   <div class='ocr_carea' id='block_1_6' title="bbox 407 571 1992 643">
    <p class='ocr_par' dir='ltr' id='par_1_6' title="bbox 407 571 1992 643">
     <span class='ocr_line' id='line_1_6' title="bbox 407 571 1992 643; baseline 0.009 -19"><span class='ocrx_word' id='word_1_33' title='bbox 407 571 513 626; x_wconf 74' lang='lat' dir='ltr'><strong>sibi</strong></span> <span class='ocrx_word' id='word_1_34' title='bbox 538 573 925 641; x_wconf 71' lang='lat' dir='ltr'><strong>reprzesentari</strong></span> <span class='ocrx_word' id='word_1_35' title='bbox 947 572 1287 643; x_wconf 91' lang='lat' dir='ltr'><strong>depositum.</strong></span> <span class='ocrx_word' id='word_1_36' title='bbox 1311 577 1696 642; x_wconf 87' lang='lat' dir='ltr'><strong>ls,arbitratus</strong></span> <span class='ocrx_word' id='word_1_37' title='bbox 1713 599 1992 639; x_wconf 88' lang='lat' dir='ltr'><strong>commen-</strong></span> 
     </span>
    </p>
   </div>
   <div class='ocr_carea' id='block_1_7' title="bbox 409 663 1990 738">
    <p class='ocr_par' dir='ltr' id='par_1_7' title="bbox 409 663 1990 738">
     <span class='ocr_line' id='line_1_7' title="bbox 409 663 1990 738; baseline 0.008 -20"><span class='ocrx_word' id='word_1_38' title='bbox 409 663 660 718; x_wconf 86' lang='lat' dir='ltr'><strong>datitiam</strong></span> <span class='ocrx_word' id='word_1_39' title='bbox 707 665 1006 734; x_wconf 82' lang='lat' dir='ltr'><strong>pecuniam</strong></span> <span class='ocrx_word' id='word_1_40' title='bbox 1057 682 1088 720; x_wconf 91' lang='lat' dir='ltr'><strong>a</strong></span> <span class='ocrx_word' id='word_1_41' title='bbox 1129 682 1190 722; x_wconf 88' lang='lat' dir='ltr'><strong>se</strong></span> <span class='ocrx_word' id='word_1_42' title='bbox 1229 670 1468 738; x_wconf 89' lang='lat' dir='ltr'><strong>reposci,</strong></span> <span class='ocrx_word' id='word_1_43' title='bbox 1507 671 1753 727; x_wconf 74' lang='lat' dir='ltr'><strong>lizerebat</strong></span> <span class='ocrx_word' id='word_1_44' title='bbox 1785 675 1990 730; x_wconf 89' lang='lat' dir='ltr'><strong>dubius</strong></span> 
     </span>
    </p>
   </div>
   <div class='ocr_carea' id='block_1_8' title="bbox 410 749 1990 835">
    <p class='ocr_par' dir='ltr' id='par_1_8' title="bbox 410 749 1990 835">
     <span class='ocr_line' id='line_1_8' title="bbox 410 749 1990 835; baseline 0.009 -28"><span class='ocrx_word' id='word_1_45' title='bbox 410 755 583 809; x_wconf 88' lang='lat' dir='ltr'><strong>animi</strong></span> <span class='ocrx_word' id='word_1_46' title='bbox 614 755 748 824; x_wconf 91' lang='lat' dir='ltr'><strong>quid</strong></span> <span class='ocrx_word' id='word_1_47' title='bbox 783 758 1149 828; x_wconf 78' lang='lat' dir='ltr'><strong>responderet</strong></span> <span class='ocrx_word' id='word_1_48' title='bbox 1175 775 1190 814; x_wconf 91' lang='lat'><strong>:</strong></span> <span class='ocrx_word' id='word_1_49' title='bbox 1219 749 1427 832; x_wconf 84' lang='lat' dir='ltr'><strong>quippe</strong></span> <span class='ocrx_word' id='word_1_50' title='bbox 1461 763 1558 832; x_wconf 90' lang='lat' dir='ltr'><strong>qui</strong></span> <span class='ocrx_word' id='word_1_51' title='bbox 1589 765 1728 818; x_wconf 84' lang='lat' dir='ltr'><strong>nihil</strong></span> <span class='ocrx_word' id='word_1_52' title='bbox 1757 765 1827 819; x_wconf 90' lang='lat' dir='ltr'><strong>ab</strong></span> <span class='ocrx_word' id='word_1_53' title='bbox 1856 782 1990 835; x_wconf 85' lang='lat' dir='ltr'><strong>apo-</strong></span> 
     </span>
    </p>
   </div>
   <div class='ocr_carea' id='block_1_9' title="bbox 410 848 1990 921">
    <p class='ocr_par' dir='ltr' id='par_1_9' title="bbox 410 848 1990 921">
     <span class='ocr_line' id='line_1_9' title="bbox 410 848 1990 921; baseline 0.008 -21"><span class='ocrx_word' id='word_1_54' title='bbox 410 848 552 901; x_wconf 83' lang='lat' dir='ltr'><strong>stolo</strong></span> <span class='ocrx_word' id='word_1_55' title='bbox 580 851 890 919; x_wconf 87' lang='lat' dir='ltr'><strong>accepisset</strong></span> <span class='ocrx_word' id='word_1_56' title='bbox 915 853 1191 921; x_wconf 66' lang='lat' dir='ltr'><strong>pecuniae.</strong></span> <span class='ocrx_word' id='word_1_57' title='bbox 1221 855 1379 910; x_wconf 91' lang='lat' dir='ltr'><strong>Tunc</strong></span> <span class='ocrx_word' id='word_1_58' title='bbox 1406 856 1545 909; x_wconf 84' lang='lat' dir='ltr'><strong>nihil</strong></span> <span class='ocrx_word' id='word_1_59' title='bbox 1572 856 1990 913; x_wconf 84' lang='lat' dir='ltr'><strong>dissimulanter</strong></span> 
     </span>
    </p>
   </div>
   <div class='ocr_carea' id='block_1_10' title="bbox 395 940 1990 1019">
    <p class='ocr_par' dir='ltr' id='par_1_10' title="bbox 395 940 1990 1019">
     <span class='ocr_line' id='line_1_10' title="bbox 395 940 1990 1019; baseline 0.01 -29"><span class='ocrx_word' id='word_1_60' title='bbox 395 940 587 1008; x_wconf 83' lang='lat' dir='ltr'><strong>aperit</strong></span> <span class='ocrx_word' id='word_1_61' title='bbox 634 955 750 994; x_wconf 91' lang='lat' dir='ltr'><strong>rem</strong></span> <span class='ocrx_word' id='word_1_62' title='bbox 804 943 1068 1013; x_wconf 91' lang='lat' dir='ltr'><strong>episc0po</strong></span> <span class='ocrx_word' id='word_1_63' title='bbox 1120 963 1132 999; x_wconf 94' lang='lat'>:</span> <span class='ocrx_word' id='word_1_64' title='bbox 1177 946 1448 1002; x_wconf 84' lang='lat' dir='ltr'><strong>Juvencm</strong></span> <span class='ocrx_word' id='word_1_65' title='bbox 1484 948 1638 1001; x_wconf 91' lang='lat' dir='ltr'><strong>illum</strong></span> <span class='ocrx_word' id='word_1_66' title='bbox 1686 965 1849 1019; x_wconf 87' lang='lat' dir='ltr'><strong>quem</strong></span> <span class='ocrx_word' id='word_1_67' title='bbox 1883 960 1990 1006; x_wconf 63' lang='lat' dir='ltr'><strong>tuae</strong></span> 
     </span>
    </p>
   </div>
   <div class='ocr_carea' id='block_1_11' title="bbox 406 1027 1992 1098">
    <p class='ocr_par' dir='ltr' id='par_1_11' title="bbox 406 1027 1992 1098">
     <span class='ocr_line' id='line_1_11' title="bbox 406 1027 1992 1098; baseline 0.01 -17"><span class='ocrx_word' id='word_1_68' title='bbox 406 1027 538 1083; x_wconf 81' lang='lat' dir='ltr'><strong>ﬁdei</strong></span> <span class='ocrx_word' id='word_1_69' title='bbox 586 1029 832 1095; x_wconf 84' lang='lat' dir='ltr'><strong>credidi,</strong></span> <span class='ocrx_word' id='word_1_70' title='bbox 889 1034 1080 1088; x_wconf 91' lang='lat' dir='ltr'><strong>redde.</strong></span> <span class='ocrx_word' id='word_1_71' title='bbox 1138 1036 1208 1089; x_wconf 82' lang='lat' dir='ltr'><strong>At</strong></span> <span class='ocrx_word' id='word_1_72' title='bbox 1249 1037 1342 1092; x_wconf 90' lang='lat' dir='ltr'><strong>hic</strong></span> <span class='ocrx_word' id='word_1_73' title='bbox 1390 1038 1600 1094; x_wconf 88' lang='lat' dir='ltr'><strong>collisis</strong></span> <span class='ocrx_word' id='word_1_74' title='bbox 1639 1042 1896 1096; x_wconf 89' lang='lat' dir='ltr'><strong>manibus</strong></span> <span class='ocrx_word' id='word_1_75' title='bbox 1935 1051 1992 1098; x_wconf 92' lang='lat' dir='ltr'><strong>et</strong></span> 
     </span>
    </p>
   </div>
   <div class='ocr_carea' id='block_1_12' title="bbox 395 1121 1991 1202">
    <p class='ocr_par' dir='ltr' id='par_1_12' title="bbox 395 1121 1991 1202">
     <span class='ocr_line' id='line_1_12' title="bbox 395 1121 1991 1202; baseline 0.009 -29"><span class='ocrx_word' id='word_1_76' title='bbox 395 1121 707 1192; x_wconf 81' lang='lat' dir='ltr'><strong>complosis</strong></span> <span class='ocrx_word' id='word_1_77' title='bbox 740 1125 1029 1193; x_wconf 86' lang='lat' dir='ltr'><strong>respondit</strong></span> <span class='ocrx_word' id='word_1_78' title='bbox 1073 1145 1085 1179; x_wconf 90' lang='lat'>:</span> <span class='ocrx_word' id='word_1_79' title='bbox 1130 1127 1224 1182; x_wconf 86' lang='lat' dir='ltr'><strong>Ille</strong></span> <span class='ocrx_word' id='word_1_80' title='bbox 1271 1137 1527 1185; x_wconf 87' lang='lat' dir='ltr'><strong>mortuus</strong></span> <span class='ocrx_word' id='word_1_81' title='bbox 1554 1139 1672 1198; x_wconf 90' lang='lat' dir='ltr'><strong>est;</strong></span> <span class='ocrx_word' id='word_1_82' title='bbox 1719 1142 1884 1202; x_wconf 90' lang='lat' dir='ltr'><strong>atque</strong></span> <span class='ocrx_word' id='word_1_83' title='bbox 1914 1136 1991 1188; x_wconf 90' lang='lat' dir='ltr'><strong>ita</strong></span> 
     </span>
    </p>
   </div>
   <div class='ocr_carea' id='block_1_13' title="bbox 406 1215 1994 1294">
    <p class='ocr_par' dir='ltr' id='par_1_13' title="bbox 406 1215 1994 1294">
     <span class='ocr_line' id='line_1_13' title="bbox 406 1215 1994 1294; baseline 0.009 -29"><span class='ocrx_word' id='word_1_84' title='bbox 406 1215 689 1269; x_wconf 84' lang='lat' dir='ltr'><strong>enarravit</strong></span> <span class='ocrx_word' id='word_1_85' title='bbox 720 1231 844 1285; x_wconf 69' lang='lat' dir='ltr'><strong>qua:</strong></span> <span class='ocrx_word' id='word_1_86' title='bbox 877 1217 956 1272; x_wconf 91' lang='lat' dir='ltr'><strong>illi</strong></span> <span class='ocrx_word' id='word_1_87' title='bbox 983 1220 1347 1290; x_wconf 80' lang='lat' dir='ltr'><strong>contigerant.</strong></span> <span class='ocrx_word' id='word_1_88' title='bbox 1399 1223 1536 1277; x_wconf 90' lang='lat' dir='ltr'><strong>Tum</strong></span> <span class='ocrx_word' id='word_1_89' title='bbox 1567 1226 1855 1294; x_wconf 83' lang='lat' dir='ltr'><strong>apostolus</strong></span> <span class='ocrx_word' id='word_1_90' title='bbox 1879 1242 1994 1280; x_wconf 90' lang='lat' dir='ltr'><strong>ma-</strong></span> 
     </span>
    </p>
   </div>
   <div class='ocr_carea' id='block_1_14' title="bbox 407 1305 1991 1382">
    <p class='ocr_par' dir='ltr' id='par_1_14' title="bbox 407 1305 1991 1382">
     <span class='ocr_line' id='line_1_14' title="bbox 407 1305 1991 1382; baseline 0.01 -26"><span class='ocrx_word' id='word_1_91' title='bbox 407 1319 516 1374; x_wconf 85' lang='lat' dir='ltr'><strong>gno</strong></span> <span class='ocrx_word' id='word_1_92' title='bbox 546 1305 832 1368; x_wconf 83' lang='lat' dir='ltr'><strong>cumﬂetu</strong></span> <span class='ocrx_word' id='word_1_93' title='bbox 863 1320 1032 1379; x_wconf 90' lang='lat' dir='ltr'><strong>caput</strong></span> <span class='ocrx_word' id='word_1_94' title='bbox 1057 1313 1366 1382; x_wconf 87' lang='lat' dir='ltr'><strong>percussit,</strong></span> <span class='ocrx_word' id='word_1_95' title='bbox 1417 1324 1474 1369; x_wconf 86' lang='lat' dir='ltr'><strong>et</strong></span> <span class='ocrx_word' id='word_1_96' title='bbox 1519 1317 1597 1370; x_wconf 88' lang='lat' dir='ltr'><strong>ait</strong></span> <span class='ocrx_word' id='word_1_97' title='bbox 1642 1335 1654 1368; x_wconf 91' lang='lat'><strong>:</strong></span> <span class='ocrx_word' id='word_1_98' title='bbox 1695 1317 1908 1371; x_wconf 89' lang='lat' dir='ltr'><strong>Bonum</strong></span> <span class='ocrx_word' id='word_1_99' title='bbox 1940 1327 1991 1373; x_wconf 88' lang='lat' dir='ltr'><strong>te</strong></span> 
     </span>
    </p>
   </div>
   <div class='ocr_carea' id='block_1_15' title="bbox 395 1398 1987 1479">
    <p class='ocr_par' dir='ltr' id='par_1_15' title="bbox 395 1398 1987 1479">
     <span class='ocr_line' id='line_1_15' title="bbox 395 1398 1987 1479; baseline 0.01 -30"><span class='ocrx_word' id='word_1_100' title='bbox 395 1398 698 1458; x_wconf 86' lang='lat' dir='ltr'><strong>custodem</strong></span> <span class='ocrx_word' id='word_1_101' title='bbox 750 1401 950 1471; x_wconf 90' lang='lat' dir='ltr'><strong>reliqui</strong></span> <span class='ocrx_word' id='word_1_102' title='bbox 1005 1402 1264 1460; x_wconf 69' lang='lat' dir='ltr'><strong>fraterna:</strong></span> <span class='ocrx_word' id='word_1_103' title='bbox 1306 1406 1542 1460; x_wconf 69' lang='lat' dir='ltr'><strong>animae!</strong></span> <span class='ocrx_word' id='word_1_104' title='bbox 1599 1408 1772 1464; x_wconf 91' lang='lat' dir='ltr'><strong>Simul</strong></span> <span class='ocrx_word' id='word_1_105' title='bbox 1817 1411 1987 1479; x_wconf 88' lang='lat' dir='ltr'><strong>dicto,</strong></span> 
     </span>
    </p>
   </div>
   <div class='ocr_carea' id='block_1_16' title="bbox 411 1493 1987 1569">
    <p class='ocr_par' dir='ltr' id='par_1_16' title="bbox 411 1493 1987 1569">
     <span class='ocr_line' id='line_1_16' title="bbox 411 1493 1987 1569; baseline 0.01 -27"><span class='ocrx_word' id='word_1_106' title='bbox 411 1503 670 1559; x_wconf 76' lang='lat' dir='ltr'><strong>egressus</strong></span> <span class='ocrx_word' id='word_1_107' title='bbox 707 1501 792 1546; x_wconf 92' lang='lat' dir='ltr'><strong>est</strong></span> <span class='ocrx_word' id='word_1_108' title='bbox 839 1493 907 1546; x_wconf 89' lang='lat' dir='ltr'><strong>ad</strong></span> <span class='ocrx_word' id='word_1_109' title='bbox 954 1497 1404 1565; x_wconf 90' lang='lat' dir='ltr'><strong>persequendum</strong></span> <span class='ocrx_word' id='word_1_110' title='bbox 1444 1499 1729 1569; x_wconf 85' lang='lat' dir='ltr'><strong>juvenem.</strong></span> <span class='ocrx_word' id='word_1_111' title='bbox 1774 1503 1842 1555; x_wconf 83' lang='lat' dir='ltr'><strong>At</strong></span> <span class='ocrx_word' id='word_1_112' title='bbox 1876 1502 1987 1567; x_wconf 88' lang='lat' dir='ltr'><strong>hic,</strong></span> 
     </span>
    </p>
   </div>
   <div class='ocr_carea' id='block_1_17' title="bbox 405 1581 1987 1658">
    <p class='ocr_par' dir='ltr' id='par_1_17' title="bbox 405 1581 1987 1658">
     <span class='ocr_line' id='line_1_17' title="bbox 405 1581 1987 1658; baseline 0.009 -25"><span class='ocrx_word' id='word_1_113' title='bbox 405 1588 470 1634; x_wconf 91' lang='lat' dir='ltr'><strong>ut</strong></span> <span class='ocrx_word' id='word_1_114' title='bbox 524 1581 671 1636; x_wconf 84' lang='lat' dir='ltr'><strong>vidit</strong></span> <span class='ocrx_word' id='word_1_115' title='bbox 724 1583 1038 1652; x_wconf 86' lang='lat' dir='ltr'><strong>Joannem,</strong></span> <span class='ocrx_word' id='word_1_116' title='bbox 1111 1588 1238 1658; x_wconf 86' lang='lat' dir='ltr'><strong>fuga</strong></span> <span class='ocrx_word' id='word_1_117' title='bbox 1299 1590 1554 1645; x_wconf 88' lang='lat' dir='ltr'><strong>concitus</strong></span> <span class='ocrx_word' id='word_1_118' title='bbox 1613 1590 1987 1648; x_wconf 86' lang='lat' dir='ltr'><strong>dilabebatur.</strong></span> 
     </span>
    </p>
   </div>
   <div class='ocr_carea' id='block_1_18' title="bbox 405 1671 1995 1752">
    <p class='ocr_par' dir='ltr' id='par_1_18' title="bbox 405 1671 1995 1752">
     <span class='ocr_line' id='line_1_18' title="bbox 405 1671 1995 1752; baseline 0.008 -27"><span class='ocrx_word' id='word_1_119' title='bbox 405 1671 691 1729; x_wconf 83' lang='lat' dir='ltr'><strong>Clamabat</strong></span> <span class='ocrx_word' id='word_1_120' title='bbox 710 1677 954 1733; x_wconf 86' lang='lat' dir='ltr'><strong>Joannes</strong></span> <span class='ocrx_word' id='word_1_121' title='bbox 979 1697 992 1733; x_wconf 92' lang='lat'><strong>:</strong></span> <span class='ocrx_word' id='word_1_122' title='bbox 1018 1680 1310 1750; x_wconf 82' lang='lat' dir='ltr'><strong>Exspecta,</strong></span> <span class='ocrx_word' id='word_1_123' title='bbox 1327 1682 1426 1747; x_wconf 86' lang='lat' dir='ltr'><strong>ﬁli,</strong></span> <span class='ocrx_word' id='word_1_124' title='bbox 1451 1692 1666 1752; x_wconf 88' lang='lat' dir='ltr'><strong>patrem</strong></span> <span class='ocrx_word' id='word_1_125' title='bbox 1686 1693 1864 1749; x_wconf 91' lang='lat' dir='ltr'><strong>tuum,</strong></span> <span class='ocrx_word' id='word_1_126' title='bbox 1891 1684 1995 1737; x_wconf 87' lang='lat' dir='ltr'><strong>mi-</strong></span> 
     </span>
    </p>
   </div>
   <div class='ocr_carea' id='block_1_19' title="bbox 408 1763 2068 1845">
    <p class='ocr_par' dir='ltr' id='par_1_19' title="bbox 408 1763 2068 1845">
     <span class='ocr_line' id='line_1_19' title="bbox 408 1763 2068 1845; baseline 0.008 -27"><span class='ocrx_word' id='word_1_127' title='bbox 408 1780 596 1820; x_wconf 83' lang='lat' dir='ltr'><strong>serere</strong></span> <span class='ocrx_word' id='word_1_128' title='bbox 625 1769 848 1825; x_wconf 86' lang='lat' dir='ltr'><strong>canitiei</strong></span> <span class='ocrx_word' id='word_1_129' title='bbox 885 1771 1054 1842; x_wconf 83' lang='lat' dir='ltr'><strong>hujus</strong></span> <span class='ocrx_word' id='word_1_130' title='bbox 1083 1789 1235 1828; x_wconf 78' lang='lat' dir='ltr'><strong>meze.</strong></span> <span class='ocrx_word' id='word_1_131' title='bbox 1277 1774 1528 1845; x_wconf 90' lang='lat' dir='ltr'><strong>Cumque</strong></span> <span class='ocrx_word' id='word_1_132' title='bbox 1560 1776 1608 1829; x_wconf 91' lang='lat' dir='ltr'><strong>is</strong></span> <span class='ocrx_word' id='word_1_133' title='bbox 1638 1776 1870 1845; x_wconf 88' lang='lat' dir='ltr'><strong>propius</strong></span> <span class='ocrx_word' id='word_1_134' title='bbox 1896 1792 1991 1831; x_wconf 87' lang='lat' dir='ltr'><strong>ac-</strong></span> <span class='ocrx_word' id='word_1_135' title='bbox 2028 1763 2068 1817; x_wconf 78' lang='grc' dir='ltr'><strong>Β</strong></span> 
     </span>
    </p>
   </div>
   <div class='ocr_carea' id='block_1_20' title="bbox 411 1857 1991 1935">
    <p class='ocr_par' dir='ltr' id='par_1_20' title="bbox 411 1857 1991 1935">
     <span class='ocr_line' id='line_1_20' title="bbox 411 1857 1991 1935; baseline 0.008 -27"><span class='ocrx_word' id='word_1_136' title='bbox 411 1857 714 1923; x_wconf 88' lang='lat' dir='ltr'><strong>currisset,</strong></span> <span class='ocrx_word' id='word_1_137' title='bbox 768 1861 1013 1929; x_wconf 91' lang='lat' dir='ltr'><strong>procidit</strong></span> <span class='ocrx_word' id='word_1_138' title='bbox 1056 1864 1206 1918; x_wconf 89' lang='lat' dir='ltr'><strong>senis</strong></span> <span class='ocrx_word' id='word_1_139' title='bbox 1234 1865 1491 1934; x_wconf 80' lang='lat' dir='ltr'><strong>genibus,</strong></span> <span class='ocrx_word' id='word_1_140' title='bbox 1529 1865 1753 1919; x_wconf 84' lang='lat' dir='ltr'><strong>dextera</strong></span> <span class='ocrx_word' id='word_1_141' title='bbox 1783 1865 1991 1935; x_wconf 87' lang='lat' dir='ltr'><strong>alioqui</strong></span> 
     </span>
    </p>
   </div>
   <div class='ocr_carea' id='block_1_21' title="bbox 410 1952 1992 2024">
    <p class='ocr_par' dir='ltr' id='par_1_21' title="bbox 410 1952 1992 2024">
     <span class='ocr_line' id='line_1_21' title="bbox 410 1952 1992 2024; baseline 0.007 -23"><span class='ocrx_word' id='word_1_142' title='bbox 410 1956 718 2004; x_wconf 89' lang='lat' dir='ltr'><strong>contracta.</strong></span> <span class='ocrx_word' id='word_1_143' title='bbox 769 1952 1124 2024; x_wconf 84' lang='lat' dir='ltr'><strong>Evangelista</strong></span> <span class='ocrx_word' id='word_1_144' title='bbox 1151 1957 1385 2024; x_wconf 91' lang='lat' dir='ltr'><strong>proinde</strong></span> <span class='ocrx_word' id='word_1_145' title='bbox 1417 1956 1846 2011; x_wconf 82' lang='lat' dir='ltr'><strong>exosculabatur</strong></span> <span class='ocrx_word' id='word_1_146' title='bbox 1873 1973 1992 2012; x_wconf 88' lang='lat' dir='ltr'><strong>ma-</strong></span> 
     </span>
    </p>
   </div>
   <div class='ocr_carea' id='block_1_22' title="bbox 408 2042 1988 2119">
    <p class='ocr_par' dir='ltr' id='par_1_22' title="bbox 408 2042 1988 2119">
     <span class='ocr_line' id='line_1_22' title="bbox 408 2042 1988 2119; baseline 0.007 -26"><span class='ocrx_word' id='word_1_147' title='bbox 408 2055 543 2094; x_wconf 89' lang='lat' dir='ltr'><strong>num</strong></span> <span class='ocrx_word' id='word_1_148' title='bbox 574 2042 744 2109; x_wconf 91' lang='lat' dir='ltr'><strong>illius,</strong></span> <span class='ocrx_word' id='word_1_149' title='bbox 772 2044 967 2102; x_wconf 89' lang='lat' dir='ltr'><strong>dicens</strong></span> <span class='ocrx_word' id='word_1_150' title='bbox 993 2065 1005 2100; x_wconf 91' lang='lat'>:</span> <span class='ocrx_word' id='word_1_151' title='bbox 1036 2047 1217 2118; x_wconf 88' lang='lat' dir='ltr'><strong>Super</strong></span> <span class='ocrx_word' id='word_1_152' title='bbox 1243 2065 1330 2103; x_wconf 90' lang='lat' dir='ltr'><strong>me</strong></span> <span class='ocrx_word' id='word_1_153' title='bbox 1361 2058 1648 2119; x_wconf 87' lang='lat' dir='ltr'><strong>peccatum</strong></span> <span class='ocrx_word' id='word_1_154' title='bbox 1675 2057 1854 2116; x_wconf 92' lang='lat' dir='ltr'><strong>tuum,</strong></span> <span class='ocrx_word' id='word_1_155' title='bbox 1883 2051 1988 2116; x_wconf 87' lang='lat' dir='ltr'><strong>ﬁli;</strong></span> 
     </span>
    </p>
   </div>
   <div class='ocr_carea' id='block_1_23' title="bbox 411 2138 1990 2208">
    <p class='ocr_par' dir='ltr' id='par_1_23' title="bbox 411 2138 1990 2208">
     <span class='ocr_line' id='line_1_23' title="bbox 411 2138 1990 2208; baseline 0.007 -23"><span class='ocrx_word' id='word_1_156' title='bbox 411 2148 442 2185; x_wconf 92' lang='lat' dir='ltr'><strong>a</strong></span> <span class='ocrx_word' id='word_1_157' title='bbox 479 2150 567 2188; x_wconf 91' lang='lat' dir='ltr'><strong>me</strong></span> <span class='ocrx_word' id='word_1_158' title='bbox 613 2138 861 2206; x_wconf 90' lang='lat' dir='ltr'><strong>requiret</strong></span> <span class='ocrx_word' id='word_1_159' title='bbox 895 2139 1040 2199; x_wconf 88' lang='lat' dir='ltr'><strong>Deus</strong></span> <span class='ocrx_word' id='word_1_160' title='bbox 1084 2143 1324 2195; x_wconf 82' lang='lat' dir='ltr'><strong>animant</strong></span> <span class='ocrx_word' id='word_1_161' title='bbox 1361 2153 1533 2195; x_wconf 88' lang='lat' dir='ltr'><strong>tuam.</strong></span> <span class='ocrx_word' id='word_1_162' title='bbox 1586 2142 1637 2195; x_wconf 84' lang='lat' dir='ltr'><strong>Is</strong></span> <span class='ocrx_word' id='word_1_163' title='bbox 1666 2156 1990 2208; x_wconf 84' lang='lat' dir='ltr'><strong>conversus,</strong></span> 
     </span>
    </p>
   </div>
   <div class='ocr_carea' id='block_1_24' title="bbox 413 2225 1993 2294">
    <p class='ocr_par' dir='ltr' id='par_1_24' title="bbox 413 2225 1993 2294">
     <span class='ocr_line' id='line_1_24' title="bbox 413 2225 1993 2294; baseline 0.008 -19"><span class='ocrx_word' id='word_1_164' title='bbox 413 2225 570 2279; x_wconf 82' lang='lat' dir='ltr'><strong>velut</strong></span> <span class='ocrx_word' id='word_1_165' title='bbox 595 2229 936 2294; x_wconf 87' lang='lat' dir='ltr'><strong>postliminio</strong></span> <span class='ocrx_word' id='word_1_166' title='bbox 969 2231 1149 2285; x_wconf 84' lang='lat' dir='ltr'><strong>factus</strong></span> <span class='ocrx_word' id='word_1_167' title='bbox 1172 2242 1256 2286; x_wconf 90' lang='lat' dir='ltr'><strong>est</strong></span> <span class='ocrx_word' id='word_1_168' title='bbox 1283 2247 1378 2287; x_wconf 90' lang='lat' dir='ltr'><strong>vas</strong></span> <span class='ocrx_word' id='word_1_169' title='bbox 1402 2233 1715 2288; x_wconf 90' lang='lat' dir='ltr'><strong>electionis.</strong></span> <span class='ocrx_word' id='word_1_170' title='bbox 1741 2234 1823 2287; x_wconf 90' lang='lat' dir='ltr'><strong>En</strong></span> <span class='ocrx_word' id='word_1_171' title='bbox 1847 2233 1993 2288; x_wconf 89' lang='lat' dir='ltr'><strong>istud</strong></span> 
     </span>
    </p>
   </div>
   <div class='ocr_carea' id='block_1_25' title="bbox 413 2322 1996 2396">
    <p class='ocr_par' dir='ltr' id='par_1_25' title="bbox 413 2322 1996 2396">
     <span class='ocr_line' id='line_1_25' title="bbox 413 2322 1996 2396; baseline 0.007 -27"><span class='ocrx_word' id='word_1_172' title='bbox 413 2325 502 2370; x_wconf 88' lang='lat' dir='ltr'><strong>est</strong></span> <span class='ocrx_word' id='word_1_173' title='bbox 527 2328 806 2386; x_wconf 89' lang='lat' dir='ltr'><strong>pastorem</strong></span> <span class='ocrx_word' id='word_1_174' title='bbox 838 2322 1009 2390; x_wconf 88' lang='lat' dir='ltr'><strong>probe</strong></span> <span class='ocrx_word' id='word_1_175' title='bbox 1034 2338 1220 2394; x_wconf 85' lang='lat' dir='ltr'><strong>agere,</strong></span> <span class='ocrx_word' id='word_1_176' title='bbox 1243 2325 1306 2378; x_wconf 80' lang='lat' dir='ltr'><strong>ac</strong></span> <span class='ocrx_word' id='word_1_177' title='bbox 1327 2325 1622 2380; x_wconf 88' lang='lat' dir='ltr'><strong>sinceriter</strong></span> <span class='ocrx_word' id='word_1_178' title='bbox 1640 2326 1882 2380; x_wconf 89' lang='lat' dir='ltr'><strong>animam</strong></span> <span class='ocrx_word' id='word_1_179' title='bbox 1900 2342 1996 2396; x_wconf 91' lang='lat' dir='ltr'><strong>po—</strong></span> 
     </span>
    </p>
   </div>
   <div class='ocr_carea' id='block_1_26' title="bbox 412 2412 1995 2488">
    <p class='ocr_par' dir='ltr' id='par_1_26' title="bbox 412 2412 1995 2488">
     <span class='ocr_line' id='line_1_26' title="bbox 412 2412 1995 2488; baseline 0.009 -28"><span class='ocrx_word' id='word_1_180' title='bbox 412 2423 548 2463; x_wconf 84' lang='lat' dir='ltr'><strong>nere</strong></span> <span class='ocrx_word' id='word_1_181' title='bbox 584 2425 684 2479; x_wconf 89' lang='lat' dir='ltr'><strong>pro</strong></span> <span class='ocrx_word' id='word_1_182' title='bbox 717 2412 938 2468; x_wconf 84' lang='lat' dir='ltr'><strong>ovibus.</strong></span> <span class='ocrx_word' id='word_1_183' title='bbox 997 2414 1148 2470; x_wconf 78' lang='lat' dir='ltr'><strong>lianc</strong></span> <span class='ocrx_word' id='word_1_184' title='bbox 1187 2416 1258 2470; x_wconf 92' lang='lat' dir='ltr'><strong>ob</strong></span> <span class='ocrx_word' id='word_1_185' title='bbox 1289 2433 1404 2471; x_wconf 88' lang='lat' dir='ltr'><strong>rem</strong></span> <span class='ocrx_word' id='word_1_186' title='bbox 1449 2417 1763 2473; x_wconf 88' lang='lat' dir='ltr'><strong>incredibili</strong></span> <span class='ocrx_word' id='word_1_187' title='bbox 1793 2420 1995 2488; x_wconf 89' lang='lat' dir='ltr'><strong>gaudio</strong></span> 
     </span>
    </p>
   </div>
   <div class='ocr_carea' id='block_1_27' title="bbox 413 2500 1998 2576">
    <p class='ocr_par' dir='ltr' id='par_1_27' title="bbox 413 2500 1998 2576">
     <span class='ocr_line' id='line_1_27' title="bbox 413 2500 1998 2576; baseline 0.006 -22"><span class='ocrx_word' id='word_1_188' title='bbox 413 2500 791 2569; x_wconf 79' lang='lat' dir='ltr'><strong>perlundetur</strong></span> <span class='ocrx_word' id='word_1_189' title='bbox 841 2505 1092 2576; x_wconf 89' lang='lat' dir='ltr'><strong>mireque</strong></span> <span class='ocrx_word' id='word_1_190' title='bbox 1137 2507 1537 2575; x_wconf 89' lang='lat' dir='ltr'><strong>oblectabitur,</strong></span> <span class='ocrx_word' id='word_1_191' title='bbox 1596 2519 1652 2563; x_wconf 89' lang='lat' dir='ltr'><strong>et</strong></span> <span class='ocrx_word' id='word_1_192' title='bbox 1701 2509 1998 2565; x_wconf 89' lang='lat' dir='ltr'><strong>hilarescct</strong></span> 
     </span>
    </p>
   </div>
   <div class='ocr_carea' id='block_1_28' title="bbox 415 2592 1998 2665">
    <p class='ocr_par' dir='ltr' id='par_1_28' title="bbox 415 2592 1998 2665">
     <span class='ocr_line' id='line_1_28' title="bbox 415 2592 1998 2665; baseline 0.006 -19"><span class='ocrx_word' id='word_1_193' title='bbox 415 2592 591 2649; x_wconf 87' lang='lat' dir='ltr'><strong>ubere</strong></span> <span class='ocrx_word' id='word_1_194' title='bbox 614 2595 795 2652; x_wconf 86' lang='lat' dir='ltr'><strong>fetura</strong></span> <span class='ocrx_word' id='word_1_195' title='bbox 826 2598 1015 2653; x_wconf 90' lang='lat' dir='ltr'><strong>ovium</strong></span> <span class='ocrx_word' id='word_1_196' title='bbox 1041 2615 1288 2655; x_wconf 91' lang='lat' dir='ltr'><strong>suarum.</strong></span> <span class='ocrx_word' id='word_1_197' title='bbox 1329 2599 1606 2656; x_wconf 89' lang='lat' dir='ltr'><strong>Gaudebit</strong></span> <span class='ocrx_word' id='word_1_198' title='bbox 1630 2617 1782 2665; x_wconf 89' lang='lat' dir='ltr'><strong>sane,</strong></span> <span class='ocrx_word' id='word_1_199' title='bbox 1809 2601 1853 2655; x_wconf 90' lang='lat' dir='ltr'><strong>si</strong></span> <span class='ocrx_word' id='word_1_200' title='bbox 1880 2604 1998 2656; x_wconf 84' lang='lat' dir='ltr'><strong>sin-</strong></span> 
     </span>
    </p>
   </div>
   <div class='ocr_carea' id='block_1_29' title="bbox 414 2683 1996 2760">
    <p class='ocr_par' dir='ltr' id='par_1_29' title="bbox 414 2683 1996 2760">
     <span class='ocr_line' id='line_1_29' title="bbox 414 2683 1996 2760; baseline 0.007 -23"><span class='ocrx_word' id='word_1_201' title='bbox 414 2683 572 2753; x_wconf 83' lang='lat' dir='ltr'><strong>gulas</strong></span> <span class='ocrx_word' id='word_1_202' title='bbox 597 2701 845 2757; x_wconf 90' lang='lat' dir='ltr'><strong>quasque</strong></span> <span class='ocrx_word' id='word_1_203' title='bbox 877 2691 1216 2760; x_wconf 86' lang='lat' dir='ltr'><strong>compererit</strong></span> <span class='ocrx_word' id='word_1_204' title='bbox 1244 2690 1575 2758; x_wconf 90' lang='lat' dir='ltr'><strong>incolumes,</strong></span> <span class='ocrx_word' id='word_1_205' title='bbox 1608 2692 1652 2745; x_wconf 91' lang='lat' dir='ltr'><strong>si</strong></span> <span class='ocrx_word' id='word_1_206' title='bbox 1678 2693 1829 2747; x_wconf 90' lang='lat' dir='ltr'><strong>nulla</strong></span> <span class='ocrx_word' id='word_1_207' title='bbox 1854 2708 1884 2747; x_wconf 92' lang='lat' dir='ltr'><strong>e</strong></span> <span class='ocrx_word' id='word_1_208' title='bbox 1908 2709 1996 2748; x_wconf 91' lang='lat' dir='ltr'><strong>se-</strong></span> 
     </span>
    </p>
   </div>
   <div class='ocr_carea' id='block_1_30' title="bbox 415 2779 1999 2852">
    <p class='ocr_par' dir='ltr' id='par_1_30' title="bbox 415 2779 1999 2852">
     <span class='ocr_line' id='line_1_30' title="bbox 415 2779 1999 2852; baseline 0.006 -25"><span class='ocrx_word' id='word_1_209' title='bbox 415 2783 531 2844; x_wconf 76' lang='lat' dir='ltr'><strong>ptis</strong></span> <span class='ocrx_word' id='word_1_210' title='bbox 576 2779 877 2833; x_wconf 79' lang='lat' dir='ltr'><strong>excrravit.</strong></span> <span class='ocrx_word' id='word_1_211' title='bbox 941 2779 998 2835; x_wconf 86' lang='lat' dir='ltr'><strong>Si</strong></span> <span class='ocrx_word' id='word_1_212' title='bbox 1045 2796 1210 2849; x_wconf 88' lang='lat' dir='ltr'><strong>quam</strong></span> <span class='ocrx_word' id='word_1_213' title='bbox 1263 2781 1485 2836; x_wconf 92' lang='lat' dir='ltr'><strong>demum</strong></span> <span class='ocrx_word' id='word_1_214' title='bbox 1539 2782 1907 2852; x_wconf 90' lang='lat' dir='ltr'><strong>dispalantem</strong></span> <span class='ocrx_word' id='word_1_215' title='bbox 1943 2795 1999 2839; x_wconf 91' lang='lat' dir='ltr'><strong>et</strong></span> 
     </span>
    </p>
   </div>
   <div class='ocr_carea' id='block_1_31' title="bbox 413 2870 1999 2945">
    <p class='ocr_par' dir='ltr' id='par_1_31' title="bbox 413 2870 1999 2945">
     <span class='ocr_line' id='line_1_31' title="bbox 413 2870 1999 2945; baseline 0.004 -22"><span class='ocrx_word' id='word_1_216' title='bbox 413 2870 710 2925; x_wconf 75' lang='lat' dir='ltr'><strong>erraticum</strong></span> <span class='ocrx_word' id='word_1_217' title='bbox 757 2872 1026 2927; x_wconf 90' lang='lat' dir='ltr'><strong>Dominus</strong></span> <span class='ocrx_word' id='word_1_218' title='bbox 1064 2873 1530 2942; x_wconf 87' lang='lat' dir='ltr'><strong>deprehenderit,</strong></span> <span class='ocrx_word' id='word_1_219' title='bbox 1582 2891 1663 2930; x_wconf 74' lang='lat' dir='ltr'><strong>vze</strong></span> <span class='ocrx_word' id='word_1_220' title='bbox 1695 2875 1803 2930; x_wconf 91' lang='lat' dir='ltr'><strong>erit</strong></span> <span class='ocrx_word' id='word_1_221' title='bbox 1847 2877 1999 2945; x_wconf 88' lang='lat' dir='ltr'><strong>ejus-</strong></span> 
     </span>
    </p>
   </div>
   <div class='ocr_carea' id='block_1_32' title="bbox 415 2963 2000 3037">
    <p class='ocr_par' dir='ltr' id='par_1_32' title="bbox 415 2963 2000 3037">
     <span class='ocr_line' id='line_1_32' title="bbox 415 2963 2000 3037; baseline 0.004 -22"><span class='ocrx_word' id='word_1_222' title='bbox 415 2963 568 3016; x_wconf 89' lang='lat' dir='ltr'><strong>modi</strong></span> <span class='ocrx_word' id='word_1_223' title='bbox 601 2965 941 3033; x_wconf 86' lang='lat' dir='ltr'><strong>pastoribus.</strong></span> <span class='ocrx_word' id='word_1_224' title='bbox 1002 2965 1277 3021; x_wconf 71' lang='lat' dir='ltr'><strong>thterum</strong></span> <span class='ocrx_word' id='word_1_225' title='bbox 1317 2967 1420 3036; x_wconf 89' lang='lat' dir='ltr'><strong>ipsi</strong></span> <span class='ocrx_word' id='word_1_226' title='bbox 1454 2975 1729 3037; x_wconf 88' lang='lat' dir='ltr'><strong>pastores,</strong></span> <span class='ocrx_word' id='word_1_227' title='bbox 1767 2968 1811 3022; x_wconf 90' lang='lat' dir='ltr'><strong>si</strong></span> <span class='ocrx_word' id='word_1_228' title='bbox 1845 2984 2000 3023; x_wconf 91' lang='lat' dir='ltr'><strong>com-</strong></span> 
     </span>
    </p>
   </div>
   <div class='ocr_carea' id='block_1_33' title="bbox 416 3054 2000 3131">
    <p class='ocr_par' dir='ltr' id='par_1_33' title="bbox 416 3054 2000 3131">
     <span class='ocr_line' id='line_1_33' title="bbox 416 3054 2000 3131; baseline 0.005 -24"><span class='ocrx_word' id='word_1_229' title='bbox 416 3054 712 3123; x_wconf 81' lang='lat' dir='ltr'><strong>perientur</strong></span> <span class='ocrx_word' id='word_1_230' title='bbox 752 3055 809 3109; x_wconf 90' lang='lat' dir='ltr'><strong>in</strong></span> <span class='ocrx_word' id='word_1_231' title='bbox 841 3058 1140 3126; x_wconf 82' lang='lat' dir='ltr'><strong>pudendos.</strong></span> <span class='ocrx_word' id='word_1_232' title='bbox 1161 3075 1390 3114; x_wconf 87' lang='lat' dir='ltr'><strong>errores</strong></span> <span class='ocrx_word' id='word_1_233' title='bbox 1415 3061 1690 3130; x_wconf 89' lang='lat' dir='ltr'><strong>prolapsi,</strong></span> <span class='ocrx_word' id='word_1_234' title='bbox 1727 3061 1861 3131; x_wconf 87' lang='lat' dir='ltr'><strong>quid</strong></span> <span class='ocrx_word' id='word_1_235' title='bbox 1896 3061 2000 3115; x_wconf 91' lang='lat' dir='ltr'><strong>hos</strong></span> 
     </span>
    </p>
   </div>
   <div class='ocr_carea' id='block_1_34' title="bbox 418 3117 2072 3224">
    <p class='ocr_par' dir='ltr' id='par_1_34' title="bbox 418 3117 2072 3224">
     <span class='ocr_line' id='line_1_34' title="bbox 418 3117 2072 3224; baseline 0.004 -23"><span class='ocrx_word' id='word_1_236' title='bbox 418 3161 610 3217; x_wconf 89' lang='lat' dir='ltr'><strong>speres</strong></span> <span class='ocrx_word' id='word_1_237' title='bbox 643 3148 728 3202; x_wconf 93' lang='lat' dir='ltr'><strong>sui</strong></span> <span class='ocrx_word' id='word_1_238' title='bbox 761 3150 944 3219; x_wconf 81' lang='lat' dir='ltr'><strong>gregis</strong></span> <span class='ocrx_word' id='word_1_239' title='bbox 978 3151 1214 3206; x_wconf 91' lang='lat' dir='ltr'><strong>Domino</strong></span> <span class='ocrx_word' id='word_1_240' title='bbox 1246 3155 1644 3221; x_wconf 87' lang='lat' dir='ltr'><strong>responsuros?</strong></span> <span class='ocrx_word' id='word_1_241' title='bbox 1678 3155 1821 3207; x_wconf 85' lang='lat' dir='ltr'><strong>Num</strong></span> <span class='ocrx_word' id='word_1_242' title='bbox 1852 3155 2001 3224; x_wconf 92' lang='lat' dir='ltr'><strong>quod</strong></span> <span class='ocrx_word' id='word_1_243' title='bbox 2031 3117 2072 3174; x_wconf 63' lang='grc' dir='ltr'>ο</span> 
     </span>
    </p>
   </div>
   <div class='ocr_carea' id='block_1_35' title="bbox 420 3237 2004 3311">
    <p class='ocr_par' dir='ltr' id='par_1_35' title="bbox 420 3237 2004 3311">
     <span class='ocr_line' id='line_1_35' title="bbox 420 3237 2004 3311; baseline 0.005 -20"><span class='ocrx_word' id='word_1_244' title='bbox 420 3237 780 3308; x_wconf 88' lang='lat' dir='ltr'><strong>improbitate</strong></span> <span class='ocrx_word' id='word_1_245' title='bbox 811 3239 999 3294; x_wconf 88' lang='lat' dir='ltr'><strong>ovium</strong></span> <span class='ocrx_word' id='word_1_246' title='bbox 1033 3241 1375 3311; x_wconf 88' lang='lat' dir='ltr'><strong>dispalantes</strong></span> <span class='ocrx_word' id='word_1_247' title='bbox 1399 3243 1746 3297; x_wconf 79' lang='lat' dir='ltr'><strong>exerrarint?</strong></span> <span class='ocrx_word' id='word_1_248' title='bbox 1778 3243 2004 3299; x_wconf 89' lang='lat' dir='ltr'><strong>Talibus</strong></span> 
     </span>
    </p>
   </div>
   <div class='ocr_carea' id='block_1_36' title="bbox 420 3329 2004 3401">
    <p class='ocr_par' dir='ltr' id='par_1_36' title="bbox 420 3329 2004 3401">
     <span class='ocr_line' id='line_1_36' title="bbox 420 3329 2004 3401; baseline 0.003 -18"><span class='ocrx_word' id='word_1_249' title='bbox 420 3329 616 3401; x_wconf 89' lang='lat' dir='ltr'><strong>utique</strong></span> <span class='ocrx_word' id='word_1_250' title='bbox 666 3347 737 3386; x_wconf 92' lang='lat' dir='ltr'><strong>ne</strong></span> <span class='ocrx_word' id='word_1_251' title='bbox 780 3334 1056 3388; x_wconf 89' lang='lat' dir='ltr'><strong>tantillum</strong></span> <span class='ocrx_word' id='word_1_252' title='bbox 1093 3333 1220 3389; x_wconf 82' lang='lat' dir='ltr'><strong>ﬁdei</strong></span> <span class='ocrx_word' id='word_1_253' title='bbox 1257 3334 1725 3389; x_wconf 87' lang='lat' dir='ltr'><strong>commodabitur.</strong></span> <span class='ocrx_word' id='word_1_254' title='bbox 1766 3335 1825 3389; x_wconf 88' lang='lat' dir='ltr'><strong>ld</strong></span> <span class='ocrx_word' id='word_1_255' title='bbox 1855 3335 2004 3390; x_wconf 91' lang='lat' dir='ltr'><strong>enim</strong></span> 
     </span>
    </p>
   </div>
   <div class='ocr_carea' id='block_1_37' title="bbox 419 3427 2005 3502">
    <p class='ocr_par' dir='ltr' id='par_1_37' title="bbox 419 3427 2005 3502">
     <span class='ocr_line' id='line_1_37' title="bbox 419 3427 2005 3502; baseline 0.004 -22"><span class='ocrx_word' id='word_1_256' title='bbox 419 3427 774 3494; x_wconf 88' lang='lat' dir='ltr'><strong>incredibile,</strong></span> <span class='ocrx_word' id='word_1_257' title='bbox 796 3437 858 3484; x_wconf 92' lang='lat' dir='ltr'><strong>ut</strong></span> <span class='ocrx_word' id='word_1_258' title='bbox 881 3430 950 3484; x_wconf 90' lang='lat' dir='ltr'><strong>ab</strong></span> <span class='ocrx_word' id='word_1_259' title='bbox 969 3445 1070 3484; x_wconf 91' lang='lat' dir='ltr'><strong>ove</strong></span> <span class='ocrx_word' id='word_1_260' title='bbox 1093 3441 1280 3500; x_wconf 86' lang='lat' dir='ltr'><strong>pastor</strong></span> <span class='ocrx_word' id='word_1_261' title='bbox 1295 3431 1595 3501; x_wconf 85' lang='lat' dir='ltr'><strong>quidquam</strong></span> <span class='ocrx_word' id='word_1_262' title='bbox 1614 3434 1886 3502; x_wconf 89' lang='lat' dir='ltr'><strong>patiatur;</strong></span> <span class='ocrx_word' id='word_1_263' title='bbox 1917 3433 2005 3488; x_wconf 88' lang='lat' dir='ltr'><strong>vel</strong></span> 
     </span>
    </p>
   </div>
   <div class='ocr_carea' id='block_1_38' title="bbox 419 3520 2005 3594">
    <p class='ocr_par' dir='ltr' id='par_1_38' title="bbox 419 3520 2005 3594">
     <span class='ocr_line' id='line_1_38' title="bbox 419 3520 2005 3594; baseline 0.004 -20"><span class='ocrx_word' id='word_1_264' title='bbox 419 3520 496 3576; x_wconf 90' lang='lat' dir='ltr'><strong>ob</strong></span> <span class='ocrx_word' id='word_1_265' title='bbox 526 3521 678 3576; x_wconf 81' lang='lat' dir='ltr'><strong>hunc</strong></span> <span class='ocrx_word' id='word_1_266' title='bbox 727 3524 962 3579; x_wconf 79' lang='lat' dir='ltr'><strong>maxime</strong></span> <span class='ocrx_word' id='word_1_267' title='bbox 987 3523 1312 3579; x_wconf 89' lang='lat' dir='ltr'><strong>mendacem</strong></span> <span class='ocrx_word' id='word_1_268' title='bbox 1347 3532 1676 3594; x_wconf 59' lang='lat' dir='ltr'><strong>pratextum</strong></span> <span class='ocrx_word' id='word_1_269' title='bbox 1709 3567 1723 3591; x_wconf 90' lang='lat'><strong>,</strong></span> <span class='ocrx_word' id='word_1_270' title='bbox 1760 3526 2005 3580; x_wconf 89' lang='lat' dir='ltr'><strong>atrocio-</strong></span> 
     </span>
    </p>
   </div>
   <div class='ocr_carea' id='block_1_39' title="bbox 419 3615 2005 3691">
    <p class='ocr_par' dir='ltr' id='par_1_39' title="bbox 419 3615 2005 3691">
     <span class='ocr_line' id='line_1_39' title="bbox 419 3615 2005 3691; baseline 0.004 -23"><span class='ocrx_word' id='word_1_271' title='bbox 419 3630 512 3669; x_wconf 82' lang='lat' dir='ltr'><strong>res</strong></span> <span class='ocrx_word' id='word_1_272' title='bbox 580 3615 732 3670; x_wconf 90' lang='lat' dir='ltr'><strong>luent</strong></span> <span class='ocrx_word' id='word_1_273' title='bbox 792 3631 1004 3686; x_wconf 64' lang='lat' dir='ltr'><strong>pinnas.</strong></span> <span class='ocrx_word' id='word_1_274' title='bbox 1086 3619 1302 3689; x_wconf 77' lang='lat'><strong>1229</strong></span> <span class='ocrx_word' id='word_1_275' title='bbox 1369 3620 1506 3674; x_wconf 86' lang='lat' dir='ltr'><strong>Cum</strong></span> <span class='ocrx_word' id='word_1_276' title='bbox 1559 3620 1729 3690; x_wconf 83' lang='lat' dir='ltr'><strong>igitur</strong></span> <span class='ocrx_word' id='word_1_277' title='bbox 1786 3620 2005 3691; x_wconf 89' lang='lat' dir='ltr'><strong>perspi-</strong></span> 
     </span>
    </p>
   </div>
   <div class='ocr_carea' id='block_1_40' title="bbox 420 3708 2008 3779">
    <p class='ocr_par' dir='ltr' id='par_1_40' title="bbox 420 3708 2008 3779">
     <span class='ocr_line' id='line_1_40' title="bbox 420 3708 2008 3779; baseline 0.006 -19"><span class='ocrx_word' id='word_1_278' title='bbox 420 3723 524 3761; x_wconf 88' lang='lat' dir='ltr'><strong>cue</strong></span> <span class='ocrx_word' id='word_1_279' title='bbox 549 3708 846 3779; x_wconf 87' lang='lat' dir='ltr'><strong>cognorint</strong></span> <span class='ocrx_word' id='word_1_280' title='bbox 870 3725 978 3764; x_wconf 91' lang='lat' dir='ltr'><strong>non</strong></span> <span class='ocrx_word' id='word_1_281' title='bbox 1001 3711 1439 3779; x_wconf 82' lang='lat' dir='ltr'><strong>perfunctoriam</strong></span> <span class='ocrx_word' id='word_1_282' title='bbox 1462 3713 1782 3768; x_wconf 90' lang='lat' dir='ltr'><strong>reddituros</strong></span> <span class='ocrx_word' id='word_1_283' title='bbox 1806 3727 1863 3767; x_wconf 91' lang='lat' dir='ltr'><strong>se</strong></span> <span class='ocrx_word' id='word_1_284' title='bbox 1885 3729 2008 3769; x_wconf 86' lang='lat' dir='ltr'><strong>esse</strong></span> 
     </span>
    </p>
   </div>
   <div class='ocr_carea' id='block_1_41' title="bbox 422 3799 2006 3875">
    <p class='ocr_par' dir='ltr' id='par_1_41' title="bbox 422 3799 2006 3875">
     <span class='ocr_line' id='line_1_41' title="bbox 422 3799 2006 3875; baseline 0.005 -23"><span class='ocrx_word' id='word_1_285' title='bbox 422 3799 737 3865; x_wconf 83' lang='lat' dir='ltr'><strong>rationem,</strong></span> <span class='ocrx_word' id='word_1_286' title='bbox 811 3810 873 3854; x_wconf 91' lang='lat' dir='ltr'><strong>ut</strong></span> <span class='ocrx_word' id='word_1_287' title='bbox 925 3802 1020 3873; x_wconf 90' lang='lat' dir='ltr'><strong>qui</strong></span> <span class='ocrx_word' id='word_1_288' title='bbox 1075 3811 1322 3873; x_wconf 68' lang='lat' dir='ltr'><strong>praesunt</strong></span> <span class='ocrx_word' id='word_1_289' title='bbox 1372 3805 1636 3860; x_wconf 66' lang='lat' dir='ltr'><strong>Ecclesiae</strong></span> <span class='ocrx_word' id='word_1_290' title='bbox 1689 3804 2006 3875; x_wconf 88' lang='lat' dir='ltr'><strong>primasque</strong></span> 
     </span>
    </p>
   </div>
   <div class='ocr_carea' id='block_1_42' title="bbox 422 3892 2007 3968">
    <p class='ocr_par' dir='ltr' id='par_1_42' title="bbox 422 3892 2007 3968">
     <span class='ocr_line' id='line_1_42' title="bbox 422 3892 2007 3968; baseline 0.003 -22"><span class='ocrx_word' id='word_1_291' title='bbox 422 3892 681 3947; x_wconf 90' lang='lat' dir='ltr'><strong>obtinent</strong></span> <span class='ocrx_word' id='word_1_292' title='bbox 727 3895 1058 3958; x_wconf 84' lang='lat' dir='ltr'><strong>cathedras,</strong></span> <span class='ocrx_word' id='word_1_293' title='bbox 1114 3895 1329 3966; x_wconf 88' lang='lat' dir='ltr'><strong>seipsos</strong></span> <span class='ocrx_word' id='word_1_294' title='bbox 1381 3912 1492 3950; x_wconf 90' lang='lat' dir='ltr'><strong>una</strong></span> <span class='ocrx_word' id='word_1_295' title='bbox 1533 3912 1660 3951; x_wconf 93' lang='lat' dir='ltr'><strong>cum</strong></span> <span class='ocrx_word' id='word_1_296' title='bbox 1700 3913 1866 3968; x_wconf 84' lang='lat' dir='ltr'><strong>grege</strong></span> <span class='ocrx_word' id='word_1_297' title='bbox 1901 3897 2007 3952; x_wconf 90' lang='lat' dir='ltr'><strong>sibi</strong></span> 
     </span>
    </p>
   </div>
   <div class='ocr_carea' id='block_1_43' title="bbox 423 3984 2010 4057">
    <p class='ocr_par' dir='ltr' id='par_1_43' title="bbox 423 3984 2010 4057">
     <span class='ocr_line' id='line_1_43' title="bbox 423 3984 2010 4057; baseline 0.003 -21"><span class='ocrx_word' id='word_1_298' title='bbox 423 3984 745 4038; x_wconf 82' lang='lat' dir='ltr'><strong>concrcdito</strong></span> <span class='ocrx_word' id='word_1_299' title='bbox 774 3985 1056 4041; x_wconf 84' lang='lat' dir='ltr'><strong>exactiore</strong></span> <span class='ocrx_word' id='word_1_300' title='bbox 1085 3986 1372 4056; x_wconf 83' lang='lat' dir='ltr'><strong>diligentia</strong></span> <span class='ocrx_word' id='word_1_301' title='bbox 1398 3987 1788 4057; x_wconf 66' lang='lat' dir='ltr'><strong>praemuniunt,</strong></span> <span class='ocrx_word' id='word_1_302' title='bbox 1811 3996 1874 4041; x_wconf 93' lang='lat' dir='ltr'><strong>ut</strong></span> <span class='ocrx_word' id='word_1_303' title='bbox 1897 3987 2010 4041; x_wconf 90' lang='lat' dir='ltr'><strong>Deo</strong></span> 
     </span>
    </p>
   </div>
   <div class='ocr_carea' id='block_1_44' title="bbox 425 4073 2007 4146">
    <p class='ocr_par' dir='ltr' id='par_1_44' title="bbox 425 4073 2007 4146">
     <span class='ocr_line' id='line_1_44' title="bbox 425 4073 2007 4146; baseline 0.004 -20"><span class='ocrx_word' id='word_1_304' title='bbox 425 4073 653 4142; x_wconf 83' lang='lat' dir='ltr'><strong>gratiosi</strong></span> <span class='ocrx_word' id='word_1_305' title='bbox 705 4075 990 4145; x_wconf 89' lang='lat' dir='ltr'><strong>specimen</strong></span> <span class='ocrx_word' id='word_1_306' title='bbox 1037 4076 1263 4146; x_wconf 90' lang='lat' dir='ltr'><strong>aliquod</strong></span> <span class='ocrx_word' id='word_1_307' title='bbox 1307 4077 1477 4131; x_wconf 89' lang='lat' dir='ltr'><strong>edant</strong></span> <span class='ocrx_word' id='word_1_308' title='bbox 1533 4092 1646 4131; x_wconf 63' lang='lat' dir='ltr'><strong>suae</strong></span> <span class='ocrx_word' id='word_1_309' title='bbox 1697 4077 2007 4133; x_wconf 47' lang='lat' dir='ltr'><strong>industriae.</strong></span> 
     </span>
    </p>
   </div>
   <div class='ocr_carea' id='block_1_45' title="bbox 423 4164 2012 4236">
    <p class='ocr_par' dir='ltr' id='par_1_45' title="bbox 423 4164 2012 4236">
     <span class='ocr_line' id='line_1_45' title="bbox 423 4164 2012 4236; baseline 0.003 -19"><span class='ocrx_word' id='word_1_310' title='bbox 423 4164 488 4218; x_wconf 88' lang='lat' dir='ltr'><strong>lu</strong></span> <span class='ocrx_word' id='word_1_311' title='bbox 517 4164 740 4218; x_wconf 89' lang='lat' dir='ltr'><strong>homine</strong></span> <span class='ocrx_word' id='word_1_312' title='bbox 766 4164 915 4218; x_wconf 90' lang='lat' dir='ltr'><strong>enim</strong></span> <span class='ocrx_word' id='word_1_313' title='bbox 944 4164 1042 4219; x_wconf 82' lang='lat' dir='ltr'><strong>Dei</strong></span> <span class='ocrx_word' id='word_1_314' title='bbox 1071 4165 1208 4219; x_wconf 91' lang='lat' dir='ltr'><strong>nihil</strong></span> <span class='ocrx_word' id='word_1_315' title='bbox 1236 4165 1624 4235; x_wconf 86' lang='lat' dir='ltr'><strong>deprehendes</strong></span> <span class='ocrx_word' id='word_1_316' title='bbox 1652 4167 1800 4236; x_wconf 93' lang='lat' dir='ltr'><strong>quod</strong></span> <span class='ocrx_word' id='word_1_317' title='bbox 1824 4167 2012 4222; x_wconf 90' lang='lat' dir='ltr'><strong>carnis</strong></span> 
     </span>
    </p>
   </div>
   <div class='ocr_carea' id='block_1_46' title="bbox 425 4254 2010 4328">
    <p class='ocr_par' dir='ltr' id='par_1_46' title="bbox 425 4254 2010 4328">
     <span class='ocr_line' id='line_1_46' title="bbox 425 4254 2010 4328; baseline 0.004 -21"><span class='ocrx_word' id='word_1_318' title='bbox 425 4254 661 4325; x_wconf 84' lang='lat' dir='ltr'><strong>resipiat</strong></span> <span class='ocrx_word' id='word_1_319' title='bbox 708 4257 1081 4326; x_wconf 89' lang='lat' dir='ltr'><strong>prudentiam.</strong></span> <span class='ocrx_word' id='word_1_320' title='bbox 1143 4257 1380 4312; x_wconf 87' lang='lat' dir='ltr'><strong>Fructus</strong></span> <span class='ocrx_word' id='word_1_321' title='bbox 1434 4257 1710 4328; x_wconf 89' lang='lat' dir='ltr'><strong>siquidem</strong></span> <span class='ocrx_word' id='word_1_322' title='bbox 1762 4259 2010 4328; x_wconf 88' lang='lat' dir='ltr'><strong>Spiritus</strong></span> 
     </span>
    </p>
   </div>
   <div class='ocr_carea' id='block_1_47' title="bbox 426 4350 2013 4421">
    <p class='ocr_par' dir='ltr' id='par_1_47' title="bbox 426 4350 2013 4421">
     <span class='ocr_line' id='line_1_47' title="bbox 426 4350 2013 4421; baseline 0.003 -19"><span class='ocrx_word' id='word_1_323' title='bbox 426 4363 622 4403; x_wconf 90' lang='lat' dir='ltr'><strong>omnes</strong></span> <span class='ocrx_word' id='word_1_324' title='bbox 675 4350 948 4404; x_wconf 87' lang='lat' dir='ltr'><strong>salutares</strong></span> <span class='ocrx_word' id='word_1_325' title='bbox 991 4357 1151 4415; x_wconf 89' lang='lat' dir='ltr'><strong>sunt,</strong></span> <span class='ocrx_word' id='word_1_326' title='bbox 1207 4350 1262 4404; x_wconf 92' lang='lat' dir='ltr'><strong>in</strong></span> <span class='ocrx_word' id='word_1_327' title='bbox 1307 4350 1507 4421; x_wconf 92' lang='lat' dir='ltr'><strong>quibus</strong></span> <span class='ocrx_word' id='word_1_328' title='bbox 1555 4350 1828 4407; x_wconf 86' lang='lat' dir='ltr'><strong>inhabitat</strong></span> <span class='ocrx_word' id='word_1_329' title='bbox 1867 4352 2013 4408; x_wconf 88' lang='lat' dir='ltr'><strong>Deus</strong></span> 
     </span>
    </p>
   </div>
   <div class='ocr_carea' id='block_1_48' title="bbox 2096 497 3660 576">
    <p class='ocr_par' dir='ltr' id='par_1_48' title="bbox 2096 497 3660 576">
     <span class='ocr_line' id='line_1_48' title="bbox 2096 497 3660 576; baseline 0.007 -26"><span class='ocrx_word' id='word_1_330' title='bbox 2096 497 2348 568; x_wconf 77' lang='grc' dir='ltr'>ἔκραξενο</span> <span class='ocrx_word' id='word_1_331' title='bbox 2371 502 2587 569; x_wconf 87' lang='grc' dir='ltr'>Μεῖνον,</span> <span class='ocrx_word' id='word_1_332' title='bbox 2609 503 2798 556; x_wconf 83' lang='grc' dir='ltr'>τέκνον</span> <span class='ocrx_word' id='word_1_333' title='bbox 2819 544 2834 567; x_wconf 93' lang='grc'><strong>,</strong></span> <span class='ocrx_word' id='word_1_334' title='bbox 2853 505 2945 557; x_wconf 78' lang='grc' dir='ltr'>τὸν</span> <span class='ocrx_word' id='word_1_335' title='bbox 2963 504 3171 576; x_wconf 82' lang='grc' dir='ltr'>πατέρα</span> <span class='ocrx_word' id='word_1_336' title='bbox 3193 521 3287 559; x_wconf 92' lang='grc' dir='ltr'><strong>σου</strong></span> <span class='ocrx_word' id='word_1_337' title='bbox 3306 522 3320 534; x_wconf 90' lang='grc'><strong>·</strong></span> <span class='ocrx_word' id='word_1_338' title='bbox 3339 505 3562 575; x_wconf 82' lang='grc' dir='ltr'>ἐλέησον</span> <span class='ocrx_word' id='word_1_339' title='bbox 3577 507 3660 570; x_wconf 72' lang='grc' dir='ltr'>τὰς</span> 
     </span>
    </p>
   </div>
   <div class='ocr_carea' id='block_1_49' title="bbox 2096 589 3661 669">
    <p class='ocr_par' dir='ltr' id='par_1_49' title="bbox 2096 589 3661 669">
     <span class='ocr_line' id='line_1_49' title="bbox 2096 589 3661 669; baseline 0.006 -27"><span class='ocrx_word' id='word_1_340' title='bbox 2096 589 2289 654; x_wconf 81' lang='grc' dir='ltr'>πολιάς</span> <span class='ocrx_word' id='word_1_341' title='bbox 2312 609 2415 662; x_wconf 91' lang='grc' dir='ltr'><strong>μου</strong></span> <span class='ocrx_word' id='word_1_342' title='bbox 2444 611 2458 625; x_wconf 87' lang='grc'><strong>·</strong></span> <span class='ocrx_word' id='word_1_343' title='bbox 2491 594 2586 647; x_wconf 79' lang='lat' dir='ltr'><strong>xui.</strong></span> <span class='ocrx_word' id='word_1_344' title='bbox 2628 594 2800 650; x_wconf 83' lang='grc' dir='ltr'>ἐλθὼν</span> <span class='ocrx_word' id='word_1_345' title='bbox 2853 597 3193 668; x_wconf 78' lang='grc' dir='ltr'><strong>προσέπεσεν</strong></span> <span class='ocrx_word' id='word_1_346' title='bbox 3224 595 3373 668; x_wconf 78' lang='grc' dir='ltr'>αὐτῷ</span> <span class='ocrx_word' id='word_1_347' title='bbox 3423 597 3558 668; x_wconf 72' lang='grc' dir='ltr'>ἔχων</span> <span class='ocrx_word' id='word_1_348' title='bbox 3581 598 3661 669; x_wconf 75' lang='grc' dir='ltr'><strong>τὴν</strong></span> 
     </span>
    </p>
   </div>
   <div class='ocr_carea' id='block_1_50' title="bbox 2094 683 3661 759">
    <p class='ocr_par' dir='ltr' id='par_1_50' title="bbox 2094 683 3661 759">
     <span class='ocr_line' id='line_1_50' title="bbox 2094 683 3661 759; baseline 0.006 -26"><span class='ocrx_word' id='word_1_349' title='bbox 2094 683 2274 748; x_wconf 85' lang='grc' dir='ltr'>δεξιάν</span> <span class='ocrx_word' id='word_1_350' title='bbox 2301 686 2632 757; x_wconf 70' lang='grc' dir='ltr'><strong>ᾑμαγμένην</strong></span> <span class='ocrx_word' id='word_1_351' title='bbox 2657 704 2670 717; x_wconf 81' lang='lat'><strong><em>°</em></strong></span> <span class='ocrx_word' id='word_1_352' title='bbox 2702 690 2730 741; x_wconf 92' lang='lat'><strong>6</strong></span> <span class='ocrx_word' id='word_1_353' title='bbox 2761 688 2817 740; x_wconf 81' lang='grc' dir='ltr'><strong>δὲ</strong></span> <span class='ocrx_word' id='word_1_354' title='bbox 2845 689 3240 759; x_wconf 75' lang='grc' dir='ltr'>εὐαγγελιστὴς</span> <span class='ocrx_word' id='word_1_355' title='bbox 3265 691 3549 758; x_wconf 67' lang='grc' dir='ltr'>κατεφίλει</span> <span class='ocrx_word' id='word_1_356' title='bbox 3579 691 3661 759; x_wconf 78' lang='grc' dir='ltr'>τὴν</span> 
     </span>
    </p>
   </div>
   <div class='ocr_carea' id='block_1_51' title="bbox 2095 778 3659 852">
    <p class='ocr_par' dir='ltr' id='par_1_51' title="bbox 2095 778 3659 852">
     <span class='ocr_line' id='line_1_51' title="bbox 2095 778 3659 852; baseline 0.006 -25"><span class='ocrx_word' id='word_1_357' title='bbox 2095 778 2252 846; x_wconf 88' lang='grc' dir='ltr'>χεῖρα</span> <span class='ocrx_word' id='word_1_358' title='bbox 2290 778 2478 842; x_wconf 83' lang='grc' dir='ltr'>αὐτοῦ,</span> <span class='ocrx_word' id='word_1_359' title='bbox 2511 779 2703 848; x_wconf 79' lang='grc' dir='ltr'>λέγων’</span> <span class='ocrx_word' id='word_1_360' title='bbox 2734 782 2851 834; x_wconf 83' lang='grc' dir='ltr'><strong>Ἐπ’</strong></span> <span class='ocrx_word' id='word_1_361' title='bbox 2875 782 2976 850; x_wconf 80' lang='grc' dir='ltr'><strong>ἐμὲ</strong></span> <span class='ocrx_word' id='word_1_362' title='bbox 3005 785 3037 843; x_wconf 80' lang='grc' dir='ltr'>ὴ</span> <span class='ocrx_word' id='word_1_363' title='bbox 3066 781 3310 852; x_wconf 86' lang='grc' dir='ltr'>ἁμαρτία</span> <span class='ocrx_word' id='word_1_364' title='bbox 3329 799 3452 845; x_wconf 89' lang='grc' dir='ltr'>σου,</span> <span class='ocrx_word' id='word_1_365' title='bbox 3470 782 3659 836; x_wconf 87' lang='grc' dir='ltr'>τέκνον.</span> 
     </span>
    </p>
   </div>
   <div class='ocr_carea' id='block_1_52' title="bbox 2107 867 3660 943">
    <p class='ocr_par' dir='ltr' id='par_1_52' title="bbox 2107 867 3660 943">
     <span class='ocr_line' id='line_1_52' title="bbox 2107 867 3660 943; baseline 0.003 -24"><span class='ocrx_word' id='word_1_366' title='bbox 2107 867 2226 920; x_wconf 84' lang='grc' dir='ltr'><strong>Ἀπ’</strong></span> <span class='ocrx_word' id='word_1_367' title='bbox 2261 868 2395 938; x_wconf 79' lang='grc' dir='ltr'>ἐμοῦ</span> <span class='ocrx_word' id='word_1_368' title='bbox 2453 870 2745 942; x_wconf 75' lang='grc' dir='ltr'>ἐκζητήσει</span> <span class='ocrx_word' id='word_1_369' title='bbox 2774 873 2803 924; x_wconf 97' lang='lat'><strong>6</strong></span> <span class='ocrx_word' id='word_1_370' title='bbox 2859 873 2992 936; x_wconf 78' lang='grc' dir='ltr'>Θεὸς</span> <span class='ocrx_word' id='word_1_371' title='bbox 3037 874 3136 942; x_wconf 82' lang='grc' dir='ltr'><strong>τὴν</strong></span> <span class='ocrx_word' id='word_1_372' title='bbox 3184 873 3365 943; x_wconf 75' lang='grc' dir='ltr'>ψυχήν</span> <span class='ocrx_word' id='word_1_373' title='bbox 3408 889 3503 926; x_wconf 83' lang='grc' dir='ltr'><strong>σου</strong></span> <span class='ocrx_word' id='word_1_374' title='bbox 3537 891 3550 904; x_wconf 92' lang='grc'>·</span> <span class='ocrx_word' id='word_1_375' title='bbox 3584 873 3660 925; x_wconf 79' lang='grc' dir='ltr'><strong>καὶ</strong></span> 
     </span>
    </p>
   </div>
   <div class='ocr_carea' id='block_1_53' title="bbox 2095 960 3659 1032">
    <p class='ocr_par' dir='ltr' id='par_1_53' title="bbox 2095 960 3659 1032">
     <span class='ocr_line' id='line_1_53' title="bbox 2095 960 3659 1032; baseline 0.004 -22"><span class='ocrx_word' id='word_1_376' title='bbox 2095 960 2428 1030; x_wconf 80' lang='grc' dir='ltr'><strong>ἐπιστρέψας</strong></span> <span class='ocrx_word' id='word_1_377' title='bbox 2496 963 2678 1029; x_wconf 70' lang='grc' dir='ltr'>πάλιν,</span> <span class='ocrx_word' id='word_1_378' title='bbox 2739 964 2958 1032; x_wconf 86' lang='grc' dir='ltr'>ἐγένετο</span> <span class='ocrx_word' id='word_1_379' title='bbox 3003 963 3198 1026; x_wconf 81' lang='grc' dir='ltr'>σκεῦος</span> <span class='ocrx_word' id='word_1_380' title='bbox 3246 963 3510 1032; x_wconf 78' lang='grc' dir='ltr'><strong>ἐκλογῆς.</strong></span> <span class='ocrx_word' id='word_1_381' title='bbox 3551 964 3659 1016; x_wconf 74' lang='grc' dir='ltr'><strong>’1δοῦ</strong></span> 
     </span>
    </p>
   </div>
   <div class='ocr_carea' id='block_1_54' title="bbox 2093 1049 3661 1124">
    <p class='ocr_par' dir='ltr' id='par_1_54' title="bbox 2093 1049 3661 1124">
     <span class='ocr_line' id='line_1_54' title="bbox 2093 1049 3661 1124; baseline 0.002 -22"><span class='ocrx_word' id='word_1_382' title='bbox 2093 1049 2250 1103; x_wconf 79' lang='grc' dir='ltr'>τοῦτό</span> <span class='ocrx_word' id='word_1_383' title='bbox 2323 1052 2471 1104; x_wconf 83' lang='grc' dir='ltr'>ἐστιν</span> <span class='ocrx_word' id='word_1_384' title='bbox 2526 1053 2743 1123; x_wconf 86' lang='grc' dir='ltr'>ἀληθῶς</span> <span class='ocrx_word' id='word_1_385' title='bbox 2809 1055 2890 1119; x_wconf 85' lang='grc' dir='ltr'><strong>τὸ,</strong></span> <span class='ocrx_word' id='word_1_386' title='bbox 2963 1053 3137 1107; x_wconf 88' lang='grc' dir='ltr'>θεῖναι</span> <span class='ocrx_word' id='word_1_387' title='bbox 3193 1054 3294 1124; x_wconf 83' lang='grc' dir='ltr'><strong>τὴν</strong></span> <span class='ocrx_word' id='word_1_388' title='bbox 3352 1053 3535 1124; x_wconf 72' lang='grc' dir='ltr'>ψυχὴν</span> <span class='ocrx_word' id='word_1_389' title='bbox 3587 1053 3661 1106; x_wconf 71' lang='grc' dir='ltr'><strong>τὸν</strong></span> 
     </span>
    </p>
   </div>
   <div class='ocr_carea' id='block_1_55' title="bbox 2095 1143 3661 1218">
    <p class='ocr_par' dir='ltr' id='par_1_55' title="bbox 2095 1143 3661 1218">
     <span class='ocr_line' id='line_1_55' title="bbox 2095 1143 3661 1218; baseline 0.003 -26"><span class='ocrx_word' id='word_1_390' title='bbox 2095 1143 2328 1212; x_wconf 86' lang='grc' dir='ltr'>ποιμένα</span> <span class='ocrx_word' id='word_1_391' title='bbox 2399 1145 2539 1217; x_wconf 80' lang='grc' dir='ltr'>ὑπὲρ</span> <span class='ocrx_word' id='word_1_392' title='bbox 2608 1147 2715 1200; x_wconf 87' lang='grc' dir='ltr'><strong>τῶν</strong></span> <span class='ocrx_word' id='word_1_393' title='bbox 2787 1147 3099 1218; x_wconf 76' lang='grc' dir='ltr'>προϐάτων,</span> <span class='ocrx_word' id='word_1_394' title='bbox 3155 1147 3241 1200; x_wconf 79' lang='grc' dir='ltr'>ἵνα</span> <span class='ocrx_word' id='word_1_395' title='bbox 3286 1147 3421 1200; x_wconf 79' lang='grc' dir='ltr'>ὅταν</span> <span class='ocrx_word' id='word_1_396' title='bbox 3495 1144 3661 1216; x_wconf 80' lang='grc' dir='ltr'>ἐλθῃὸ</span> 
     </span>
    </p>
   </div>
   <div class='ocr_carea' id='block_1_56' title="bbox 2094 1233 3661 1309">
    <p class='ocr_par' dir='ltr' id='par_1_56' title="bbox 2094 1233 3661 1309">
     <span class='ocr_line' id='line_1_56' title="bbox 2094 1233 3661 1309; baseline 0.001 -23"><span class='ocrx_word' id='word_1_397' title='bbox 2094 1233 2298 1304; x_wconf 85' lang='grc' dir='ltr'>Κύριος</span> <span class='ocrx_word' id='word_1_398' title='bbox 2341 1235 2450 1290; x_wconf 88' lang='grc' dir='ltr'><strong>τῶν</strong></span> <span class='ocrx_word' id='word_1_399' title='bbox 2480 1237 2790 1306; x_wconf 76' lang='grc' dir='ltr'>προϐάτων,</span> <span class='ocrx_word' id='word_1_400' title='bbox 2818 1239 2959 1309; x_wconf 85' lang='grc' dir='ltr'><strong>χαρῇ</strong></span> <span class='ocrx_word' id='word_1_401' title='bbox 3003 1239 3088 1290; x_wconf 84' lang='grc' dir='ltr'>ἐπ’</span> <span class='ocrx_word' id='word_1_402' title='bbox 3121 1237 3292 1306; x_wconf 78' lang='grc' dir='ltr'>αὐτῷ,</span> <span class='ocrx_word' id='word_1_403' title='bbox 3326 1237 3428 1290; x_wconf 85' lang='lat' dir='ltr'><strong>xui</strong></span> <span class='ocrx_word' id='word_1_404' title='bbox 3456 1237 3546 1288; x_wconf 69' lang='grc' dir='ltr'><strong>ἐπὶ</strong></span> <span class='ocrx_word' id='word_1_405' title='bbox 3568 1237 3661 1298; x_wconf 82' lang='grc' dir='ltr'>τοῖς</span> 
     </span>
    </p>
   </div>
   <div class='ocr_carea' id='block_1_57' title="bbox 2095 1327 3663 1400">
    <p class='ocr_par' dir='ltr' id='par_1_57' title="bbox 2095 1327 3663 1400">
     <span class='ocr_line' id='line_1_57' title="bbox 2095 1327 3663 1400; baseline 0 -22"><span class='ocrx_word' id='word_1_406' title='bbox 2095 1327 2392 1397; x_wconf 78' lang='grc' dir='ltr'>προϐάτοις</span> <span class='ocrx_word' id='word_1_407' title='bbox 2420 1328 2722 1400; x_wconf 77' lang='grc' dir='ltr'>εὐφρανθῇ.</span> <span class='ocrx_word' id='word_1_408' title='bbox 2751 1331 3068 1400; x_wconf 87' lang='grc' dir='ltr'>Χαρὴσεται</span> <span class='ocrx_word' id='word_1_409' title='bbox 3099 1330 3157 1382; x_wconf 82' lang='grc' dir='ltr'><strong>δὲ</strong></span> <span class='ocrx_word' id='word_1_410' title='bbox 3202 1329 3297 1381; x_wconf 73' lang='grc' dir='ltr'><strong>ἐὰν</strong></span> <span class='ocrx_word' id='word_1_411' title='bbox 3329 1329 3516 1382; x_wconf 82' lang='grc' dir='ltr'>πάντα</span> <span class='ocrx_word' id='word_1_412' title='bbox 3553 1327 3663 1395; x_wconf 80' lang='grc' dir='ltr'>ὑγιῆ</span> 
     </span>
    </p>
   </div>
   <div class='ocr_carea' id='block_1_58' title="bbox 2095 1420 3664 1492">
    <p class='ocr_par' dir='ltr' id='par_1_58' title="bbox 2095 1420 3664 1492">
     <span class='ocr_line' id='line_1_58' title="bbox 2095 1420 3664 1492; baseline -0.001 -21"><span class='ocrx_word' id='word_1_413' title='bbox 2095 1420 2313 1491; x_wconf 80' lang='grc' dir='ltr'>εὑρεθῇ,</span> <span class='ocrx_word' id='word_1_414' title='bbox 2349 1423 2443 1475; x_wconf 85' lang='lat' dir='ltr'><strong>xui</strong></span> <span class='ocrx_word' id='word_1_415' title='bbox 2476 1422 2550 1492; x_wconf 80' lang='grc' dir='ltr'><strong>μὴ</strong></span> <span class='ocrx_word' id='word_1_416' title='bbox 2603 1423 3030 1476; x_wconf 84' lang='grc' dir='ltr'>διαπεπτωκότα</span> <span class='ocrx_word' id='word_1_417' title='bbox 3079 1421 3202 1474; x_wconf 81' lang='grc' dir='ltr'>τινὰ</span> <span class='ocrx_word' id='word_1_418' title='bbox 3229 1420 3290 1486; x_wconf 79' lang='grc' dir='ltr'>ἐξ</span> <span class='ocrx_word' id='word_1_419' title='bbox 3331 1421 3518 1474; x_wconf 81' lang='grc' dir='ltr'>αὐτῶν</span> <span class='ocrx_word' id='word_1_420' title='bbox 3553 1436 3564 1447; x_wconf 92' lang='grc'><strong>·</strong></span> <span class='ocrx_word' id='word_1_421' title='bbox 3586 1420 3664 1471; x_wconf 75' lang='grc' dir='ltr'>ἐὰν</span> 
     </span>
    </p>
   </div>
   <div class='ocr_carea' id='block_1_59' title="bbox 2093 1510 3665 1582">
    <p class='ocr_par' dir='ltr' id='par_1_59' title="bbox 2093 1510 3665 1582">
     <span class='ocr_line' id='line_1_59' title="bbox 2093 1510 3665 1582; baseline -0.001 -20"><span class='ocrx_word' id='word_1_422' title='bbox 2093 1510 2150 1563; x_wconf 84' lang='grc' dir='ltr'><strong>δέ</strong></span> <span class='ocrx_word' id='word_1_423' title='bbox 2182 1511 2380 1582; x_wconf 77' lang='grc' dir='ltr'>εὑρεθῇ</span> <span class='ocrx_word' id='word_1_424' title='bbox 2417 1530 2537 1566; x_wconf 89' lang='grc' dir='ltr'>τινα</span> <span class='ocrx_word' id='word_1_425' title='bbox 2569 1513 2628 1579; x_wconf 82' lang='grc' dir='ltr'><strong>ἐξ</strong></span> <span class='ocrx_word' id='word_1_426' title='bbox 2673 1512 2850 1566; x_wconf 84' lang='grc' dir='ltr'>αὐτῶν</span> <span class='ocrx_word' id='word_1_427' title='bbox 2890 1512 3338 1576; x_wconf 88' lang='grc' dir='ltr'>διαπεπτωκότα,</span> <span class='ocrx_word' id='word_1_428' title='bbox 3400 1511 3527 1564; x_wconf 78' lang='grc' dir='ltr'>οὐαὶ</span> <span class='ocrx_word' id='word_1_429' title='bbox 3568 1512 3665 1572; x_wconf 90' lang='grc' dir='ltr'>τοῖς</span> 
     </span>
    </p>
   </div>
   <div class='ocr_carea' id='block_1_60' title="bbox 2096 1601 3667 1673">
    <p class='ocr_par' dir='ltr' id='par_1_60' title="bbox 2096 1601 3667 1673">
     <span class='ocr_line' id='line_1_60' title="bbox 2096 1601 3667 1673; baseline -0.001 -19"><span class='ocrx_word' id='word_1_430' title='bbox 2096 1601 2352 1671; x_wconf 80' lang='grc' dir='ltr'><strong>ποιμέσιν</strong></span> <span class='ocrx_word' id='word_1_431' title='bbox 2382 1601 2556 1657; x_wconf 78' lang='grc' dir='ltr'>ἔσται.</span> <span class='ocrx_word' id='word_1_432' title='bbox 2598 1603 2726 1658; x_wconf 69' lang='grc' dir='ltr'>Ἐὰν</span> <span class='ocrx_word' id='word_1_433' title='bbox 2753 1603 2807 1656; x_wconf 87' lang='grc' dir='ltr'><strong>δέ</strong></span> <span class='ocrx_word' id='word_1_434' title='bbox 2835 1607 2930 1658; x_wconf 91' lang='lat' dir='ltr'><strong>xui</strong></span> <span class='ocrx_word' id='word_1_435' title='bbox 2957 1605 3110 1658; x_wconf 64' lang='grc' dir='ltr'><strong>αὐτολ¹</strong></span> <span class='ocrx_word' id='word_1_436' title='bbox 3141 1606 3190 1658; x_wconf 75' lang='lat' dir='ltr'><strong>oi</strong></span> <span class='ocrx_word' id='word_1_437' title='bbox 3227 1603 3495 1673; x_wconf 77' lang='grc' dir='ltr'><strong>ποιμένες</strong></span> <span class='ocrx_word' id='word_1_438' title='bbox 3529 1602 3667 1670; x_wconf 83' lang='grc' dir='ltr'>εὑρε-</span> 
     </span>
    </p>
   </div>
   <div class='ocr_carea' id='block_1_61' title="bbox 2098 1680 3664 1765">
    <p class='ocr_par' dir='ltr' id='par_1_61' title="bbox 2098 1680 3664 1765">
     <span class='ocr_line' id='line_1_61' title="bbox 2098 1680 3664 1765; baseline -0.001 -22"><span class='ocrx_word' id='word_1_439' title='bbox 2098 1690 2264 1744; x_wconf 85' lang='grc' dir='ltr'>θῶσιν</span> <span class='ocrx_word' id='word_1_440' title='bbox 2316 1680 2780 1760; x_wconf 82' lang='grc' dir='ltr'>διαπεπτωκότες,</span> <span class='ocrx_word' id='word_1_441' title='bbox 2815 1695 2868 1746; x_wconf 90' lang='grc' dir='ltr'><strong>τί</strong></span> <span class='ocrx_word' id='word_1_442' title='bbox 2920 1694 3138 1765; x_wconf 80' lang='grc' dir='ltr'>ἐροῦσιν</span> <span class='ocrx_word' id='word_1_443' title='bbox 3185 1692 3262 1762; x_wconf 82' lang='grc' dir='ltr'>τῷ</span> <span class='ocrx_word' id='word_1_444' title='bbox 3307 1693 3562 1762; x_wconf 81' lang='grc' dir='ltr'>Δεσπότῃ</span> <span class='ocrx_word' id='word_1_445' title='bbox 3585 1688 3664 1742; x_wconf 67' lang='grc' dir='ltr'><strong>τοῦ</strong></span> 
     </span>
    </p>
   </div>
   <div class='ocr_carea' id='block_1_62' title="bbox 2103 1782 3666 1854">
    <p class='ocr_par' dir='ltr' id='par_1_62' title="bbox 2103 1782 3666 1854">
     <span class='ocr_line' id='line_1_62' title="bbox 2103 1782 3666 1854; baseline -0.002 -20"><span class='ocrx_word' id='word_1_446' title='bbox 2103 1784 2394 1852; x_wconf 89' lang='grc' dir='ltr'>ποιμνίου;</span> <span class='ocrx_word' id='word_1_447' title='bbox 2431 1784 2556 1838; x_wconf 88' lang='grc' dir='ltr'><strong>Ὅτι</strong></span> <span class='ocrx_word' id='word_1_448' title='bbox 2578 1785 2685 1836; x_wconf 82' lang='grc' dir='ltr'>ἀπὸ</span> <span class='ocrx_word' id='word_1_449' title='bbox 2710 1784 2819 1838; x_wconf 83' lang='grc' dir='ltr'><strong>τῶν</strong></span> <span class='ocrx_word' id='word_1_450' title='bbox 2848 1785 3136 1854; x_wconf 74' lang='grc' dir='ltr'>προϐάτων</span> <span class='ocrx_word' id='word_1_451' title='bbox 3173 1783 3468 1847; x_wconf 85' lang='grc' dir='ltr'>διέπεσαν;</span> <span class='ocrx_word' id='word_1_452' title='bbox 3499 1782 3558 1834; x_wconf 74' lang='grc' dir='ltr'><strong>οὐ</strong></span> <span class='ocrx_word' id='word_1_453' title='bbox 3587 1795 3666 1831; x_wconf 88' lang='grc' dir='ltr'>πι-</span> 
     </span>
    </p>
   </div>
   <div class='ocr_carea' id='block_1_63' title="bbox 2101 1873 3666 1947">
    <p class='ocr_par' dir='ltr' id='par_1_63' title="bbox 2101 1873 3666 1947">
     <span class='ocr_line' id='line_1_63' title="bbox 2101 1873 3666 1947; baseline 0.001 -21"><span class='ocrx_word' id='word_1_454' title='bbox 2101 1874 2514 1944; x_wconf 84' lang='grc' dir='ltr'>στευθήσονται.</span> <span class='ocrx_word' id='word_1_455' title='bbox 2546 1875 2811 1928; x_wconf 80' lang='grc' dir='ltr'>Ἀπιστον</span> <span class='ocrx_word' id='word_1_456' title='bbox 2840 1876 2950 1947; x_wconf 84' lang='grc' dir='ltr'>γὰρ</span> <span class='ocrx_word' id='word_1_457' title='bbox 2985 1876 3221 1946; x_wconf 78' lang='grc' dir='ltr'>πρᾶγμά</span> <span class='ocrx_word' id='word_1_458' title='bbox 3247 1877 3420 1939; x_wconf 88' lang='grc' dir='ltr'>ἐστιν,</span> <span class='ocrx_word' id='word_1_459' title='bbox 3451 1873 3666 1943; x_wconf 81' lang='grc' dir='ltr'>ποιμένα</span> 
     </span>
    </p>
   </div>
   <div class='ocr_carea' id='block_1_64' title="bbox 2101 1967 3666 2038">
    <p class='ocr_par' dir='ltr' id='par_1_64' title="bbox 2101 1967 3666 2038">
     <span class='ocr_line' id='line_1_64' title="bbox 2101 1967 3666 2038; baseline -0.003 -17"><span class='ocrx_word' id='word_1_460' title='bbox 2101 1967 2205 2021; x_wconf 81' lang='grc' dir='ltr'><strong>ὑπὸ</strong></span> <span class='ocrx_word' id='word_1_461' title='bbox 2246 1967 2533 2038; x_wconf 77' lang='grc' dir='ltr'>προϐάτων</span> <span class='ocrx_word' id='word_1_462' title='bbox 2583 1967 2777 2020; x_wconf 80' lang='grc' dir='ltr'>παθεῖν</span> <span class='ocrx_word' id='word_1_463' title='bbox 2813 1984 2866 2020; x_wconf 89' lang='grc' dir='ltr'><strong>τι</strong></span> <span class='ocrx_word' id='word_1_464' title='bbox 2895 1983 2909 1996; x_wconf 85' lang='lat'>&#39;</span> <span class='ocrx_word' id='word_1_465' title='bbox 2979 1967 3180 2037; x_wconf 82' lang='grc' dir='ltr'>μᾶλλον</span> <span class='ocrx_word' id='word_1_466' title='bbox 3223 1967 3279 2020; x_wconf 87' lang='grc' dir='ltr'><strong>δέ</strong></span> <span class='ocrx_word' id='word_1_467' title='bbox 3311 1967 3666 2036; x_wconf 77' lang='grc' dir='ltr'>κολασθήσονο</span> 
     </span>
    </p>
   </div>
   <div class='ocr_carea' id='block_1_65' title="bbox 2100 2055 3665 2128">
    <p class='ocr_par' dir='ltr' id='par_1_65' title="bbox 2100 2055 3665 2128">
     <span class='ocr_line' id='line_1_65' title="bbox 2100 2055 3665 2128; baseline -0.003 -15"><span class='ocrx_word' id='word_1_468' title='bbox 2100 2077 2189 2113; x_wconf 88' lang='grc' dir='ltr'><strong>ται</strong></span> <span class='ocrx_word' id='word_1_469' title='bbox 2235 2060 2323 2113; x_wconf 82' lang='grc' dir='ltr'><strong>διά</strong></span> <span class='ocrx_word' id='word_1_470' title='bbox 2359 2060 2419 2112; x_wconf 78' lang='grc' dir='ltr'><strong>τὸ</strong></span> <span class='ocrx_word' id='word_1_471' title='bbox 2466 2059 2662 2128; x_wconf 76' lang='grc' dir='ltr'>ψεῦδος</span> <span class='ocrx_word' id='word_1_472' title='bbox 2709 2058 2910 2114; x_wconf 73' lang='grc' dir='ltr'>αὐτῶν.</span> <span class='ocrx_word' id='word_1_473' title='bbox 2950 2058 3293 2122; x_wconf 78' lang='grc' dir='ltr'>Είδότεςοῦν</span> <span class='ocrx_word' id='word_1_474' title='bbox 3327 2059 3412 2110; x_wconf 81' lang='grc' dir='ltr'>ὅτι</span> <span class='ocrx_word' id='word_1_475' title='bbox 3454 2057 3568 2109; x_wconf 84' lang='grc' dir='ltr'>λίαν</span> <span class='ocrx_word' id='word_1_476' title='bbox 3606 2055 3665 2109; x_wconf 81' lang='grc' dir='ltr'><strong>δι’</strong></span> 
     </span>
    </p>
   </div>
   <div class='ocr_carea' id='block_1_66' title="bbox 2101 2147 3667 2220">
    <p class='ocr_par' dir='ltr' id='par_1_66' title="bbox 2101 2147 3667 2220">
     <span class='ocr_line' id='line_1_66' title="bbox 2101 2147 3667 2220; baseline -0.001 -18"><span class='ocrx_word' id='word_1_477' title='bbox 2101 2151 2298 2215; x_wconf 78' lang='grc' dir='ltr'>αὐτοὺς</span> <span class='ocrx_word' id='word_1_478' title='bbox 2326 2151 2620 2204; x_wconf 79' lang='grc' dir='ltr'>ἀποδοῦναι</span> <span class='ocrx_word' id='word_1_479' title='bbox 2648 2150 2805 2220; x_wconf 86' lang='grc' dir='ltr'>λόγον</span> <span class='ocrx_word' id='word_1_480' title='bbox 2834 2151 2935 2217; x_wconf 87' lang='grc' dir='ltr'>δεῖ,</span> <span class='ocrx_word' id='word_1_481' title='bbox 2966 2150 3041 2214; x_wconf 88' lang='grc' dir='ltr'>ὡς</span> <span class='ocrx_word' id='word_1_482' title='bbox 3067 2149 3411 2220; x_wconf 82' lang='grc' dir='ltr'>ἡγουμένους</span> <span class='ocrx_word' id='word_1_483' title='bbox 3442 2149 3540 2218; x_wconf 81' lang='grc' dir='ltr'>τῆς</span> <span class='ocrx_word' id='word_1_484' title='bbox 3564 2147 3667 2200; x_wconf 80' lang='grc' dir='ltr'><strong>Ἐκ-</strong></span> 
     </span>
    </p>
   </div>
   <div class='ocr_carea' id='block_1_67' title="bbox 2102 2239 3665 2314">
    <p class='ocr_par' dir='ltr' id='par_1_67' title="bbox 2102 2239 3665 2314">
     <span class='ocr_line' id='line_1_67' title="bbox 2102 2239 3665 2314; baseline -0.004 -18"><span class='ocrx_word' id='word_1_485' title='bbox 2102 2243 2352 2314; x_wconf 88' lang='grc' dir='ltr'>κλησίας,</span> <span class='ocrx_word' id='word_1_486' title='bbox 2388 2241 2919 2314; x_wconf 87' lang='grc' dir='ltr'>πρωτοκαθεδρίτας,</span> <span class='ocrx_word' id='word_1_487' title='bbox 2953 2242 3413 2312; x_wconf 78' lang='grc' dir='ltr'>ἀσφαλισάτωσαν</span> <span class='ocrx_word' id='word_1_488' title='bbox 3460 2239 3665 2299; x_wconf 68' lang='grc' dir='ltr'>ἑαυτοὺς</span> 
     </span>
    </p>
   </div>
   <div class='ocr_carea' id='block_1_68' title="bbox 2103 2327 3666 2404">
    <p class='ocr_par' dir='ltr' id='par_1_68' title="bbox 2103 2327 3666 2404">
     <span class='ocr_line' id='line_1_68' title="bbox 2103 2327 3666 2404; baseline -0.004 -17"><span class='ocrx_word' id='word_1_489' title='bbox 2103 2334 2345 2404; x_wconf 76' lang='grc' dir='ltr'>ἀκριϐῶς</span> <span class='ocrx_word' id='word_1_490' title='bbox 2375 2336 2471 2387; x_wconf 72' lang='grc' dir='ltr'><strong>σὺν</strong></span> <span class='ocrx_word' id='word_1_491' title='bbox 2495 2337 2557 2404; x_wconf 87' lang='grc' dir='ltr'>τῇ</span> <span class='ocrx_word' id='word_1_492' title='bbox 2587 2334 2791 2404; x_wconf 76' lang='grc' dir='ltr'>ποίμνῃ</span> <span class='ocrx_word' id='word_1_493' title='bbox 2820 2332 3020 2397; x_wconf 83' lang='grc' dir='ltr'>αὐτῶν,</span> <span class='ocrx_word' id='word_1_494' title='bbox 3047 2333 3135 2385; x_wconf 81' lang='grc' dir='ltr'><strong>ἵνα</strong></span> <span class='ocrx_word' id='word_1_495' title='bbox 3156 2333 3444 2402; x_wconf 81' lang='grc' dir='ltr'>εὐάρεστοι</span> <span class='ocrx_word' id='word_1_496' title='bbox 3466 2329 3544 2398; x_wconf 85' lang='grc' dir='ltr'>τῷ</span> <span class='ocrx_word' id='word_1_497' title='bbox 3563 2327 3666 2396; x_wconf 79' lang='grc' dir='ltr'><strong>Θεῷ</strong></span> 
     </span>
    </p>
   </div>
   <div class='ocr_carea' id='block_1_69' title="bbox 2103 2419 3666 2497">
    <p class='ocr_par' dir='ltr' id='par_1_69' title="bbox 2103 2419 3666 2497">
     <span class='ocr_line' id='line_1_69' title="bbox 2103 2419 3666 2497; baseline -0.006 -16"><span class='ocrx_word' id='word_1_498' title='bbox 2103 2426 2512 2497; x_wconf 84' lang='grc' dir='ltr'>ἀναδειχθῶσιν.</span> <span class='ocrx_word' id='word_1_499' title='bbox 2552 2427 2640 2480; x_wconf 88' lang='grc' dir='ltr'>Ἐν</span> <span class='ocrx_word' id='word_1_500' title='bbox 2671 2425 2781 2496; x_wconf 86' lang='grc' dir='ltr'><strong>γὰρ</strong></span> <span class='ocrx_word' id='word_1_501' title='bbox 2824 2425 2902 2497; x_wconf 79' lang='grc' dir='ltr'>τῷ</span> <span class='ocrx_word' id='word_1_502' title='bbox 2932 2425 3203 2496; x_wconf 81' lang='grc' dir='ltr'>ἀνθρώπῳ</span> <span class='ocrx_word' id='word_1_503' title='bbox 3257 2423 3356 2477; x_wconf 80' lang='grc' dir='ltr'>τοῦ</span> <span class='ocrx_word' id='word_1_504' title='bbox 3401 2419 3555 2485; x_wconf 79' lang='grc' dir='ltr'>Θεοῦ,</span> <span class='ocrx_word' id='word_1_505' title='bbox 3581 2419 3666 2472; x_wconf 78' lang='grc' dir='ltr'>οὐκ</span> 
     </span>
    </p>
   </div>
   <div class='ocr_carea' id='block_1_70' title="bbox 2105 2505 3664 2592">
    <p class='ocr_par' dir='ltr' id='par_1_70' title="bbox 2105 2505 3664 2592">
     <span class='ocr_line' id='line_1_70' title="bbox 2105 2505 3664 2592; baseline -0.007 -17"><span class='ocrx_word' id='word_1_506' title='bbox 2105 2521 2252 2575; x_wconf 73' lang='grc' dir='ltr'>ἔστιν</span> <span class='ocrx_word' id='word_1_507' title='bbox 2301 2521 2557 2592; x_wconf 84' lang='grc' dir='ltr'>φρόνημα</span> <span class='ocrx_word' id='word_1_508' title='bbox 2609 2519 2890 2592; x_wconf 82' lang='grc' dir='ltr'>σαρκικόν.</span> <span class='ocrx_word' id='word_1_509' title='bbox 2935 2505 3098 2572; x_wconf 81' lang='grc' dir='ltr'>Ἀλλά</span> <span class='ocrx_word' id='word_1_510' title='bbox 3147 2519 3349 2581; x_wconf 85' lang='grc' dir='ltr'>πάντες</span> <span class='ocrx_word' id='word_1_511' title='bbox 3393 2516 3444 2570; x_wconf 88' lang='grc' dir='ltr'><strong>οί</strong></span> <span class='ocrx_word' id='word_1_512' title='bbox 3481 2514 3664 2586; x_wconf 73' lang='grc' dir='ltr'>καρποὶ</span> 
     </span>
    </p>
   </div>
   <div class='ocr_carea' id='block_1_71' title="bbox 2104 2603 3664 2683">
    <p class='ocr_par' dir='ltr' id='par_1_71' title="bbox 2104 2603 3664 2683">
     <span class='ocr_line' id='line_1_71' title="bbox 2104 2603 3664 2683; baseline -0.008 -15"><span class='ocrx_word' id='word_1_513' title='bbox 2104 2615 2198 2668; x_wconf 78' lang='grc' dir='ltr'>τοῦ</span> <span class='ocrx_word' id='word_1_514' title='bbox 2227 2612 2556 2683; x_wconf 81' lang='grc' dir='ltr'>πνεύματος,</span> <span class='ocrx_word' id='word_1_515' title='bbox 2594 2613 2644 2665; x_wconf 88' lang='grc' dir='ltr'><strong>οί</strong></span> <span class='ocrx_word' id='word_1_516' title='bbox 2684 2612 2964 2682; x_wconf 84' lang='grc' dir='ltr'>σωτήριοι,</span> <span class='ocrx_word' id='word_1_517' title='bbox 2987 2611 3043 2664; x_wconf 90' lang='grc' dir='ltr'><strong>ἐν</strong></span> <span class='ocrx_word' id='word_1_518' title='bbox 3072 2604 3154 2673; x_wconf 76' lang='grc' dir='ltr'>οἷς</span> <span class='ocrx_word' id='word_1_519' title='bbox 3177 2610 3320 2662; x_wconf 86' lang='grc' dir='ltr'>οίκεῖ</span> <span class='ocrx_word' id='word_1_520' title='bbox 3340 2611 3368 2662; x_wconf 87' lang='grc' dir='ltr'><strong>ὁ</strong></span> <span class='ocrx_word' id='word_1_521' title='bbox 3397 2607 3528 2668; x_wconf 68' lang='grc' dir='ltr'>Θεὸς</span> <span class='ocrx_word' id='word_1_522' title='bbox 3583 2603 3664 2658; x_wconf 80' lang='grc' dir='ltr'>καὶ</span> 
     </span>
    </p>
   </div>
   <div class='ocr_carea' id='block_1_72' title="bbox 2105 2695 3662 2776">
    <p class='ocr_par' dir='ltr' id='par_1_72' title="bbox 2105 2695 3662 2776">
     <span class='ocr_line' id='line_1_72' title="bbox 2105 2695 3662 2776; baseline -0.006 -18"><span class='ocrx_word' id='word_1_523' title='bbox 2105 2706 2491 2776; x_wconf 81' lang='grc' dir='ltr'>ἐμπεριπατεῖ.</span> <span class='ocrx_word' id='word_1_524' title='bbox 2538 2705 2626 2757; x_wconf 85' lang='grc' dir='ltr'>Ἐν</span> <span class='ocrx_word' id='word_1_525' title='bbox 2658 2698 2740 2766; x_wconf 77' lang='grc' dir='ltr'>οἷς</span> <span class='ocrx_word' id='word_1_526' title='bbox 2765 2703 3044 2772; x_wconf 83' lang='grc' dir='ltr'>φαίνονται</span> <span class='ocrx_word' id='word_1_527' title='bbox 3069 2701 3143 2765; x_wconf 84' lang='grc' dir='ltr'>ὡς</span> <span class='ocrx_word' id='word_1_528' title='bbox 3173 2701 3460 2771; x_wconf 81' lang='grc' dir='ltr'>φωστῆρες</span> <span class='ocrx_word' id='word_1_529' title='bbox 3499 2699 3552 2750; x_wconf 93' lang='grc' dir='ltr'><strong>ἐν</strong></span> <span class='ocrx_word' id='word_1_530' title='bbox 3581 2695 3662 2750; x_wconf 78' lang='grc' dir='ltr'>κό-</span> 
     </span>
    </p>
   </div>
   <div class='ocr_carea' id='block_1_73' title="bbox 2110 2789 3659 2866">
    <p class='ocr_par' dir='ltr' id='par_1_73' title="bbox 2110 2789 3659 2866">
     <span class='ocr_line' id='line_1_73' title="bbox 2110 2789 3659 2866; baseline -0.005 -17"><span class='ocrx_word' id='word_1_531' title='bbox 2110 2815 2251 2866; x_wconf 83' lang='grc' dir='ltr'>σμῳ,</span> <span class='ocrx_word' id='word_1_532' title='bbox 2278 2795 2436 2865; x_wconf 78' lang='grc' dir='ltr'>λόγον</span> <span class='ocrx_word' id='word_1_533' title='bbox 2463 2793 2606 2866; x_wconf 81' lang='grc' dir='ltr'>ζωῆς</span> <span class='ocrx_word' id='word_1_534' title='bbox 2637 2794 2850 2864; x_wconf 74' lang='grc' dir='ltr'>ἔχοντες</span> <span class='ocrx_word' id='word_1_535' title='bbox 2873 2793 2948 2857; x_wconf 85' lang='grc' dir='ltr'>ὡς</span> <span class='ocrx_word' id='word_1_536' title='bbox 2973 2791 3208 2864; x_wconf 87' lang='grc' dir='ltr'>ἀληθῶς,</span> <span class='ocrx_word' id='word_1_537' title='bbox 3246 2794 3344 2844; x_wconf 85' lang='grc' dir='ltr'>καὶ</span> <span class='ocrx_word' id='word_1_538' title='bbox 3390 2789 3659 2859; x_wconf 80' lang='grc' dir='ltr'>καύχημα,</span> 
     </span>
    </p>
   </div>
   <div class='ocr_carea' id='block_1_74' title="bbox 2107 2881 3662 2958">
    <p class='ocr_par' dir='ltr' id='par_1_74' title="bbox 2107 2881 3662 2958">
     <span class='ocr_line' id='line_1_74' title="bbox 2107 2881 3662 2958; baseline -0.008 -17"><span class='ocrx_word' id='word_1_539' title='bbox 2107 2888 2202 2941; x_wconf 75' lang='grc' dir='ltr'>καὶ</span> <span class='ocrx_word' id='word_1_540' title='bbox 2227 2887 2350 2952; x_wconf 84' lang='grc' dir='ltr'>δόξα</span> <span class='ocrx_word' id='word_1_541' title='bbox 2379 2887 2478 2958; x_wconf 85' lang='grc' dir='ltr'><strong>τῆς</strong></span> <span class='ocrx_word' id='word_1_542' title='bbox 2512 2885 2796 2948; x_wconf 74' lang='grc' dir='ltr'>εὐσεϐείας</span> <span class='ocrx_word' id='word_1_543' title='bbox 2831 2885 3188 2954; x_wconf 83' lang='grc' dir='ltr'>ὑπάρχοντες.</span> <span class='ocrx_word' id='word_1_544' title='bbox 3230 2883 3296 2935; x_wconf 83' lang='grc' dir='ltr'><strong>Ἡ</strong></span> <span class='ocrx_word' id='word_1_545' title='bbox 3341 2881 3451 2952; x_wconf 76' lang='grc' dir='ltr'>γὰρ</span> <span class='ocrx_word' id='word_1_546' title='bbox 3501 2881 3662 2951; x_wconf 78' lang='grc' dir='ltr'>ίεραρ-</span> 
     </span>
    </p>
   </div>
   <div class='ocr_carea' id='block_1_75' title="bbox 2109 2963 3662 3050">
    <p class='ocr_par' dir='ltr' id='par_1_75' title="bbox 2109 2963 3662 3050">
     <span class='ocr_line' id='line_1_75' title="bbox 2109 2963 3662 3050; baseline -0.008 -19"><span class='ocrx_word' id='word_1_547' title='bbox 2109 2979 2222 3050; x_wconf 88' lang='grc' dir='ltr'>χία,</span> <span class='ocrx_word' id='word_1_548' title='bbox 2255 2977 2411 3041; x_wconf 81' lang='grc' dir='ltr'>τάξις</span> <span class='ocrx_word' id='word_1_549' title='bbox 2462 2976 2612 3030; x_wconf 74' lang='grc' dir='ltr'>ἐστὶν</span> <span class='ocrx_word' id='word_1_550' title='bbox 2658 2976 2798 3046; x_wconf 86' lang='grc' dir='ltr'>ίερά,</span> <span class='ocrx_word' id='word_1_551' title='bbox 2846 2976 2941 3029; x_wconf 88' lang='lat' dir='ltr'><strong>xui</strong></span> <span class='ocrx_word' id='word_1_552' title='bbox 2990 2977 3290 3044; x_wconf 87' lang='grc' dir='ltr'>ἐπιστήμη.</span> <span class='ocrx_word' id='word_1_553' title='bbox 3343 2971 3547 3034; x_wconf 77' lang='grc' dir='ltr'>Σκοπὸς</span> <span class='ocrx_word' id='word_1_554' title='bbox 3582 2963 3662 3021; x_wconf 73' lang='grc' dir='ltr'>οὖν</span> 
     </span>
    </p>
   </div>
   <div class='ocr_carea' id='block_1_76' title="bbox 2110 3060 3660 3139">
    <p class='ocr_par' dir='ltr' id='par_1_76' title="bbox 2110 3060 3660 3139">
     <span class='ocr_line' id='line_1_76' title="bbox 2110 3060 3660 3139; baseline -0.006 -17"><span class='ocrx_word' id='word_1_555' title='bbox 2110 3068 2394 3139; x_wconf 85' lang='grc' dir='ltr'>ίεραρχίας</span> <span class='ocrx_word' id='word_1_556' title='bbox 2420 3068 2586 3133; x_wconf 76' lang='grc' dir='ltr'>ἐστὶν,</span> <span class='ocrx_word' id='word_1_557' title='bbox 2622 3067 2655 3136; x_wconf 83' lang='grc' dir='ltr'><strong>ἡ</strong></span> <span class='ocrx_word' id='word_1_558' title='bbox 2685 3067 2820 3137; x_wconf 77' lang='grc' dir='ltr'>πρὸς</span> <span class='ocrx_word' id='word_1_559' title='bbox 2847 3066 3002 3130; x_wconf 71' lang='grc' dir='ltr'>Θεὸν,</span> <span class='ocrx_word' id='word_1_560' title='bbox 3027 3069 3103 3128; x_wconf 86' lang='grc' dir='ltr'><strong>ὡς</strong></span> <span class='ocrx_word' id='word_1_561' title='bbox 3134 3064 3379 3134; x_wconf 80' lang='grc' dir='ltr'>ἐφικτὸν,</span> <span class='ocrx_word' id='word_1_562' title='bbox 3408 3060 3660 3132; x_wconf 73' lang='grc' dir='ltr'>ἀφομοίω-</span> 
     </span>
    </p>
   </div>
   <div class='ocr_carea' id='block_1_77' title="bbox 2109 3156 3664 3229">
    <p class='ocr_par' dir='ltr' id='par_1_77' title="bbox 2109 3156 3664 3229">
     <span class='ocr_line' id='line_1_77' title="bbox 2109 3156 3664 3229; baseline -0.006 -12"><span class='ocrx_word' id='word_1_563' title='bbox 2109 3165 2193 3227; x_wconf 89' lang='grc' dir='ltr'><strong>σίς</strong></span> <span class='ocrx_word' id='word_1_564' title='bbox 2233 3179 2291 3215; x_wconf 85' lang='grc' dir='ltr'><strong>τε</strong></span> <span class='ocrx_word' id='word_1_565' title='bbox 2351 3162 2448 3216; x_wconf 84' lang='lat' dir='ltr'><strong>xui</strong></span> <span class='ocrx_word' id='word_1_566' title='bbox 2489 3162 2682 3224; x_wconf 74' lang='grc' dir='ltr'>ἐνωσις</span> <span class='ocrx_word' id='word_1_567' title='bbox 2702 3201 2715 3225; x_wconf 95' lang='grc'><strong>,</strong></span> <span class='ocrx_word' id='word_1_568' title='bbox 2746 3159 2908 3212; x_wconf 75' lang='grc' dir='ltr'>αὐτὸν</span> <span class='ocrx_word' id='word_1_569' title='bbox 2947 3159 3146 3229; x_wconf 79' lang='grc' dir='ltr'>ἔχουσα</span> <span class='ocrx_word' id='word_1_570' title='bbox 3178 3158 3366 3228; x_wconf 83' lang='grc' dir='ltr'>πάσης</span> <span class='ocrx_word' id='word_1_571' title='bbox 3395 3157 3538 3228; x_wconf 78' lang='grc' dir='ltr'>ἱερᾶς</span> <span class='ocrx_word' id='word_1_572' title='bbox 3568 3156 3664 3206; x_wconf 71' lang='grc' dir='ltr'><strong>ἐπι⁵</strong></span> 
     </span>
    </p>
   </div>
   <div class='ocr_carea' id='block_1_78' title="bbox 2109 3243 3663 3327">
    <p class='ocr_par' dir='ltr' id='par_1_78' title="bbox 2109 3243 3663 3327">
     <span class='ocr_line' id='line_1_78' title="bbox 2109 3243 3663 3327; baseline -0.023 3"><span class='ocrx_word' id='word_1_573' title='bbox 2109 3257 2321 3327; x_wconf 80' lang='grc' dir='ltr'>στήμης</span> <span class='ocrx_word' id='word_1_574' title='bbox 2355 3271 2414 3307; x_wconf 84' lang='grc' dir='ltr'><strong>τε</strong></span> <span class='ocrx_word' id='word_1_575' title='bbox 2446 3253 2538 3307; x_wconf 82' lang='lat' dir='ltr'><strong>xui.</strong></span> <span class='ocrx_word' id='word_1_576' title='bbox 2562 3253 2845 3324; x_wconf 78' lang='grc' dir='ltr'>ἐνεργείας</span> <span class='ocrx_word' id='word_1_577' title='bbox 2879 3249 3236 3321; x_wconf 82' lang='grc' dir='ltr'>καθηγεμόνα</span> <span class='ocrx_word' id='word_1_578' title='bbox 3258 3267 3273 3282; x_wconf 87' lang='grc'><strong>·</strong></span> <span class='ocrx_word' id='word_1_579' title='bbox 3300 3250 3401 3303; x_wconf 84' lang='lat' dir='ltr'><strong>xui</strong></span> <span class='ocrx_word' id='word_1_580' title='bbox 3428 3246 3557 3318; x_wconf 68' lang='grc' dir='ltr'>πρὸς</span> <span class='ocrx_word' id='word_1_581' title='bbox 3578 3243 3663 3312; x_wconf 80' lang='grc' dir='ltr'><strong>τὴν</strong></span> 
     </span>
    </p>
   </div>
   <div class='ocr_carea' id='block_1_79' title="bbox 2108 3335 3657 3417">
    <p class='ocr_par' dir='ltr' id='par_1_79' title="bbox 2108 3335 3657 3417">
     <span class='ocr_line' id='line_1_79' title="bbox 2108 3335 3657 3417; baseline -0.01 -15"><span class='ocrx_word' id='word_1_582' title='bbox 2108 3348 2272 3402; x_wconf 80' lang='grc' dir='ltr'>αὐτοῦ</span> <span class='ocrx_word' id='word_1_583' title='bbox 2326 3347 2612 3417; x_wconf 84' lang='grc' dir='ltr'>θειοτάτην</span> <span class='ocrx_word' id='word_1_584' title='bbox 2660 3345 2998 3415; x_wconf 80' lang='grc' dir='ltr'>εὐπρέπειαν</span> <span class='ocrx_word' id='word_1_585' title='bbox 3051 3341 3289 3405; x_wconf 84' lang='grc' dir='ltr'>ἀκλινῶς</span> <span class='ocrx_word' id='word_1_586' title='bbox 3337 3335 3657 3410; x_wconf 84' lang='grc' dir='ltr'>ἐνορῶν,ὡς</span> 
     </span>
    </p>
   </div>
   <div class='ocr_carea' id='block_1_80' title="bbox 2107 3425 3664 3507">
    <p class='ocr_par' dir='ltr' id='par_1_80' title="bbox 2107 3425 3664 3507">
     <span class='ocr_line' id='line_1_80' title="bbox 2107 3425 3664 3507; baseline -0.008 -13"><span class='ocrx_word' id='word_1_587' title='bbox 2107 3440 2331 3494; x_wconf 80' lang='grc' dir='ltr'>δυνατὸν</span> <span class='ocrx_word' id='word_1_588' title='bbox 2365 3439 2422 3492; x_wconf 84' lang='grc' dir='ltr'><strong>δέ</strong></span> <span class='ocrx_word' id='word_1_589' title='bbox 2450 3436 2905 3507; x_wconf 82' lang='grc' dir='ltr'>ἀποτυπούμενος</span> <span class='ocrx_word' id='word_1_590' title='bbox 2949 3437 3043 3490; x_wconf 88' lang='lat' dir='ltr'><strong>xui</strong></span> <span class='ocrx_word' id='word_1_591' title='bbox 3071 3437 3199 3498; x_wconf 83' lang='grc' dir='ltr'>τοὺς</span> <span class='ocrx_word' id='word_1_592' title='bbox 3242 3433 3441 3487; x_wconf 79' lang='grc' dir='ltr'>ἑαυτοῦ</span> <span class='ocrx_word' id='word_1_593' title='bbox 3487 3425 3664 3483; x_wconf 83' lang='grc' dir='ltr'>θιασῶ-</span> 
     </span>
    </p>
   </div>
   <div class='ocr_carea' id='block_1_81' title="bbox 2108 3525 3665 3603">
    <p class='ocr_par' dir='ltr' id='par_1_81' title="bbox 2108 3525 3665 3603">
     <span class='ocr_line' id='line_1_81' title="bbox 2108 3525 3665 3603; baseline -0.01 -16"><span class='ocrx_word' id='word_1_594' title='bbox 2108 3551 2234 3598; x_wconf 88' lang='grc' dir='ltr'>τας,</span> <span class='ocrx_word' id='word_1_595' title='bbox 2268 3531 2564 3603; x_wconf 80' lang='grc' dir='ltr'>ἀγάλματα</span> <span class='ocrx_word' id='word_1_596' title='bbox 2595 3531 2713 3585; x_wconf 87' lang='grc' dir='ltr'>θεῖα</span> <span class='ocrx_word' id='word_1_597' title='bbox 2741 3529 3044 3593; x_wconf 82' lang='grc' dir='ltr'>ἀποτελῶν,</span> <span class='ocrx_word' id='word_1_598' title='bbox 3069 3531 3311 3599; x_wconf 79' lang='grc' dir='ltr'>ἔσοπτρα</span> <span class='ocrx_word' id='word_1_599' title='bbox 3358 3525 3665 3580; x_wconf 83' lang='grc' dir='ltr'>διειδέστατα</span> 
     </span>
    </p>
   </div>
   <div class='ocr_carea' id='block_1_82' title="bbox 2110 3612 3661 3694">
    <p class='ocr_par' dir='ltr' id='par_1_82' title="bbox 2110 3612 3661 3694">
     <span class='ocr_line' id='line_1_82' title="bbox 2110 3612 3661 3694; baseline -0.005 -15"><span class='ocrx_word' id='word_1_600' title='bbox 2110 3626 2204 3679; x_wconf 78' lang='grc' dir='ltr'>καὶ</span> <span class='ocrx_word' id='word_1_601' title='bbox 2231 3624 2562 3694; x_wconf 85' lang='grc' dir='ltr'>ἀκηλίδωτα,</span> <span class='ocrx_word' id='word_1_602' title='bbox 2595 3621 2820 3676; x_wconf 87' lang='grc' dir='ltr'>δεκτικὰ</span> <span class='ocrx_word' id='word_1_603' title='bbox 2849 3622 2948 3692; x_wconf 84' lang='grc' dir='ltr'>τῆς</span> <span class='ocrx_word' id='word_1_604' title='bbox 2985 3619 3300 3691; x_wconf 80' lang='grc' dir='ltr'>ἀρχιφώτου</span> <span class='ocrx_word' id='word_1_605' title='bbox 3329 3619 3428 3671; x_wconf 74' lang='grc' dir='ltr'><strong>καὶ</strong></span> <span class='ocrx_word' id='word_1_606' title='bbox 3456 3612 3661 3686; x_wconf 79' lang='grc' dir='ltr'><strong>ἀρχικῆς</strong></span> 
     </span>
    </p>
   </div>
   <div class='ocr_carea' id='block_1_83' title="bbox 2110 3704 3661 3782">
    <p class='ocr_par' dir='ltr' id='par_1_83' title="bbox 2110 3704 3661 3782">
     <span class='ocr_line' id='line_1_83' title="bbox 2110 3704 3661 3782; baseline -0.013 -13"><span class='ocrx_word' id='word_1_607' title='bbox 2110 3717 2350 3776; x_wconf 85' lang='grc' dir='ltr'>ἀκτῖνος.</span> <span class='ocrx_word' id='word_1_608' title='bbox 2383 3713 2600 3782; x_wconf 83' lang='grc' dir='ltr'>Ταύτην</span> <span class='ocrx_word' id='word_1_609' title='bbox 2624 3712 2682 3764; x_wconf 79' lang='grc' dir='ltr'><strong>δέ</strong></span> <span class='ocrx_word' id='word_1_610' title='bbox 2716 3707 2875 3774; x_wconf 80' lang='grc' dir='ltr'>αὖθις</span> <span class='ocrx_word' id='word_1_611' title='bbox 2901 3710 3151 3779; x_wconf 83' lang='grc' dir='ltr'>ἀφθόνως</span> <span class='ocrx_word' id='word_1_612' title='bbox 3180 3709 3261 3771; x_wconf 86' lang='grc' dir='ltr'><strong>είς</strong></span> <span class='ocrx_word' id='word_1_613' title='bbox 3304 3709 3377 3760; x_wconf 83' lang='grc' dir='ltr'>τὰ</span> <span class='ocrx_word' id='word_1_614' title='bbox 3403 3704 3526 3773; x_wconf 77' lang='grc' dir='ltr'>ἑξῆς</span> <span class='ocrx_word' id='word_1_615' title='bbox 3549 3705 3661 3753; x_wconf 82' lang='grc' dir='ltr'>ἀνα-</span> 
     </span>
    </p>
   </div>
   <div class='ocr_carea' id='block_1_84' title="bbox 2110 3792 3661 3877">
    <p class='ocr_par' dir='ltr' id='par_1_84' title="bbox 2110 3792 3661 3877">
     <span class='ocr_line' id='line_1_84' title="bbox 2110 3792 3661 3877; baseline -0.001 -18"><span class='ocrx_word' id='word_1_616' title='bbox 2110 3806 2420 3877; x_wconf 76' lang='grc' dir='ltr'>λὰμποντα,</span> <span class='ocrx_word' id='word_1_617' title='bbox 2447 3806 2587 3858; x_wconf 86' lang='grc' dir='ltr'><strong>κατά</strong></span> <span class='ocrx_word' id='word_1_618' title='bbox 2628 3805 2758 3868; x_wconf 79' lang='grc' dir='ltr'>τοὺς</span> <span class='ocrx_word' id='word_1_619' title='bbox 2812 3803 3138 3874; x_wconf 74' lang='grc' dir='ltr'>θεαρχικοϋς</span> <span class='ocrx_word' id='word_1_620' title='bbox 3165 3798 3429 3870; x_wconf 78' lang='grc' dir='ltr'>θεσμούς.</span> <span class='ocrx_word' id='word_1_621' title='bbox 3468 3797 3537 3848; x_wconf 76' lang='grc' dir='ltr'><strong>Οὐ</strong></span> <span class='ocrx_word' id='word_1_622' title='bbox 3571 3792 3661 3861; x_wconf 75' lang='grc' dir='ltr'>γὰρ</span> 
     </span>
    </p>
   </div>
   <div class='ocr_carea' id='block_1_85' title="bbox 2113 3883 3662 3968">
    <p class='ocr_par' dir='ltr' id='par_1_85' title="bbox 2113 3883 3662 3968">
     <span class='ocr_line' id='line_1_85' title="bbox 2113 3883 3662 3968; baseline -0.009 -17"><span class='ocrx_word' id='word_1_623' title='bbox 2113 3897 2333 3968; x_wconf 87' lang='grc' dir='ltr'>θεμιτόν</span> <span class='ocrx_word' id='word_1_624' title='bbox 2367 3899 2536 3964; x_wconf 85' lang='grc' dir='ltr'>ἐστιν,</span> <span class='ocrx_word' id='word_1_625' title='bbox 2568 3899 2688 3959; x_wconf 88' lang='grc' dir='ltr'>ταῖς</span> <span class='ocrx_word' id='word_1_626' title='bbox 2711 3895 2827 3948; x_wconf 78' lang='grc' dir='ltr'><strong>τῶν</strong></span> <span class='ocrx_word' id='word_1_627' title='bbox 2857 3894 3016 3965; x_wconf 78' lang='grc' dir='ltr'>ἱερῶν</span> <span class='ocrx_word' id='word_1_628' title='bbox 3045 3893 3303 3955; x_wconf 82' lang='grc' dir='ltr'>τελεταῖς,</span> <span class='ocrx_word' id='word_1_629' title='bbox 3327 3891 3362 3961; x_wconf 81' lang='grc' dir='ltr'>ἥ</span> <span class='ocrx_word' id='word_1_630' title='bbox 3392 3892 3499 3951; x_wconf 86' lang='grc' dir='ltr'>τοῖς</span> <span class='ocrx_word' id='word_1_631' title='bbox 3529 3883 3662 3955; x_wconf 78' lang='grc' dir='ltr'>ἱερῶς</span> 
     </span>
    </p>
   </div>
   <div class='ocr_carea' id='block_1_86' title="bbox 2112 3975 3660 4059">
    <p class='ocr_par' dir='ltr' id='par_1_86' title="bbox 2112 3975 3660 4059">
     <span class='ocr_line' id='line_1_86' title="bbox 2112 3975 3660 4059; baseline -0.01 -16"><span class='ocrx_word' id='word_1_632' title='bbox 2112 3988 2488 4059; x_wconf 82' lang='grc' dir='ltr'>τελουμένοις,</span> <span class='ocrx_word' id='word_1_633' title='bbox 2515 3987 2812 4059; x_wconf 80' lang='grc' dir='ltr'>ἐνεργῆσαι</span> <span class='ocrx_word' id='word_1_634' title='bbox 2854 3985 3109 4051; x_wconf 86' lang='grc' dir='ltr'>καθόλου,</span> <span class='ocrx_word' id='word_1_635' title='bbox 3140 3984 3294 4055; x_wconf 83' lang='grc' dir='ltr'><strong>παρά</strong></span> <span class='ocrx_word' id='word_1_636' title='bbox 3337 3983 3440 4046; x_wconf 83' lang='grc' dir='ltr'>τὰς</span> <span class='ocrx_word' id='word_1_637' title='bbox 3489 3975 3660 4034; x_wconf 72' lang='grc' dir='ltr'>οἰκείας</span> 
     </span>
    </p>
   </div>
   <div class='ocr_carea' id='block_1_87' title="bbox 2119 4067 3658 4154">
    <p class='ocr_par' dir='ltr' id='par_1_87' title="bbox 2119 4067 3658 4154">
     <span class='ocr_line' id='line_1_87' title="bbox 2119 4067 3658 4154; baseline -0.012 -18"><span class='ocrx_word' id='word_1_638' title='bbox 2119 4084 2266 4154; x_wconf 82' lang='grc' dir='ltr'>ίεράς</span> <span class='ocrx_word' id='word_1_639' title='bbox 2319 4081 2613 4154; x_wconf 29' lang='grc' dir='ltr'>διατάξεις..</span> <span class='ocrx_word' id='word_1_640' title='bbox 2651 4080 2864 4134; x_wconf 76' lang='grc' dir='ltr'>Οὐκοῦν</span> <span class='ocrx_word' id='word_1_641' title='bbox 2925 4077 3207 4150; x_wconf 89' lang='grc' dir='ltr'>ίεραρχίαν</span> <span class='ocrx_word' id='word_1_642' title='bbox 3265 4078 3294 4130; x_wconf 90' lang='lat'><strong>6</strong></span> <span class='ocrx_word' id='word_1_643' title='bbox 3353 4075 3522 4142; x_wconf 88' lang='grc' dir='ltr'>λέγων</span> <span class='ocrx_word' id='word_1_644' title='bbox 3559 4067 3658 4122; x_wconf 72' lang='grc' dir='ltr'>τινὰ</span> 
     </span>
    </p>
   </div>
   <div class='ocr_carea' id='block_1_88' title="bbox 2118 4161 3655 4244">
    <p class='ocr_par' dir='ltr' id='par_1_88' title="bbox 2118 4161 3655 4244">
     <span class='ocr_line' id='line_1_88' title="bbox 2118 4161 3655 4244; baseline -0.008 -16"><span class='ocrx_word' id='word_1_645' title='bbox 2118 4175 2291 4244; x_wconf 79' lang='grc' dir='ltr'>ἱερὰν,</span> <span class='ocrx_word' id='word_1_646' title='bbox 2324 4174 2558 4227; x_wconf 86' lang='grc' dir='ltr'>καθόλου</span> <span class='ocrx_word' id='word_1_647' title='bbox 2588 4173 2739 4243; x_wconf 83' lang='grc' dir='ltr'>δηλοῖ</span> <span class='ocrx_word' id='word_1_648' title='bbox 2764 4164 3153 4240; x_wconf 81' lang='grc' dir='ltr'>διακόσμησιν,</span> <span class='ocrx_word' id='word_1_649' title='bbox 3185 4166 3372 4220; x_wconf 83' lang='grc' dir='ltr'>εἰκόνα</span> <span class='ocrx_word' id='word_1_650' title='bbox 3400 4166 3493 4234; x_wconf 83' lang='grc' dir='ltr'>τῆς</span> <span class='ocrx_word' id='word_1_651' title='bbox 3521 4161 3655 4228; x_wconf 82' lang='grc' dir='ltr'>θεαρ-</span> 
     </span>
    </p>
   </div>
   <div class='ocr_carea' id='block_1_89' title="bbox 2117 4256 3658 4351">
    <p class='ocr_par' dir='ltr' id='par_1_89' title="bbox 2117 4256 3658 4351">
     <span class='ocr_line' id='line_1_89' title="bbox 2117 4256 3658 4351; baseline -0.005 -34"><span class='ocrx_word' id='word_1_652' title='bbox 2117 4265 2278 4336; x_wconf 80' lang='grc' dir='ltr'>χικῆς</span> <span class='ocrx_word' id='word_1_653' title='bbox 2310 4265 2663 4333; x_wconf 85' lang='grc' dir='ltr'>ὼραιότητος,</span> <span class='ocrx_word' id='word_1_654' title='bbox 2690 4264 2747 4316; x_wconf 92' lang='grc' dir='ltr'><strong>ἐν</strong></span> <span class='ocrx_word' id='word_1_655' title='bbox 2771 4263 3011 4329; x_wconf 79' lang='grc' dir='ltr'>τάξεσιν,</span> <span class='ocrx_word' id='word_1_656' title='bbox 3030 4261 3124 4314; x_wconf 90' lang='lat' dir='ltr'><strong>xui</strong></span> <span class='ocrx_word' id='word_1_657' title='bbox 3148 4259 3482 4328; x_wconf 81' lang='grc' dir='ltr'>ἐπιστήμαις</span> <span class='ocrx_word' id='word_1_658' title='bbox 3505 4256 3658 4351; x_wconf 62' lang='grc' dir='ltr'>ἱεραρ·</span> 
     </span>
    </p>
   </div>
   <div class='ocr_carea' id='block_1_90' title="bbox 2117 4349 3658 4424">
    <p class='ocr_par' dir='ltr' id='par_1_90' title="bbox 2117 4349 3658 4424">
     <span class='ocr_line' id='line_1_90' title="bbox 2117 4349 3658 4424; baseline -0.012 -17"><span class='ocrx_word' id='word_1_659' title='bbox 2117 4357 2323 4424; x_wconf 75' lang='grc' dir='ltr'>χτκαῖς,</span> <span class='ocrx_word' id='word_1_660' title='bbox 2378 4353 2447 4405; x_wconf 88' lang='grc' dir='ltr'><strong>τά</strong></span> <span class='ocrx_word' id='word_1_661' title='bbox 2505 4353 2606 4421; x_wconf 77' lang='grc' dir='ltr'>τῆς</span> <span class='ocrx_word' id='word_1_662' title='bbox 2669 4352 2877 4415; x_wconf 83' lang='grc' dir='ltr'>οἰκείας</span> <span class='ocrx_word' id='word_1_663' title='bbox 2930 4349 3256 4419; x_wconf 72' lang='grc' dir='ltr'>ἐκλάμψεως</span> <span class='ocrx_word' id='word_1_664' title='bbox 3307 4349 3658 4419; x_wconf 63' lang='grc' dir='ltr'>ἱερουργοῦσιν</span> 
     </span>
    </p>
   </div>
   <div class='ocr_carea' id='block_1_91' title="bbox 427 4429 2002 4521">
    <p class='ocr_par' dir='ltr' id='par_1_91' title="bbox 427 4442 2002 4515">
     <span class='ocr_line' id='line_1_91' title="bbox 427 4442 2002 4515; baseline 0.002 -17"><span class='ocrx_word' id='word_1_665' title='bbox 427 4452 486 4498; x_wconf 86' lang='lat' dir='ltr'><strong>et</strong></span> <span class='ocrx_word' id='word_1_666' title='bbox 534 4442 871 4508; x_wconf 88' lang='lat' dir='ltr'><strong>inambulat,</strong></span> <span class='ocrx_word' id='word_1_667' title='bbox 924 4443 1021 4514; x_wconf 85' lang='lat' dir='ltr'><strong>qui</strong></span> <span class='ocrx_word' id='word_1_668' title='bbox 1068 4455 1126 4498; x_wconf 91' lang='lat' dir='ltr'><strong>et</strong></span> <span class='ocrx_word' id='word_1_669' title='bbox 1168 4444 1593 4514; x_wconf 89' lang='lat' dir='ltr'><strong>conspiciuntur</strong></span> <span class='ocrx_word' id='word_1_670' title='bbox 1635 4454 1895 4515; x_wconf 87' lang='lat' dir='ltr'><strong>tanquam</strong></span> <span class='ocrx_word' id='word_1_671' title='bbox 1926 4446 2002 4501; x_wconf 91' lang='lat' dir='ltr'><strong>lu-</strong></span> 
     </span>
    </p>
   </div>
   <div class='ocr_carea' id='block_1_92' title="bbox 2109 4429 3657 4521">
    <p class='ocr_par' dir='ltr' id='par_1_92' title="bbox 2129 4429 3657 4515">
     <span class='ocr_line' id='line_1_92' title="bbox 2129 4429 3657 4515; baseline -0.006 -17"><span class='ocrx_word' id='word_1_672' title='bbox 2129 4445 2423 4515; x_wconf 83' lang='grc' dir='ltr'>μυστήρια.</span> <span class='ocrx_word' id='word_1_673' title='bbox 2457 4445 2570 4497; x_wconf 73' lang='grc' dir='ltr'>Καὶ</span> <span class='ocrx_word' id='word_1_674' title='bbox 2601 4444 2739 4513; x_wconf 88' lang='grc' dir='ltr'>πρὸς</span> <span class='ocrx_word' id='word_1_675' title='bbox 2763 4442 2862 4512; x_wconf 82' lang='grc' dir='ltr'><strong>τὴν</strong></span> <span class='ocrx_word' id='word_1_676' title='bbox 2890 4441 3100 4495; x_wconf 84' lang='grc' dir='ltr'>οἰκείαν</span> <span class='ocrx_word' id='word_1_677' title='bbox 3127 4437 3325 4510; x_wconf 81' lang='grc' dir='ltr'>ἀρχὴν,</span> <span class='ocrx_word' id='word_1_678' title='bbox 3353 4439 3431 4502; x_wconf 87' lang='grc' dir='ltr'>ὡς</span> <span class='ocrx_word' id='word_1_679' title='bbox 3455 4429 3657 4503; x_wconf 72' lang='grc' dir='ltr'>θεμιτὸν,</span> 
     </span>
    </p>
   </div>
   <div class='ocr_carea' id='block_1_93' title="bbox 431 4535 2012 4610">
    <p class='ocr_par' dir='ltr' id='par_1_93' title="bbox 431 4535 2012 4610">
     <span class='ocr_line' id='line_1_93' title="bbox 431 4535 2012 4610; baseline 0.002 -20"><span class='ocrx_word' id='word_1_680' title='bbox 431 4535 666 4590; x_wconf 84' lang='lat' dir='ltr'><strong>minaria</strong></span> <span class='ocrx_word' id='word_1_681' title='bbox 703 4535 759 4589; x_wconf 91' lang='lat' dir='ltr'><strong>in</strong></span> <span class='ocrx_word' id='word_1_682' title='bbox 789 4535 1017 4602; x_wconf 88' lang='lat' dir='ltr'><strong>mundo,</strong></span> <span class='ocrx_word' id='word_1_683' title='bbox 1055 4552 1182 4591; x_wconf 92' lang='lat' dir='ltr'><strong>cum</strong></span> <span class='ocrx_word' id='word_1_684' title='bbox 1211 4537 1501 4594; x_wconf 84' lang='lat' dir='ltr'><strong>verissime</strong></span> <span class='ocrx_word' id='word_1_685' title='bbox 1527 4540 1639 4594; x_wconf 87' lang='lat' dir='ltr'><strong>sint</strong></span> <span class='ocrx_word' id='word_1_686' title='bbox 1667 4539 1891 4610; x_wconf 89' lang='lat' dir='ltr'><strong>pietatis</strong></span> <span class='ocrx_word' id='word_1_687' title='bbox 1913 4556 2012 4594; x_wconf 86' lang='lat' dir='ltr'><strong>ex-</strong></span> 
     </span>
    </p>
   </div>
   <div class='ocr_carea' id='block_1_94' title="bbox 430 4626 2010 4698">
    <p class='ocr_par' dir='ltr' id='par_1_94' title="bbox 430 4626 2010 4698">
     <span class='ocr_line' id='line_1_94' title="bbox 430 4626 2010 4698; baseline 0.001 -16"><span class='ocrx_word' id='word_1_688' title='bbox 430 4627 660 4682; x_wconf 84' lang='lat' dir='ltr'><strong>sultatio</strong></span> <span class='ocrx_word' id='word_1_689' title='bbox 691 4635 747 4681; x_wconf 89' lang='lat' dir='ltr'><strong>ct</strong></span> <span class='ocrx_word' id='word_1_690' title='bbox 776 4627 970 4698; x_wconf 85' lang='lat' dir='ltr'><strong>gloria.</strong></span> <span class='ocrx_word' id='word_1_691' title='bbox 1031 4626 1174 4684; x_wconf 89' lang='lat' dir='ltr'><strong>Sane</strong></span> <span class='ocrx_word' id='word_1_692' title='bbox 1215 4630 1506 4698; x_wconf 86' lang='lat' dir='ltr'><strong>augustior</strong></span> <span class='ocrx_word' id='word_1_693' title='bbox 1539 4630 1632 4685; x_wconf 89' lang='lat' dir='ltr'><strong>hic</strong></span> <span class='ocrx_word' id='word_1_694' title='bbox 1661 4631 2010 4686; x_wconf 89' lang='lat' dir='ltr'><strong>sacerdotum</strong></span> 
     </span>
    </p>
   </div>
   <div class='ocr_carea' id='block_1_95' title="bbox 430 4715 2016 4793">
    <p class='ocr_par' dir='ltr' id='par_1_95' title="bbox 430 4715 2016 4793">
     <span class='ocr_line' id='line_1_95' title="bbox 430 4715 2016 4793; baseline 0.003 -21"><span class='ocrx_word' id='word_1_695' title='bbox 430 4718 801 4789; x_wconf 88' lang='lat' dir='ltr'><strong>principatus,</strong></span> <span class='ocrx_word' id='word_1_696' title='bbox 839 4735 994 4773; x_wconf 89' lang='lat' dir='ltr'><strong>sacer</strong></span> <span class='ocrx_word' id='word_1_697' title='bbox 1021 4720 1159 4774; x_wconf 89' lang='lat' dir='ltr'><strong>ordo</strong></span> <span class='ocrx_word' id='word_1_698' title='bbox 1188 4730 1244 4776; x_wconf 90' lang='lat' dir='ltr'><strong>et</strong></span> <span class='ocrx_word' id='word_1_699' title='bbox 1271 4721 1502 4777; x_wconf 89' lang='lat' dir='ltr'><strong>scientia</strong></span> <span class='ocrx_word' id='word_1_700' title='bbox 1528 4730 1634 4777; x_wconf 90' lang='lat' dir='ltr'><strong>est.</strong></span> <span class='ocrx_word' id='word_1_701' title='bbox 1654 4715 1820 4777; x_wconf 59' lang='lat' dir='ltr'><strong>&#39;Sacri</strong></span> <span class='ocrx_word' id='word_1_702' title='bbox 1846 4722 2016 4793; x_wconf 87' lang='lat' dir='ltr'><strong>igitur</strong></span> 
     </span>
    </p>
   </div>
   <div class='ocr_carea' id='block_1_96' title="bbox 432 4809 2014 4883">
    <p class='ocr_par' dir='ltr' id='par_1_96' title="bbox 432 4809 2014 4883">
     <span class='ocr_line' id='line_1_96' title="bbox 432 4809 2014 4883; baseline 0 -17"><span class='ocrx_word' id='word_1_703' title='bbox 432 4809 782 4881; x_wconf 89' lang='lat' dir='ltr'><strong>principatus</strong></span> <span class='ocrx_word' id='word_1_704' title='bbox 825 4811 985 4865; x_wconf 88' lang='lat' dir='ltr'><strong>istius</strong></span> <span class='ocrx_word' id='word_1_705' title='bbox 1033 4827 1234 4881; x_wconf 91' lang='lat' dir='ltr'><strong>scopus</strong></span> <span class='ocrx_word' id='word_1_706' title='bbox 1275 4813 1369 4869; x_wconf 92' lang='lat' dir='ltr'><strong>hic</strong></span> <span class='ocrx_word' id='word_1_707' title='bbox 1407 4823 1524 4879; x_wconf 89' lang='lat' dir='ltr'><strong>est,</strong></span> <span class='ocrx_word' id='word_1_708' title='bbox 1572 4814 1708 4878; x_wconf 91' lang='lat' dir='ltr'><strong>Deo,</strong></span> <span class='ocrx_word' id='word_1_709' title='bbox 1746 4821 2014 4883; x_wconf 89' lang='lat' dir='ltr'><strong>quantum</strong></span> 
     </span>
    </p>
   </div>
   <div class='ocr_carea' id='block_1_97' title="bbox 433 4902 2014 4974">
    <p class='ocr_par' dir='ltr' id='par_1_97' title="bbox 433 4902 2014 4974">
     <span class='ocr_line' id='line_1_97' title="bbox 433 4902 2014 4974; baseline -0.001 -15"><span class='ocrx_word' id='word_1_710' title='bbox 433 4904 694 4959; x_wconf 67' lang='lat' dir='ltr'><strong>humanae</strong></span> <span class='ocrx_word' id='word_1_711' title='bbox 711 4903 904 4958; x_wconf 88' lang='lat' dir='ltr'><strong>sinunt</strong></span> <span class='ocrx_word' id='word_1_712' title='bbox 922 4902 1189 4967; x_wconf 63' lang='lat' dir='ltr'><strong>viriculas,</strong></span> <span class='ocrx_word' id='word_1_713' title='bbox 1208 4915 1268 4959; x_wconf 91' lang='lat' dir='ltr'><strong>ut</strong></span> <span class='ocrx_word' id='word_1_714' title='bbox 1288 4921 1346 4960; x_wconf 91' lang='lat' dir='ltr'><strong>se</strong></span> <span class='ocrx_word' id='word_1_715' title='bbox 1363 4905 1636 4960; x_wconf 90' lang='lat' dir='ltr'><strong>assimilet</strong></span> <span class='ocrx_word' id='word_1_716' title='bbox 1654 4913 1820 4974; x_wconf 89' lang='lat' dir='ltr'><strong>atque</strong></span> <span class='ocrx_word' id='word_1_717' title='bbox 1837 4905 2014 4972; x_wconf 88' lang='lat' dir='ltr'><strong>uniat,</strong></span> 
     </span>
    </p>
   </div>
   <div class='ocr_carea' id='block_1_98' title="bbox 432 4995 2018 5067">
    <p class='ocr_par' dir='ltr' id='par_1_98' title="bbox 432 4995 2018 5067">
     <span class='ocr_line' id='line_1_98' title="bbox 432 4995 2018 5067; baseline 0.001 -17"><span class='ocrx_word' id='word_1_718' title='bbox 432 4997 608 5050; x_wconf 91' lang='lat' dir='ltr'><strong>Deum</strong></span> <span class='ocrx_word' id='word_1_719' title='bbox 653 4995 864 5050; x_wconf 85' lang='lat' dir='ltr'><strong>habens</strong></span> <span class='ocrx_word' id='word_1_720' title='bbox 915 5009 1085 5050; x_wconf 79' lang='lat' dir='ltr'><strong>sacra:</strong></span> <span class='ocrx_word' id='word_1_721' title='bbox 1125 4995 1298 5050; x_wconf 90' lang='lat' dir='ltr'><strong>totius</strong></span> <span class='ocrx_word' id='word_1_722' title='bbox 1328 4997 1576 5052; x_wconf 83' lang='lat' dir='ltr'><strong>scientiae</strong></span> <span class='ocrx_word' id='word_1_723' title='bbox 1607 5003 1664 5052; x_wconf 89' lang='lat' dir='ltr'><strong>et</strong></span> <span class='ocrx_word' id='word_1_724' title='bbox 1691 4998 2018 5067; x_wconf 72' lang='lat' dir='ltr'><strong>operatoriae</strong></span> 
     </span>
    </p>
   </div>
   <div class='ocr_carea' id='block_1_99' title="bbox 435 5083 2017 5156">
    <p class='ocr_par' dir='ltr' id='par_1_99' title="bbox 435 5083 2017 5156">
     <span class='ocr_line' id='line_1_99' title="bbox 435 5083 2017 5156; baseline 0 -17"><span class='ocrx_word' id='word_1_725' title='bbox 435 5086 662 5141; x_wconf 82' lang='lat' dir='ltr'><strong>virtutis</strong></span> <span class='ocrx_word' id='word_1_726' title='bbox 690 5096 1124 5156; x_wconf 66' lang='lat' dir='ltr'><strong>praeceptorem;</strong></span> <span class='ocrx_word' id='word_1_727' title='bbox 1169 5083 1301 5138; x_wconf 93' lang='lat' dir='ltr'><strong>dum</strong></span> <span class='ocrx_word' id='word_1_728' title='bbox 1334 5083 1510 5140; x_wconf 89' lang='lat' dir='ltr'><strong>aciem</strong></span> <span class='ocrx_word' id='word_1_729' title='bbox 1542 5084 1748 5140; x_wconf 90' lang='lat' dir='ltr'><strong>mentis</strong></span> <span class='ocrx_word' id='word_1_730' title='bbox 1778 5085 2017 5140; x_wconf 89' lang='lat' dir='ltr'><strong>intendit</strong></span> 
     </span>
    </p>
   </div>
   <div class='ocr_carea' id='block_1_100' title="bbox 436 5177 2017 5249">
    <p class='ocr_par' dir='ltr' id='par_1_100' title="bbox 436 5177 2017 5249">
     <span class='ocr_line' id='line_1_100' title="bbox 436 5177 2017 5249; baseline -0.001 -15"><span class='ocrx_word' id='word_1_731' title='bbox 436 5180 494 5234; x_wconf 82' lang='lat' dir='ltr'><strong>in</strong></span> <span class='ocrx_word' id='word_1_732' title='bbox 525 5177 976 5249; x_wconf 88' lang='lat' dir='ltr'><strong>augustissimam</strong></span> <span class='ocrx_word' id='word_1_733' title='bbox 1007 5177 1159 5233; x_wconf 90' lang='lat' dir='ltr'><strong>illius</strong></span> <span class='ocrx_word' id='word_1_734' title='bbox 1182 5177 1679 5248; x_wconf 87' lang='lat' dir='ltr'><strong>pulchritudinem,</strong></span> <span class='ocrx_word' id='word_1_735' title='bbox 1714 5179 1856 5233; x_wconf 91' lang='lat' dir='ltr'><strong>nihil</strong></span> <span class='ocrx_word' id='word_1_736' title='bbox 1887 5193 2017 5233; x_wconf 90' lang='lat' dir='ltr'><strong>eva-</strong></span> 
     </span>
    </p>
   </div>
   <div class='ocr_carea' id='block_1_101' title="bbox 437 5268 2016 5334">
    <p class='ocr_par' dir='ltr' id='par_1_101' title="bbox 437 5268 2016 5334">
     <span class='ocr_line' id='line_1_101' title="bbox 437 5268 2016 5334; baseline 0 -12"><span class='ocrx_word' id='word_1_737' title='bbox 437 5271 614 5325; x_wconf 87' lang='lat' dir='ltr'><strong>rians.</strong></span> <span class='ocrx_word' id='word_1_738' title='bbox 669 5269 783 5324; x_wconf 89' lang='lat' dir='ltr'><strong>Pro</strong></span> <span class='ocrx_word' id='word_1_739' title='bbox 821 5269 1044 5324; x_wconf 91' lang='lat' dir='ltr'><strong>modulo</strong></span> <span class='ocrx_word' id='word_1_740' title='bbox 1076 5277 1261 5324; x_wconf 88' lang='lat' dir='ltr'><strong>autem</strong></span> <span class='ocrx_word' id='word_1_741' title='bbox 1293 5269 1496 5324; x_wconf 89' lang='lat' dir='ltr'><strong>virium</strong></span> <span class='ocrx_word' id='word_1_742' title='bbox 1541 5269 1714 5326; x_wconf 90' lang='lat' dir='ltr'><strong>Deum</strong></span> <span class='ocrx_word' id='word_1_743' title='bbox 1745 5268 2016 5334; x_wconf 92' lang='lat' dir='ltr'><strong>imitatus,</strong></span> 
     </span>
    </p>
   </div>
   <div class='ocr_carea' id='block_1_102' title="bbox 437 5361 2020 5434">
    <p class='ocr_par' dir='ltr' id='par_1_102' title="bbox 437 5361 2020 5434">
     <span class='ocr_line' id='line_1_102' title="bbox 437 5361 2020 5434; baseline -0.002 -15"><span class='ocrx_word' id='word_1_744' title='bbox 437 5379 571 5419; x_wconf 90' lang='lat' dir='ltr'><strong>suos</strong></span> <span class='ocrx_word' id='word_1_745' title='bbox 592 5363 760 5420; x_wconf 89' lang='lat' dir='ltr'><strong>etiam</strong></span> <span class='ocrx_word' id='word_1_746' title='bbox 785 5364 968 5420; x_wconf 90' lang='lat' dir='ltr'><strong>socios</strong></span> <span class='ocrx_word' id='word_1_747' title='bbox 992 5361 1210 5419; x_wconf 87' lang='lat' dir='ltr'><strong>divinas</strong></span> <span class='ocrx_word' id='word_1_748' title='bbox 1240 5363 1511 5434; x_wconf 88' lang='lat' dir='ltr'><strong>imagines</strong></span> <span class='ocrx_word' id='word_1_749' title='bbox 1532 5362 1772 5434; x_wconf 78' lang='lat' dir='ltr'><strong>perficit,</strong></span> <span class='ocrx_word' id='word_1_750' title='bbox 1798 5362 2020 5434; x_wconf 89' lang='lat' dir='ltr'><strong>specula</strong></span> 
     </span>
    </p>
   </div>
   <div class='ocr_carea' id='block_1_103' title="bbox 437 5455 2021 5528">
    <p class='ocr_par' dir='ltr' id='par_1_103' title="bbox 437 5455 2021 5528">
     <span class='ocr_line' id='line_1_103' title="bbox 437 5455 2021 5528; baseline -0.002 -17"><span class='ocrx_word' id='word_1_751' title='bbox 437 5455 772 5512; x_wconf 75' lang='lat' dir='ltr'><strong>nitidissima</strong></span> <span class='ocrx_word' id='word_1_752' title='bbox 803 5463 862 5512; x_wconf 89' lang='lat' dir='ltr'><strong>et</strong></span> <span class='ocrx_word' id='word_1_753' title='bbox 887 5456 1273 5522; x_wconf 86' lang='lat' dir='ltr'><strong>immaculata,</strong></span> <span class='ocrx_word' id='word_1_754' title='bbox 1310 5456 1534 5528; x_wconf 86' lang='lat' dir='ltr'><strong>capacia</strong></span> <span class='ocrx_word' id='word_1_755' title='bbox 1565 5456 1846 5527; x_wconf 69' lang='lat' dir='ltr'><strong>primariae</strong></span> <span class='ocrx_word' id='word_1_756' title='bbox 1871 5455 2021 5509; x_wconf 88' lang='lat' dir='ltr'><strong>illius</strong></span> 
     </span>
    </p>
   </div>
   <div class='ocr_carea' id='block_1_104' title="bbox 439 5547 2015 5619">
    <p class='ocr_par' dir='ltr' id='par_1_104' title="bbox 439 5547 2015 5619">
     <span class='ocr_line' id='line_1_104' title="bbox 439 5547 2015 5619; baseline -0.002 -15"><span class='ocrx_word' id='word_1_757' title='bbox 439 5547 613 5614; x_wconf 85' lang='lat' dir='ltr'><strong>lucis,</strong></span> <span class='ocrx_word' id='word_1_758' title='bbox 669 5547 813 5604; x_wconf 89' lang='lat' dir='ltr'><strong>radii</strong></span> <span class='ocrx_word' id='word_1_759' title='bbox 860 5563 1090 5619; x_wconf 86' lang='lat' dir='ltr'><strong>prorsus</strong></span> <span class='ocrx_word' id='word_1_760' title='bbox 1135 5547 1331 5604; x_wconf 89' lang='lat' dir='ltr'><strong>divini.</strong></span> <span class='ocrx_word' id='word_1_761' title='bbox 1385 5548 1540 5603; x_wconf 81' lang='lat' dir='ltr'><strong>Hanc</strong></span> <span class='ocrx_word' id='word_1_762' title='bbox 1569 5562 1767 5603; x_wconf 86' lang='lat' dir='ltr'><strong>rursus</strong></span> <span class='ocrx_word' id='word_1_763' title='bbox 1799 5547 2015 5603; x_wconf 90' lang='lat' dir='ltr'><strong>hierar-</strong></span> 
     </span>
    </p>
   </div>
   <div class='ocr_carea' id='block_1_105' title="bbox 439 5639 2021 5712">
    <p class='ocr_par' dir='ltr' id='par_1_105' title="bbox 439 5639 2021 5712">
     <span class='ocr_line' id='line_1_105' title="bbox 439 5639 2021 5712; baseline 0.001 -18"><span class='ocrx_word' id='word_1_764' title='bbox 439 5640 653 5695; x_wconf 86' lang='lat' dir='ltr'><strong>chicam</strong></span> <span class='ocrx_word' id='word_1_765' title='bbox 697 5639 1038 5696; x_wconf 75' lang='lat' dir='ltr'><strong>iunctionem</strong></span> <span class='ocrx_word' id='word_1_766' title='bbox 1091 5643 1148 5696; x_wconf 92' lang='lat' dir='ltr'><strong>in</strong></span> <span class='ocrx_word' id='word_1_767' title='bbox 1189 5651 1386 5697; x_wconf 68' lang='lat' dir='ltr'><strong>caetera</strong></span> <span class='ocrx_word' id='word_1_768' title='bbox 1430 5658 1532 5697; x_wconf 91' lang='lat' dir='ltr'><strong>suo</strong></span> <span class='ocrx_word' id='word_1_769' title='bbox 1563 5658 1796 5712; x_wconf 67' lang='lat' dir='ltr'><strong>quaeque</strong></span> <span class='ocrx_word' id='word_1_770' title='bbox 1827 5642 2021 5700; x_wconf 86' lang='lat' dir='ltr'><strong>ordine</strong></span> 
     </span>
    </p>
   </div>
   <div class='ocr_carea' id='block_1_106' title="bbox 441 5731 2010 5793">
    <p class='ocr_par' dir='ltr' id='par_1_106' title="bbox 441 5731 2010 5793">
     <span class='ocr_line' id='line_1_106' title="bbox 441 5731 2010 5793; baseline 0.005 -9"><span class='ocrx_word' id='word_1_771' title='bbox 441 5731 745 5788; x_wconf 85' lang='lat' dir='ltr'><strong>relucentia</strong></span> <span class='ocrx_word' id='word_1_772' title='bbox 778 5732 1122 5789; x_wconf 82' lang='lat' dir='ltr'><strong>transmittit.</strong></span> <span class='ocrx_word' id='word_1_773' title='bbox 1180 5735 1302 5792; x_wconf 81' lang='lat' dir='ltr'><strong>Non</strong></span> <span class='ocrx_word' id='word_1_774' title='bbox 1332 5735 1479 5792; x_wconf 87' lang='lat' dir='ltr'><strong>enim</strong></span> <span class='ocrx_word' id='word_1_775' title='bbox 1514 5736 1594 5793; x_wconf 81' lang='lat' dir='ltr'><strong>las</strong></span> <span class='ocrx_word' id='word_1_776' title='bbox 1624 5737 1696 5792; x_wconf 85' lang='lat' dir='ltr'><strong>sit</strong></span> <span class='ocrx_word' id='word_1_777' title='bbox 1726 5750 2010 5793; x_wconf 82' lang='lat' dir='ltr'><strong>sacrorum</strong></span> 
     </span>
    </p>
   </div>
   <div class='ocr_carea' id='block_1_107' title="bbox 2117 4523 3659 4606">
    <p class='ocr_par' dir='ltr' id='par_1_107' title="bbox 2117 4523 3659 4606">
     <span class='ocr_line' id='line_1_107' title="bbox 2117 4523 3659 4606; baseline -0.01 -15"><span class='ocrx_word' id='word_1_778' title='bbox 2117 4538 2515 4606; x_wconf 74' lang='grc' dir='ltr'>ἐπανάγουσαν.</span> <span class='ocrx_word' id='word_1_779' title='bbox 2550 4533 2739 4587; x_wconf 88' lang='grc' dir='ltr'>Ἔστιν</span> <span class='ocrx_word' id='word_1_780' title='bbox 2768 4534 2876 4603; x_wconf 77' lang='grc' dir='ltr'><strong>γὰρ</strong></span> <span class='ocrx_word' id='word_1_781' title='bbox 2927 4533 3024 4603; x_wconf 79' lang='grc' dir='ltr'>τῆς</span> <span class='ocrx_word' id='word_1_782' title='bbox 3076 4531 3362 4602; x_wconf 79' lang='grc' dir='ltr'>ίεραρχίας</span> <span class='ocrx_word' id='word_1_783' title='bbox 3391 4533 3424 4601; x_wconf 76' lang='grc' dir='ltr'><strong>ἡ</strong></span> <span class='ocrx_word' id='word_1_784' title='bbox 3477 4523 3659 4581; x_wconf 80' lang='grc' dir='ltr'>τελείωο</span> 
     </span>
    </p>
   </div>
   <div class='ocr_carea' id='block_1_108' title="bbox 2122 4621 3660 4694">
    <p class='ocr_par' dir='ltr' id='par_1_108' title="bbox 2122 4621 3660 4694">
     <span class='ocr_line' id='line_1_108' title="bbox 2122 4621 3660 4694; baseline -0.014 -6"><span class='ocrx_word' id='word_1_785' title='bbox 2122 4648 2227 4694; x_wconf 81' lang='grc' dir='ltr'>σις,</span> <span class='ocrx_word' id='word_1_786' title='bbox 2260 4630 2321 4681; x_wconf 78' lang='grc' dir='ltr'><strong>τὸ</strong></span> <span class='ocrx_word' id='word_1_787' title='bbox 2371 4628 2492 4682; x_wconf 85' lang='grc' dir='ltr'>κατ’</span> <span class='ocrx_word' id='word_1_788' title='bbox 2520 4626 2733 4680; x_wconf 86' lang='grc' dir='ltr'>οίκείαν</span> <span class='ocrx_word' id='word_1_789' title='bbox 2775 4624 3070 4692; x_wconf 83' lang='grc' dir='ltr'>ἀναλογίαν</span> <span class='ocrx_word' id='word_1_790' title='bbox 3122 4624 3217 4676; x_wconf 78' lang='grc' dir='ltr'>ἐπὶ</span> <span class='ocrx_word' id='word_1_791' title='bbox 3262 4623 3325 4675; x_wconf 83' lang='grc' dir='ltr'>τὺ</span> <span class='ocrx_word' id='word_1_792' title='bbox 3371 4621 3660 4690; x_wconf 79' lang='grc' dir='ltr'>θεομίμητον</span> 
     </span>
    </p>
   </div>
   <div class='ocr_carea' id='block_1_109' title="bbox 2122 4709 3658 4792">
    <p class='ocr_par' dir='ltr' id='par_1_109' title="bbox 2122 4709 3658 4792">
     <span class='ocr_line' id='line_1_109' title="bbox 2122 4709 3658 4792; baseline -0.01 -17"><span class='ocrx_word' id='word_1_793' title='bbox 2122 4722 2442 4792; x_wconf 79' lang='grc' dir='ltr'>ἀναχθῆναι,</span> <span class='ocrx_word' id='word_1_794' title='bbox 2507 4719 2602 4773; x_wconf 83' lang='lat' dir='ltr'><strong>xui</strong></span> <span class='ocrx_word' id='word_1_795' title='bbox 2635 4719 2770 4773; x_wconf 84' lang='grc' dir='ltr'>Θεοῦ</span> <span class='ocrx_word' id='word_1_796' title='bbox 2805 4717 3066 4789; x_wconf 67' lang='grc' dir='ltr'>συνεργὸν</span> <span class='ocrx_word' id='word_1_797' title='bbox 3090 4717 3374 4787; x_wconf 85' lang='grc' dir='ltr'>γενέσθαι,</span> <span class='ocrx_word' id='word_1_798' title='bbox 3406 4715 3498 4770; x_wconf 90' lang='lat' dir='ltr'><strong>xui</strong></span> <span class='ocrx_word' id='word_1_799' title='bbox 3523 4709 3658 4772; x_wconf 73' lang='grc' dir='ltr'>δεῖξαι</span> 
     </span>
    </p>
   </div>
   <div class='ocr_carea' id='block_1_110' title="bbox 2121 4804 3662 4884">
    <p class='ocr_par' dir='ltr' id='par_1_110' title="bbox 2121 4804 3662 4884">
     <span class='ocr_line' id='line_1_110' title="bbox 2121 4804 3662 4884; baseline -0.008 -17"><span class='ocrx_word' id='word_1_800' title='bbox 2121 4814 2219 4884; x_wconf 84' lang='grc' dir='ltr'><strong>τὴν</strong></span> <span class='ocrx_word' id='word_1_801' title='bbox 2249 4813 2398 4866; x_wconf 87' lang='grc' dir='ltr'>θείαν</span> <span class='ocrx_word' id='word_1_802' title='bbox 2433 4809 2715 4882; x_wconf 79' lang='grc' dir='ltr'>ἐνέργειαν</span> <span class='ocrx_word' id='word_1_803' title='bbox 2748 4809 2890 4863; x_wconf 87' lang='grc' dir='ltr'><strong>κατά</strong></span> <span class='ocrx_word' id='word_1_804' title='bbox 2929 4810 2990 4862; x_wconf 82' lang='grc' dir='ltr'><strong>τὸ</strong></span> <span class='ocrx_word' id='word_1_805' title='bbox 3019 4809 3244 4862; x_wconf 73' lang='grc' dir='ltr'>δυνατὸν</span> <span class='ocrx_word' id='word_1_806' title='bbox 3287 4809 3342 4860; x_wconf 86' lang='grc' dir='ltr'><strong>ἐν</strong></span> <span class='ocrx_word' id='word_1_807' title='bbox 3367 4804 3537 4873; x_wconf 82' lang='grc' dir='ltr'>ἐαυτῷ</span> <span class='ocrx_word' id='word_1_808' title='bbox 3563 4817 3662 4868; x_wconf 77' lang='grc' dir='ltr'>φαι-</span> 
     </span>
    </p>
   </div>
   <div class='ocr_carea' id='block_1_111' title="bbox 2123 4889 3663 4977">
    <p class='ocr_par' dir='ltr' id='par_1_111' title="bbox 2123 4889 3663 4977">
     <span class='ocr_line' id='line_1_111' title="bbox 2123 4889 3663 4977; baseline -0.01 -18"><span class='ocrx_word' id='word_1_809' title='bbox 2123 4905 2378 4977; x_wconf 84' lang='grc' dir='ltr'>νομένην,</span> <span class='ocrx_word' id='word_1_810' title='bbox 2403 4905 2495 4958; x_wconf 74' lang='grc' dir='ltr'><strong>καὶ</strong></span> <span class='ocrx_word' id='word_1_811' title='bbox 2535 4901 2868 4973; x_wconf 74' lang='grc' dir='ltr'>φωτίζεσθαι</span> <span class='ocrx_word' id='word_1_812' title='bbox 2897 4902 2990 4956; x_wconf 72' lang='grc' dir='ltr'>καὶ</span> <span class='ocrx_word' id='word_1_813' title='bbox 3042 4903 3300 4971; x_wconf 79' lang='grc' dir='ltr'>φωτίζειν</span> <span class='ocrx_word' id='word_1_814' title='bbox 3322 4941 3337 4965; x_wconf 90' lang='grc'><strong>,</strong></span> <span class='ocrx_word' id='word_1_815' title='bbox 3369 4899 3464 4954; x_wconf 88' lang='lat' dir='ltr'><strong>xui</strong></span> <span class='ocrx_word' id='word_1_816' title='bbox 3511 4889 3663 4950; x_wconf 83' lang='grc' dir='ltr'>καθαί·</span> 
     </span>
    </p>
   </div>
   <div class='ocr_carea' id='block_1_112' title="bbox 2127 4980 3662 5070">
    <p class='ocr_par' dir='ltr' id='par_1_112' title="bbox 2127 4980 3662 5070">
     <span class='ocr_line' id='line_1_112' title="bbox 2127 4980 3662 5070; baseline -0.01 -18"><span class='ocrx_word' id='word_1_817' title='bbox 2127 4997 2316 5070; x_wconf 87' lang='grc' dir='ltr'>ρεσθαι</span> <span class='ocrx_word' id='word_1_818' title='bbox 2363 4997 2456 5050; x_wconf 78' lang='grc' dir='ltr'><strong>καὶ</strong></span> <span class='ocrx_word' id='word_1_819' title='bbox 2512 4994 2818 5064; x_wconf 82' lang='grc' dir='ltr'>καθαίρειν,</span> <span class='ocrx_word' id='word_1_820' title='bbox 2845 4995 2939 5048; x_wconf 85' lang='lat' dir='ltr'><strong>xui</strong></span> <span class='ocrx_word' id='word_1_821' title='bbox 2989 4993 3262 5046; x_wconf 90' lang='grc' dir='ltr'>τελεῖσθαι</span> <span class='ocrx_word' id='word_1_822' title='bbox 3307 4994 3375 5045; x_wconf 84' lang='grc' dir='ltr'><strong>τά</strong></span> <span class='ocrx_word' id='word_1_823' title='bbox 3429 4990 3560 5051; x_wconf 89' lang='grc' dir='ltr'>θεῖα,</span> <span class='ocrx_word' id='word_1_824' title='bbox 3587 4980 3662 5035; x_wconf 73' lang='grc' dir='ltr'>καὶ</span> 
     </span>
    </p>
   </div>
   <div class='ocr_carea' id='block_1_113' title="bbox 2123 5080 3659 5160">
    <p class='ocr_par' dir='ltr' id='par_1_113' title="bbox 2123 5080 3659 5160">
     <span class='ocr_line' id='line_1_113' title="bbox 2123 5080 3659 5160; baseline -0.009 -14"><span class='ocrx_word' id='word_1_825' title='bbox 2123 5092 2544 5160; x_wconf 78' lang='grc' dir='ltr'>τελεσιουργεῖν,</span> <span class='ocrx_word' id='word_1_826' title='bbox 2575 5089 2660 5141; x_wconf 78' lang='grc' dir='ltr'><strong>ἵνα</strong></span> <span class='ocrx_word' id='word_1_827' title='bbox 2703 5090 2809 5151; x_wconf 78' lang='grc' dir='ltr'><strong>πᾶς</strong></span> <span class='ocrx_word' id='word_1_828' title='bbox 2843 5090 2871 5141; x_wconf 90' lang='lat'><strong>6</strong></span> <span class='ocrx_word' id='word_1_829' title='bbox 2903 5086 3046 5160; x_wconf 85' lang='grc' dir='ltr'>ὀρῶν</span> <span class='ocrx_word' id='word_1_830' title='bbox 3097 5089 3263 5154; x_wconf 80' lang='grc' dir='ltr'>ὑμᾶς,</span> <span class='ocrx_word' id='word_1_831' title='bbox 3322 5080 3659 5152; x_wconf 79' lang='grc' dir='ltr'>ὲπιγνώσηται</span> 
     </span>
    </p>
   </div>
   <div class='ocr_carea' id='block_1_114' title="bbox 2125 5165 3662 5255">
    <p class='ocr_par' dir='ltr' id='par_1_114' title="bbox 2125 5165 3662 5255">
     <span class='ocr_line' id='line_1_114' title="bbox 2125 5165 3662 5255; baseline -0.007 -17"><span class='ocrx_word' id='word_1_832' title='bbox 2125 5185 2207 5239; x_wconf 85' lang='grc' dir='ltr'><strong>ὅτι</strong></span> <span class='ocrx_word' id='word_1_833' title='bbox 2248 5185 2470 5255; x_wconf 86' lang='grc' dir='ltr'>σπέρμα</span> <span class='ocrx_word' id='word_1_834' title='bbox 2501 5181 2866 5252; x_wconf 74' lang='grc' dir='ltr'>εὐλογημένον</span> <span class='ocrx_word' id='word_1_835' title='bbox 2907 5179 3033 5232; x_wconf 87' lang='grc' dir='ltr'><strong>ἐστέ</strong></span> <span class='ocrx_word' id='word_1_836' title='bbox 3085 5179 3190 5232; x_wconf 83' lang='grc' dir='ltr'><strong>ὑπὸ</strong></span> <span class='ocrx_word' id='word_1_837' title='bbox 3224 5177 3453 5248; x_wconf 83' lang='grc' dir='ltr'>Κυρίου,</span> <span class='ocrx_word' id='word_1_838' title='bbox 3479 5165 3662 5238; x_wconf 75' lang='grc' dir='ltr'>ἀληθῶς</span> 
     </span>
    </p>
   </div>
   <div class='ocr_carea' id='block_1_115' title="bbox 2128 5259 3662 5348">
    <p class='ocr_par' dir='ltr' id='par_1_115' title="bbox 2128 5259 3662 5348">
     <span class='ocr_line' id='line_1_115' title="bbox 2128 5259 3662 5348; baseline -0.01 -18"><span class='ocrx_word' id='word_1_839' title='bbox 2128 5277 2350 5348; x_wconf 87' lang='grc' dir='ltr'>σπέρμα</span> <span class='ocrx_word' id='word_1_840' title='bbox 2414 5273 2656 5344; x_wconf 72' lang='grc' dir='ltr'>ἔντιμον,</span> <span class='ocrx_word' id='word_1_841' title='bbox 2721 5289 2740 5322; x_wconf 74' lang='grc' dir='ltr'><strong>ι</strong></span> <span class='ocrx_word' id='word_1_842' title='bbox 2809 5270 3091 5326; x_wconf 85' lang='grc' dir='ltr'>Βασίλειον</span> <span class='ocrx_word' id='word_1_843' title='bbox 3159 5269 3487 5340; x_wconf 84' lang='grc' dir='ltr'>ίεράτευμα,</span> <span class='ocrx_word' id='word_1_844' title='bbox 3538 5259 3662 5315; x_wconf 73' lang='grc' dir='ltr'>ἔθνος</span> 
     </span>
    </p>
   </div>
   <div class='ocr_carea' id='block_1_116' title="bbox 2127 5351 3664 5436">
    <p class='ocr_par' dir='ltr' id='par_1_116' title="bbox 2127 5351 3664 5436">
     <span class='ocr_line' id='line_1_116' title="bbox 2127 5351 3664 5436; baseline -0.013 -13"><span class='ocrx_word' id='word_1_845' title='bbox 2127 5367 2304 5436; x_wconf 71' lang='grc' dir='ltr'>ἅγιον,</span> <span class='ocrx_word' id='word_1_846' title='bbox 2329 5366 2456 5430; x_wconf 79' lang='grc' dir='ltr'>λαὸς</span> <span class='ocrx_word' id='word_1_847' title='bbox 2499 5367 2580 5428; x_wconf 76' lang='grc' dir='ltr'>εἰς</span> <span class='ocrx_word' id='word_1_848' title='bbox 2613 5364 2964 5436; x_wconf 84' lang='grc' dir='ltr'>περιποίησιν</span> <span class='ocrx_word' id='word_1_849' title='bbox 2986 5361 3146 5425; x_wconf 82' lang='grc' dir='ltr'>Θεοῦ,</span> <span class='ocrx_word' id='word_1_850' title='bbox 3188 5380 3207 5413; x_wconf 82' lang='grc'>›</span> <span class='ocrx_word' id='word_1_851' title='bbox 3237 5357 3550 5432; x_wconf 85' lang='grc' dir='ltr'>κληρονόμοι</span> <span class='ocrx_word' id='word_1_852' title='bbox 3581 5351 3664 5415; x_wconf 79' lang='grc' dir='ltr'><strong>ἀφ·</strong></span> 
     </span>
    </p>
   </div>
   <div class='ocr_carea' id='block_1_117' title="bbox 2128 5438 3661 5532">
    <p class='ocr_par' dir='ltr' id='par_1_117' title="bbox 2128 5438 3661 5532">
     <span class='ocr_line' id='line_1_117' title="bbox 2128 5438 3661 5532; baseline -0.01 -17"><span class='ocrx_word' id='word_1_853' title='bbox 2128 5461 2340 5532; x_wconf 86' lang='grc' dir='ltr'>θὰρτων</span> <span class='ocrx_word' id='word_1_854' title='bbox 2404 5458 2501 5512; x_wconf 85' lang='lat' dir='ltr'><strong>xui</strong></span> <span class='ocrx_word' id='word_1_855' title='bbox 2552 5457 2887 5527; x_wconf 84' lang='grc' dir='ltr'>ἀμαράντων</span> <span class='ocrx_word' id='word_1_856' title='bbox 2919 5452 3283 5523; x_wconf 81' lang='grc' dir='ltr'>ἐπαγγελιῶν,</span> <span class='ocrx_word' id='word_1_857' title='bbox 3320 5471 3339 5505; x_wconf 86' lang='grc'><em>‹</em></span> <span class='ocrx_word' id='word_1_858' title='bbox 3372 5444 3468 5502; x_wconf 83' lang='grc' dir='ltr'>Ὦν</span> <span class='ocrx_word' id='word_1_859' title='bbox 3491 5438 3661 5532; x_wconf 36' lang='lat' dir='ltr'><strong>deos»</strong></span> 
     </span>
    </p>
   </div>
   <div class='ocr_carea' id='block_1_118' title="bbox 2133 5529 3660 5622">
    <p class='ocr_par' dir='ltr' id='par_1_118' title="bbox 2133 5529 3660 5622">
     <span class='ocr_line' id='line_1_118' title="bbox 2133 5529 3660 5622; baseline -0.012 -17"><span class='ocrx_word' id='word_1_860' title='bbox 2133 5529 2232 5622; x_wconf 75' lang='grc' dir='ltr'><strong>μδς</strong></span> <span class='ocrx_word' id='word_1_861' title='bbox 2263 5551 2364 5604; x_wconf 85' lang='grc' dir='ltr'><strong>οὐκ</strong></span> <span class='ocrx_word' id='word_1_862' title='bbox 2410 5549 2537 5614; x_wconf 87' lang='grc' dir='ltr'>ίδεν,</span> <span class='ocrx_word' id='word_1_863' title='bbox 2569 5547 2665 5600; x_wconf 86' lang='lat' dir='ltr'><strong>xui</strong></span> <span class='ocrx_word' id='word_1_864' title='bbox 2689 5546 2782 5609; x_wconf 78' lang='grc' dir='ltr'><strong>οὓς</strong></span> <span class='ocrx_word' id='word_1_865' title='bbox 2817 5545 2915 5598; x_wconf 85' lang='grc' dir='ltr'><strong>οὐκ</strong></span> <span class='ocrx_word' id='word_1_866' title='bbox 2938 5545 3190 5616; x_wconf 66' lang='grc' dir='ltr'>ἤκουσεν,</span> <span class='ocrx_word' id='word_1_867' title='bbox 3227 5543 3321 5597; x_wconf 78' lang='grc' dir='ltr'><strong>καὶ</strong></span> <span class='ocrx_word' id='word_1_868' title='bbox 3353 5540 3440 5595; x_wconf 73' lang='grc' dir='ltr'><strong>ἐπὶ</strong></span> <span class='ocrx_word' id='word_1_869' title='bbox 3470 5529 3660 5605; x_wconf 73' lang='grc' dir='ltr'>καρδίαν</span> 
     </span>
    </p>
   </div>
   <div class='ocr_carea' id='block_1_119' title="bbox 2130 5627 3655 5720">
    <p class='ocr_par' dir='ltr' id='par_1_119' title="bbox 2130 5627 3655 5720">
     <span class='ocr_line' id='line_1_119' title="bbox 2130 5627 3655 5720; baseline -0.007 -22"><span class='ocrx_word' id='word_1_870' title='bbox 2130 5644 2422 5716; x_wconf 79' lang='grc' dir='ltr'>ἀνθρώπου</span> <span class='ocrx_word' id='word_1_871' title='bbox 2445 5642 2546 5695; x_wconf 78' lang='grc' dir='ltr'><strong>οὐκ</strong></span> <span class='ocrx_word' id='word_1_872' title='bbox 2574 5639 2765 5711; x_wconf 75' lang='grc' dir='ltr'>ἀνέϐη,</span> <span class='ocrx_word' id='word_1_873' title='bbox 2793 5639 2828 5692; x_wconf 78' lang='grc' dir='ltr'><strong>ἃ</strong></span> <span class='ocrx_word' id='word_1_874' title='bbox 2857 5639 3152 5709; x_wconf 75' lang='grc' dir='ltr'>ἡτοίμασεν</span> <span class='ocrx_word' id='word_1_875' title='bbox 3183 5639 3212 5690; x_wconf 78' lang='grc' dir='ltr'><strong>ό</strong></span> <span class='ocrx_word' id='word_1_876' title='bbox 3245 5635 3378 5699; x_wconf 81' lang='grc' dir='ltr'>Θεὸς</span> <span class='ocrx_word' id='word_1_877' title='bbox 3417 5632 3521 5691; x_wconf 87' lang='grc' dir='ltr'>τοῖς</span> <span class='ocrx_word' id='word_1_878' title='bbox 3542 5627 3655 5720; x_wconf 52' lang='lat' dir='ltr'><strong>di’f’</strong></span> 
     </span>
    </p>
   </div>
   <div class='ocr_carea' id='block_1_120' title="bbox 2133 5717 3654 5804">
    <p class='ocr_par' dir='ltr' id='par_1_120' title="bbox 2133 5717 3654 5804">
     <span class='ocr_line' id='line_1_120' title="bbox 2133 5717 3654 5804; baseline -0.015 -12"><span class='ocrx_word' id='word_1_879' title='bbox 2133 5736 2308 5793; x_wconf 82' lang='grc' dir='ltr'>πῶσιν</span> <span class='ocrx_word' id='word_1_880' title='bbox 2336 5733 2520 5804; x_wconf 74' lang='grc' dir='ltr'>αὑτὸν,</span> <span class='ocrx_word' id='word_1_881' title='bbox 2549 5751 2568 5787; x_wconf 84' lang='grc'>›</span> <span class='ocrx_word' id='word_1_882' title='bbox 2615 5731 2706 5788; x_wconf 87' lang='lat' dir='ltr'><strong>xui</strong></span> <span class='ocrx_word' id='word_1_883' title='bbox 2743 5730 3098 5803; x_wconf 76' lang='grc' dir='ltr'>φυλάττουσιν</span> <span class='ocrx_word' id='word_1_884' title='bbox 3126 5729 3223 5794; x_wconf 81' lang='grc' dir='ltr'><strong>τάς</strong></span> <span class='ocrx_word' id='word_1_885' title='bbox 3262 5721 3475 5788; x_wconf 74' lang='grc' dir='ltr'>ἐντολὰς</span> <span class='ocrx_word' id='word_1_886' title='bbox 3502 5717 3654 5773; x_wconf 70' lang='grc' dir='ltr'>αὐτοῦ.</span> 
     </span>
    </p>
   </div>
  </div>
