3918 6106
297 225 440 293 1817

1058 235 1380 296 HOMILIA
1421 237 1779 299 CXXIII.-—
1818 238 1915 298 DE
1952 236 2479 299 0RDINATIONE
2515 241 2840 304 CLERICI.

3410 239 3551 306 1818

293 343 470 412 Φησὶν
498 341 551 392 δὲ
579 340 670 392 καὶ
696 342 724 393 ὀ
749 339 983 408 Πέτρος·
1028 358 1045 390 ι
1075 341 1382 410 Ποιμάνατε
1406 343 1466 395 τὸ
1494 344 1552 416 ὲν
1592 344 1719 413 ὑμῖν
1748 343 1869 396 ποί-

1983 341 2316 396 caeremoniis
2363 352 2458 398 aut
2498 360 2654 400 sacre
2694 345 2953 411 initiatis,
2987 346 3292 416 quidquam
3322 349 3554 404 omnino

300 448 458 501 μνιον
512 431 602 484 τοῦ
653 430 822 494 Θεοῦ,
856 432 1302 496 ἐπισκοποῦντες,
1361 433 1439 504 μὴ
1484 434 1872 502 ἀναγκαστῶς,

298 524 419 578 ἀλλ’
449 522 708 585 ἑκουσίως
748 521 888 575 κατά
922 522 1072 586 Θεὸν,
1109 524 1243 594 μηδὲ
1287 525 1710 597 αἰσχροκερδῶς,
1741 525 1876 578 ἀλλά

299 617 601 689 προθύμως
629 633 640 645 ·
679 616 812 686 μηδὲ
848 615 923 678 ὼς
976 585 1465 685 κατακυριεύοντες
1513 585 1607 668 ξδν
1651 585 1871 687 κλῆρον,

296 710 441 764 ἀλλά
473 708 631 762 τύποι
655 707 935 776 γενόμενοι
967 705 1060 760 τοῦ
1097 707 1368 776 ποιμνίου,
1403 707 1498 759 καὶ
1530 708 1873 777 φανερωθέν-

296 817 393 863 τος
437 799 530 852 τοῦ
578 799 1002 869 ἀρχιποίμενος,
1041 797 1320 866 κομιεῖσθε
1371 797 1463 851 τὸν
1508 799 1874 868 ἀμαράντινον

295 891 399 960 τῆς
426 890 582 959 δόξης
609 890 891 956 στέφανον.
927 909 948 941 ι
983 889 1040 942 Ὁ
1073 889 1130 942 δὲ
1156 889 1359 959 Κύριος
1387 889 1550 959 φησίν
1575 907 1588 920 ο
1620 909 1638 942 ι
1665 890 1722 943 Ὁ
1753 907 1879 943 ποι-

298 980 464 1051 μὴνό
516 980 678 1043 καλὸς
725 979 822 1050 τὴν
885 978 1064 1050 ψυχὴν
1133 978 1299 1032 αὑτοῦ
1351 979 1565 1050 τίθησιν
1596 980 1737 1050 ὑπὲρ
1764 979 1874 1033 τῶν

295 1071 611 1140 προϐάτωνο
635 1074 664 1126 ὀ
695 1071 750 1124 δὲ
778 1069 1064 1142 μισθωτὸς,
1093 1071 1187 1124 καὶ
1213 1072 1311 1124 οὐκ
1337 1071 1411 1124 ὣν
1429 1071 1654 1142 ποιμὴν,
1680 1071 1874 1143 θεωρεῖ

292 1164 391 1219 τὸν
420 1163 585 1217 λύκον
635 1162 950 1233 ἐρχόμενον,
986 1163 1081 1216 καὶ
1116 1162 1342 1232 ἀφίησιν
1367 1161 1438 1215 τὰ
1479 1163 1745 1233 πρόϐατα,
1781 1163 1874 1216 καὶ

295 1253 514 1322 φεύγει,
555 1254 648 1307 καὶ
676 1257 704 1306 ὀ
736 1252 897 1316 λύκος
946 1250 1181 1322 ἁρπάζει
1225 1251 1384 1315 αὐτὰ,
1410 1250 1504 1304 καὶ
1544 1250 1822 1323 σκορπίζει
1855 1264 1868 1278 ·

295 1348 383 1401 ὅτι
445 1348 720 1418 μισθωτός
773 1349 941 1412 ἐστιν,
974 1347 1066 1398 καὶ
1119 1346 1180 1398 ού
1236 1344 1385 1414 μέλει
1424 1343 1572 1413 αὐτῷ
1609 1343 1737 1413 περὶ
1764 1342 1872 1396 τῶν

295 1438 612 1506 προϐάτων.
651 1456 671 1489 ι
697 1437 804 1490 Καὶ
835 1437 1029 1502 ἐπάγει
1052 1452 1067 1469 ο
1102 1455 1122 1486 ι
1165 1435 1266 1488 Διά
1302 1434 1463 1487 τοῦτό
1491 1451 1556 1504 με
1604 1435 1632 1487 ὀ
1683 1433 1872 1504 Πατὴρ

297 1528 512 1598 ἀγαπᾷ,
541 1529 622 1582 ὅτι
692 1526 802 1596 ἐγὼ
862 1527 1053 1596 τίθημι
1096 1527 1195 1597 τὴν
1243 1525 1422 1596 ψυχήν
1462 1542 1562 1594 μου
1595 1523 1736 1594 ὑπὲρ
1762 1523 1870 1577 τῶν

1974 432 2193 488 edicere
2239 443 2438 503 praeter
2481 438 2738 507 proprias
2771 447 2829 492 et
2860 453 2953 492 eas
2979 453 3162 493 sacras
3191 439 3550 495 constitutio-

1975 539 2091 579 nes.
2121 523 2306 594 Itaque
2330 525 2699 582 hierarchiam
2724 531 2816 598 qui
2840 529 2996 592 dicit,
3021 544 3231 583 sacram
3253 531 3552 600 quamdam

1976 615 2030 669 in
2061 630 2261 684 genere
2293 617 2555 686 exprimit
2588 618 3035 683 distinctionem,
3083 620 3376 690 imaginem
3409 620 3550 676 div-i-

1974 719 2059 758 nte
2090 704 2238 759 illius
2266 706 2730 774 pulchritudinis,
2766 724 2888 777 qua:
2919 709 3166 763 nativum
3196 709 3552 779 splendorem

1973 796 2232 866 explicat,
2289 813 2460 866 seque
2491 800 2704 854 exserit
2755 799 2813 854 in
2853 801 3143 856 ordinibus
3169 816 3236 856 ac
3259 802 3553 872 multiiuga

1975 888 2290 958 cognitione
2342 887 2830 956 hierarchiarum,
2897 890 3030 945 dum
3087 901 3276 946 sancte
3329 890 3550 962 perﬁcit

1974 979 2212 1049 promise
2232 979 2661 1036 illuminationis.
2678 997 2878 1036 arcana
2894 983 3179 1053 mysteria,
3193 982 3322 1036 dum
3341 982 3407 1036 ad
3423 997 3554 1052 pro-

1973 1070 2151 1140 priam
2179 1069 2470 1140 originem,
2498 1080 2776 1142 quatenus
2797 1072 2901 1139 fas,
2932 1073 3180 1128 reducit.
3200 1075 3282 1128 Ea
3295 1074 3443 1129 enim
3462 1079 3552 1128 est

1973 1160 2304 1215 hierarchize
2333 1161 2634 1230 perfectio,
2689 1171 2751 1216 ut
2793 1165 3098 1219 secundum
3131 1167 3548 1235 proportionem

1973 1252 2176 1322 cuique
2200 1254 2485 1323 propriam
2518 1255 2798 1310 hominem
2826 1265 3155 1325 promoveat
3184 1257 3253 1311 ad
3281 1255 3550 1311 imitatio.

1972 1358 2100 1397 nem
2151 1343 2356 1398 divinae
2406 1344 2704 1412 bonitatis,
2739 1362 2804 1401 ac
2838 1347 2959 1402 Deo-
2982 1359 3347 1417 cooperetur,
3375 1361 3549 1416 reque

1975 1433 2092 1503 ipsa
2127 1433 2372 1489 declaret
2405 1435 2604 1491 divinae
2629 1437 2854 1494 virtutis
2881 1437 3177 1494 efﬁcaciam
3199 1477 3216 1504 ,
3269 1447 3548 1508 quatenus

1975 1533 2060 1581 est
2107 1526 2474 1597 attingibilis,
2528 1528 2587 1583 in
2631 1530 2815 1599 seipso
2859 1530 3223 1594 relucentem,
3255 1530 3385 1585 dum
3416 1527 3547 1582 illu-

298 1618 611 1688 προϐάτων.
655 1638 674 1670 ι
707 1617 864 1688 Δύτῷ
896 1619 928 1686 ή
961 1616 1085 1682 δόξα
1113 1616 1190 1678 είς
1237 1616 1364 1678 τοὺς
1403 1613 1627 1677 αἰῶνας.
1673 1613 1864 1684 Ἀμήν.

1983 1613 2217 1668 minatur
2245 1615 2301 1668 in
2324 1615 2520 1685 primis
2543 1632 2608 1672 ac
2629 1617 2861 1687 proinde
2887 1627 3115 1673 caeteros
3150 1613 3552 1671 circumfundit

299 1711 547 1778 lumine,
602 1713 733 1767 dum
771 1719 1040 1782 purgatur
1073 1717 1130 1764 et
1160 1717 1391 1779 purgat,
1426 1708 1484 1761 in
1547 1705 1752 1761 divinis
1819 1705 1949 1760 dum
1986 1706 2272 1776 perficitur
2303 1717 2360 1763 et
2389 1708 2640 1778 perficit;
2698 1710 2838 1766 adeo
2883 1718 2947 1765 ut
2986 1710 3242 1780 quisquis
3281 1703 3381 1764 vos
3411 1723 3548 1763 con-

300 1813 512 1868 tuetur,
542 1805 701 1859 facile
731 1803 1004 1874 intelligat
1029 1817 1222 1858 semen
1247 1817 1346 1856 vos
1369 1816 1491 1856 esse
1515 1798 1874 1854 benedictum
1913 1816 1943 1853 a
1972 1800 2205 1854 Domino
2245 1817 2257 1852 :
2293 1815 2427 1856 vere
2462 1815 2651 1856 semen
2715 1802 2851 1858 estis
2910 1801 3269 1867 bonorabile,
3310 1819 3329 1853 ι
3364 1801 3552 1871 regale

297 1895 706 1961 sacerdotium,
753 1911 888 1966 gens
933 1901 1149 1960 sancta,
1196 1893 1436 1963 populus
1501 1893 1557 1945 in
1617 1890 2040 1960 acquisitionem
2068 1891 2166 1946 Dei
2213 1893 2280 1956 ³³,
2324 1910 2343 1944 ι
2415 1891 2663 1948 ιιιιπεόθε
2709 1892 3098 1947 immortalium
3141 1901 3196 1946 et
3225 1892 3546 1946 immarces-

297 1988 553 2043 cibilium
599 1987 1028 2057 promissionum
1048 2027 1063 2051 ,
1125 2004 1144 2037 ι
1181 2000 1318 2055 quas
1349 2000 1460 2038 non
1490 1982 1632 2037 vidit
1659 1984 1874 2046 oculus,
1913 1999 2023 2038 non
2049 1985 2197 2038 auris
2260 1982 2492 2050 audivit,
2519 1999 2622 2039 nec
2649 1984 2705 2038 in
2763 1999 2860 2039 cor
2883 1984 3126 2040 hominis
3153 1983 3544 2047 ascenderunt,

297 2098 439 2154 quas
485 2081 812 2152 praeparavit
848 2080 997 2136 Deus
1046 2079 1406 2150 diligentibus
1470 2080 1608 2146 se”,
1649 2099 1666 2130 ι
1699 2089 1756 2135 et
1803 2080 2233 2136 observantibus
2279 2081 2536 2136 mandata
2600 2095 2720 2136 sua.
2777 2081 2870 2135 Ait
2911 2089 3094 2136 autem
3171 2089 3230 2136 et
3303 2079 3543 2135 Petrus:

304 2191 326 2224 ι
359 2171 572 2226 Pascite
601 2169 697 2239 qui
729 2170 785 2224 in
809 2169 968 2224 vobis
989 2178 1075 2224 est
1105 2185 1327 2240 gregem
1357 2168 1479 2232 Dei,
1508 2169 1868 2239 providentes
1902 2184 2012 2223 non
2044 2179 2230 2225 coacte
2251 2211 2267 2236 ,
2305 2172 2402 2226 sed
2469 2179 2771 2242 spontanee
2837 2173 3142 2227 secundum
3171 2173 3346 2226 Deum
3381 2187 3397 2225 :
3432 2182 3549 2225 non

299 2264 481 2334 turpis
519 2263 657 2318 lucri
708 2263 916 2333 gratia,
968 2263 1065 2318 sed
1091 2263 1436 2328 voluntarie;
1475 2278 1652 2333 neque
1683 2271 1744 2318 ut
1808 2263 2159 2321 dominantes
2190 2267 2245 2321 in
2303 2266 2488 2334 cleris,
2519 2267 2616 2322 sed
2643 2267 2818 2322 forma
2847 2265 2977 2322 facti
3038 2269 3220 2338 gregis
3247 2283 3262 2321 :
3289 2273 3379 2331 ut,
3417 2281 3548 2320 cum

295 2355 621 2426 apparuerit
649 2357 907 2425 princeps
970 2363 1289 2426 pastorum,
1359 2356 1680 2426 percipiatis
1749 2357 2264 2415 immarcescibilein
2311 2362 2503 2432 gloriae
2541 2361 2884 2416 coronam".
2933 2380 2953 2413 ι
3018 2360 3548 2440 1230~Dominus

297 2456 434 2519 item
455 2463 469 2500 :
494 2465 512 2498 ι
533 2446 726 2501 Pastor
739 2446 921 2501 bonus
939 2446 1177 2501 animam
1191 2461 1344 2502 suam
1360 2449 1629 2518 ponitpro
1643 2448 1872 2504 ovibus:
1913 2451 2294 2506 mercenarius
2317 2463 2526 2518 autem,
2552 2459 2608 2506 et
2632 2453 2729 2520 qui
2791 2465 2901 2505 non
2939 2457 3024 2505 est
3064 2458 3272 2519 pastor,
3289 2448 3441 2504 videt
3460 2447 3551 2502 iu-

295 2553 432 2608 pum
454 2539 791 2604 venientem,
825 2547 883 2594 et
908 2539 1139 2595 dimittit
1164 2555 1294 2595 oves
1355 2557 1419 2596 ac
1476 2541 1652 2612 fugit;
1693 2551 1749 2596 et
1774 2543 1942 2613 lupus
1979 2545 2126 2614 rapit
2172 2561 2301 2600 oves
2350 2553 2408 2601 et
2441 2545 2739 2615 dispergit,
2783 2544 2914 2614 quia
2947 2541 3323 2598 mercenarius
3349 2549 3454 2606 est,
3487 2547 3550 2596 et

295 2645 412 2684 non
441 2630 683 2700 pertinet
709 2629 776 2684 ad
804 2645 931 2685 eum
959 2631 1027 2686 de
1049 2632 1356 2687 ovibus'h
1392 2633 1610 2689 Inducit
1636 2652 1648 2688 :
1680 2653 1698 2686 ι
1723 2635 1958 2708 Propter
2005 2637 2112 2692 hoc
2144 2653 2233 2694 me
2293 2638 2454 2694 Pater
2519 2637 2730 2708 diligit,
2780 2635 2911 2706 quia
2973 2650 3077 2708 ego
3103 2650 3248 2706 pono
3306 2633 3549 2690 animam

298 2737 480 2778 meam
512 2737 614 2792 pro
639 2723 948 2778 ovibus'h
989 2723 1095 2795 ipsi
1126 2724 1302 2794 gloria
1331 2726 1388 2780 in
1414 2727 1633 2782 saecula.
1670 2727 1870 2783 Amen.

864 2835 1083 2888 ΛΟΓΟΣ
1144 2837 1318 2890 ΡΚΒ¹.

681 2945 824 3016 Περὶ
875 2945 1163 3017 διαταγῆς
1238 2948 1487 3017 κλήρου.

389 3061 685 3132 Ἐπόμενόν
713 3061 861 3114 ἐστιν
888 3062 1015 3124 τοὺς
1035 3062 1198 3132 ἱερεῖς
1230 3063 1472 3133 μιμητὰς
1500 3063 1752 3132 γενέσθαι
1780 3057 1873 3116 τοῦ

300 3151 604 3222 ἀρχιερέως
657 3148 856 3214 αὐτῶν,
888 3149 962 3212 ὡς
987 3152 1237 3214 κάκεῖνος
1267 3152 1360 3204 τοῦ
1405 3153 1704 3224 ἀρχιερέως
1743 3153 1879 3224 Χρι-

304 3240 452 3304 στοῦ,
483 3241 563 3303 είς
610 3239 808 3304 πάντα,
833 3241 912 3302 είς
961 3238 1023 3292 τό
1065 3240 1287 3308 ἀγαθὸν,
1313 3241 1374 3295 τὸ
1422 3241 1777 3313 εῠσπλαχνον,
1818 3245 1878 3298 τὸ

302 3332 623 3402 ὀμόφρονον,
651 3330 711 3384 τὸ
750 3329 1015 3393 ἐπιεικὲς,
1044 3331 1104 3383 τὸ
1130 3331 1511 3402 ταπεινόφρον,
1547 3331 1606 3385 τδ
1633 3333 1881 3400 φιλάδελ-

307 3439 427 3491 φον,
458 3421 519 3475 τὸ
565 3421 924 3490 φιλόπτωχον,
953 3421 1015 3472 τὸ
1054 3420 1348 3488 φιλόξενον,
1377 3419 1438 3472 τό
1468 3420 1880 3491 συμπαθητικὺν

307 3515 386 3575 είς
421 3513 652 3576 πάντας,
683 3513 744 3566 τὸ
773 3511 1070 3582 ἐλεήμονας
1101 3507 1244 3564 εἶναι
1264 3551 1277 3575 ,
1311 3511 1408 3565 καὶ
1457 3513 1880 3584 ἐπιστρέφοντας

309 3603 380 3658 τὰ
409 3602 822 3673 πεπλανημένα,
853 3602 1357 3673 ὲπισκεπτομένους
1385 3604 1563 3656 πάντα
1610 3603 1679 3657 τὰ
1717 3604 1878 3658 ἀσθε-

305 3699 394 3766 νῆ,
423 3697 497 3766 μὴ
535 3694 866 3764 ἀμελοῦντας
895 3693 1079 3765 χηρῶν
1142 3696 1236 3747 καὶ
1268 3695 1518 3765 ὀρφανῶν
1549 3695 1580 3766 ἢ
1613 3697 1879 3766 πενήτων,

305 3785 448 3840 καλά
477 3784 840 3854 προνοοῦντας
866 3785 971 3849 ἀεὶ,
1001 3784 1231 3838 ἐνώπιον
1254 3785 1348 3839 τοῦ
1375 3783 1512 3838 Θεοῦ
1553 3785 1649 3839 ml
1674 3786 1882 3856 ἀνθρώ-

305 3894 444 3942 πων,
480 3876 850 3946 ἀπεχομένους
906 3879 1090 3944 πάσης
1147 3876 1320 3946 ὀργῆς
1379 3877 1480 3932 καὶ
1529 3877 1883 3948 προσωπολη-

302 3970 456 4039 ψίας,
491 3969 727 4040 κρίσεως
761 3971 970 4035 ἀδίκου,
1004 3971 1366 4043 φιλαργυρίας
1389 3988 1402 4003 ·
1432 3970 1506 4042 μὴ
1549 3971 1756 4041 ταχέως
1785 3973 1883 4041 ἐμ-

307 4058 652 4120 πιστεύοντες
681 4059 820 4112 κατά
850 4077 1018 4124 τινος,
1049 4060 1124 4132 μὴ
1160 4061 1426 4132 άπότομοι
1457 4062 1516 4113 ὲν
1549 4061 1730 4130 κρίσει
1759 4104 1774 4128 ,
1807 4063 1884 4114 εί-

305 4149 456 4213 δότες
494 4150 577 4203 ὅτι
603 4148 873 4218 ὀφειλέται
904 4151 1068 4220 ἐσμὲν
1095 4151 1400 4220 ἁμαρτιῶν.
1425 4153 1486 4204 El
1534 4146 1625 4204 οῦν
1653 4151 1884 4222 δεόμεθα

305 4240 402 4294 τοῦ
471 4240 710 4312 Χριστοῦ
764 4241 850 4293 ἵνα
879 4240 1016 4313 ἀφίῃ
1064 4243 1218 4311 ἡμῖν,
1279 4240 1570 4311 ὀφείλομεν
1600 4243 1694 4295 καὶ
1723 4244 1885 4313 ἡμεῖς

306 4331 546 4400 ἀφιέναι.
586 4331 872 4385 Ἀπέναντι
924 4332 1032 4399 γάρ
1080 4331 1190 4384 τῶν
1217 4330 1310 4384 τοῦ
1351 4332 1556 4401 Κυρίου
1583 4332 1750 4403 ἐσμὲν
1789 4334 1887 4404 ὀφ-

2487 2842 2774 2900 HOMILIA
2800 2840 3037 2898 CXXIII.

2422 2949 2496 3006 De
2531 2949 2866 3005 ordinatione
2903 2945 3106 3001 clerici.

2052 3063 2272 3120 Rationi
2317 3077 2548 3133 prorsus
2601 3067 3070 3123 consentaneum,
3134 3068 3294 3112 suum
3349 3061 3410 3107 ut
3457 3067 3547 3108 sa-

1979 3155 2230 3212 cerdotes
2270 3156 2555 3209 imitentur
2579 3166 2677 3222 per
2702 3149 2885 3206 omnia
2916 3147 3252 3220 pontificem,
3285 3144 3552 3215 quemad-

1981 3248 2203 3302 modum
2235 3245 2441 3301 Cbristi
2465 3244 2712 3299 imitator
2742 3241 2988 3313 pontifex
3015 3248 3119 3296 est.
3151 3239 3336 3293 Bonus
3367 3245 3427 3291 ut
3450 3236 3545 3299 sit,

1981 3339 2070 3406 pia
2121 3337 2346 3406 gestitet
2390 3335 2648 3395 viscera,
2677 3334 2788 3386 alat
2836 3329 3211 3393 concordiam,
3258 3327 3397 3381 nihil
3441 3340 3552 3381 non

1980 3443 2047 3482 ex
2080 3441 2237 3496 aequo
2291 3432 2348 3480 et
2396 3425 2540 3480 bono
2589 3424 2753 3478 faciat
2808 3436 2872 3477 ac
2922 3422 3346 3489 interpretetur,
3399 3418 3467 3473 de
3495 3432 3554 3473 se

1981 3532 2146 3587 quam
2195 3515 2599 3570 modestissime
2646 3514 2888 3578 sentiat,
2943 3511 3200 3568 fraterna
3245 3512 3554 3568 dilectionis

1982 3609 2302 3671 observans,
2334 3607 2406 3661 sit
2430 3604 2742 3673 hospitalis,
2771 3603 3016 3660 omnium
3059 3603 3220 3658 malis
3249 3602 3554 3658 iudolescat

1981 3704 2038 3750 et
2088 3693 2489 3763 compatiatur,
2542 3693 2615 3747 sit
2659 3690 2998 3746 misericors.
3031 3691 3385 3754 Sacerdotes,
3416 3703 3557 3759 quos

1982 3783 2310 3856 agnoverint
2343 3800 2374 3839 a
2405 3783 2738 3840 rectitudine
2767 3782 3061 3838 deﬂexisse
3084 3823 3098 3848 ,
3135 3786 3462 3836 convertant
3493 3794 3559 3833 ac

1982 3883 2248 3931 revocent
2281 3875 2338 3929 in
2367 3875 2535 3930 viam.
2587 3874 2811 3928 Nullum
2854 3887 2968 3927 non
2996 3871 3227 3926 visitent
3251 3868 3558 3923 infirmum.

1983 3967 2277 4022 Providam
2340 3977 2505 4038 agant
2567 3980 2758 4021 curam
2813 3963 3149 4028 viduarum,
3211 3960 3561 4032 .pupillorum

1982 4066 2040 4113 et
2068 4073 2398 4127 pauperum.
2438 4056 2774 4111 Provideant
2803 4055 2950 4110 bona
2975 4069 3196 4123 semper
3230 4067 3417 4108 coram
3450 4053 3562 4106 Deo

1983 4158 2040 4202 ct
2088 4147 2428 4202 hominibus.
2481 4148 2713 4201 Omnem
2765 4161 2793 4199 a
2829 4161 2888 4199 se
2921 4145 3212 4199 eliminent
3241 4144 3402 4205 iram,
3438 4157 3565 4211 per-

1985 4253 2248 4292 sonarum
2275 4235 2679 4307 acceptionem,
2707 4235 2982 4306 judicium
3012 4235 3302 4305 iniustum,
3333 4232 3567 4296 avidita—

1987 4337 2095 4383 tem
2121 4329 2390 4398 pccuniae.
2423 4328 2543 4382 Non
2571 4327 2729 4382 facile
2759 4327 3115 4382 commodent
3140 4326 3304 4380 fidem
3333 4323 3567 4379 delatio—

311 4420 551 4489 θαλμιῖρν.
597 4419 870 4484 Ὡσαύτως
923 4420 1016 4472 καὶ
1047 4420 1096 4472 oi
1136 4420 1373 4474 διάκονοι
1403 4420 1710 4489 ὀφείλουσιν
1746 4418 1877 4475 εἶναι

1990 4420 2174 4474 nibus.
2224 4419 2285 4474 In
2319 4417 2735 4489 pronuntiando
2763 4417 3000 4488 judicio,
3031 4415 3308 4497 praefracti
3338 4431 3407 4470 ne
3433 4416 3565 4479 sint,

310 4511 612 4580 ἄμεμπτοι,
645 4509 980 4564 κατενώπιον
1034 4512 1132 4582 τῆς
1192 4511 1542 4583 δικαιοσύνης
1589 4512 1776 4578 αὐτοῦ,
1811 4513 1886 4577 ὡς

310 4601 447 4654 Θεοῦ
478 4601 569 4654 καὶ
594 4602 830 4671 Χριστοῦ
860 4603 1118 4666 διάκονοι,
1153 4605 1245 4656 καὶ
1273 4604 1372 4658 οὐκ
1395 4604 1700 4675 ἀνθρώπων
1723 4622 1737 4639 ·
1769 4609 1888 4660 ὲπι-

247 4719 252 4724 ’
315 4692 492 4764 μελῶς
541 4692 990 4757 διακονείτωσαν,
1023 4696 1111 4749 ἵνα
1149 4697 1398 4765 φύγωσιν
1427 4697 1554 4768 -τὴν
1601 4699 1740 4771 ἀράν
1792 4698 1887 4752 τοῦ

313 4785 596 4854 προφήτου
617 4801 632 4816 ·
663 4786 736 4856 μὴ
757 4785 844 4838 διὰ
870 4785 970 4855 τῆς
994 4787 1254 4856 ἀμελείας
1280 4788 1574 4842 ὑπεύθυνοι
1599 4790 1884 4857 γένωνται’

318 4877 452 4948 μηδὲ
486 4877 895 4947 προπετεύεσθε
931 4877 988 4932 ἔν
1017 4896 1122 4932 τινι
1155 4879 1228 4941 ὡς
1249 4880 1408 4950 δῆθεν
1444 4880 1753 4945 θεοσεϐείας
1785 4881 1882 4952 χά-

320 4983 427 5038 ριν,
458 4967 596 5022 ἀλλά
625 4971 802 5023 πάντα
836 4969 1193 5040 εὐσχημόνως
1241 4973 1335 5024 καὶ
1385 4972 1527 5029 κατὰ
1555 4971 1707 5036 τάξιν
1739 4973 1888 5040 γινέ-

1990 4520 2087 4566 aut
2128 4527 2286 4580 aequo
2331 4510 2674 4574 severiores,
2720 4517 2782 4563 ut
2812 4510 2908 4579 qui
2940 4509 3118 4564 sciant
3145 4508 3422 4563 neminem
3458 4523 3569 4562 non

1989 4619 2112 4658 esse
2159 4601 2472 4656 debitorem
2513 4611 2892 4670 peccatorum.
2949 4601 3071 4656 Nos
3103 4600 3292 4671 igitur,
3329 4600 3422 4670 qui
3459 4600 3569 4654 Do-

1991 4692 2201 4747 minum
2229 4691 2606 4756 obsecramus,
2639 4690 2824 4746 debita
2845 4700 3036 4746 nostra
3065 4701 3126 4747 ut
3149 4691 3413 4756 dimittat,
3429 4690 3571 4745 nihil

1991 4785 2258 4857 gravatim
2285 4783 2554 4840 debemus
2577 4793 2635 4839 et
2661 4799 2765 4838 nos
2790 4783 3105 4851 dimittere;
3141 4785 3197 4839 in
3223 4784 3400 4838 oculis
3421 4783 3574 4837 enim

1992 4890 2278 4930 versamur
2314 4875 2534 4929 Domini
2566 4890 2631 4929 ac
2661 4873 2781 4929 Dei.
2819 4875 2938 4930 lioc
2964 4885 3160 4931 tenore
3186 4875 3314 4929 vitae
3349 4870 3572 4927 diaconi

1995 4967 2301 5020 etiamnum
2329 4977 2751 5023 converscntur.
2793 4967 2854 5021 In
2884 4976 3185 5036 conspectu
3213 4962 3444 5035 iustitia:
3469 4962 3577 5016 Do-

321 5056 451 5120 σθω,
487 5058 627 5111 κατά
651 5059 744 5112 τὸν
775 5061 1124 5114 Ἀπόστολον.
1169 5062 1323 5115 Ἐπεὶ
1352 5062 1404 5114 τί
1438 5062 1636 5116 ἄτοπον
1663 5063 1835 5116 ἐποίει
1864 5065 1877 5116 ί

1986 5053 2123 5108 mini
2179 5052 2562 5123 ingrediantur
2633 5053 2757 5106 sine
2809 5050 3072 5120 querela,
3139 5056 3399 5118 tanquam
3459 5049 3571 5107 Deo

333 5145 516 5213 Ὀζίας
538 5151 744 5221 θυμιῶν
762 5151 841 5222 τῷ
871 5152 990 5222 Θεῷ
1016 5170 1032 5220 ;
1062 5154 1114 5204 τί
1141 5153 1198 5207 δὲ
1221 5153 1249 5205 ὀ
1280 5153 1452 5206 Σαοὺλ
1469 5151 1646 5218 θύων;
1671 5153 1723 5205 τί
1750 5153 1808 5206 δὲ
1834 5154 1885 5205 οἱ

1986 5155 2039 5201 et
2068 5143 2292 5199 Christo
2327 5145 2728 5206 ministrantes,
2760 5156 2872 5195 non
2919 5141 3047 5194 item
3096 5138 3434 5195 hominibus.
3469 5141 3570 5196 Se-

321 5242 571 5312 τύραννοι
627 5243 723 5296 καὶ
783 5243 1036 5312 δαίμονες
1088 5243 1470 5312 θεολογοῦντες
1521 5244 1739 5312 ἀληθῶς
1803 5243 1877 5297 et»

1989 5235 2118 5289 dulo
2162 5241 2218 5289 et
2247 5245 2503 5289 accurate
2535 5231 2944 5295 administrent,
2989 5229 3136 5282 illam
3182 5237 3240 5283 ut
3282 5229 3570 5298 defugiant

324 5331 526 5402 Κύριον
553 5351 566 5399 ;
610 5335 748 5389 Ἀλλ’
780 5337 1121 5407 ὲκκήρυκτος
1151 5335 1328 5388 αὐτῶν
1357 5338 1391 5407 ἡ
1424 5335 1690 5403 θεολογία.
1721 5333 1894 5387 Ἐκα-

327 5438 452 5488 στος
489 5425 546 5479 δὲ
603 5428 659 5480 ἐν
687 5429 754 5498 τῇ
805 5428 957 5496 τάξει
995 5420 1160 5483 αὑτοῦ
1193 5426 1336 5480 ἔστω
1385 5427 1488 5498 τῆς
1524 5426 1886 5497 λειτουργίας.

393 5564 441 5600 ’⁸
473 5566 492 5621 l
523 5567 670 5624 Petr.
709 5583 768 5636 η,
803 5568 857 5624 9.

336 5568 441 5692 n'.‘
473 5568 492 5621 I
523 5568 670 5624 Petr.
709 5583 768 5636 η,
803 5568 857 5624 9.
931 5571 1012 5641 κ¹⁶
1046 5569 1148 5626 Isa.
1178 5584 1320 5640 LXIV,
1350 5569 1423 5642 4;
1463 5568 1635 5625 iCor.
1682 5583 1739 5638 il,
1778 5568 1831 5624 9.

1946 5569 1990 5603 ’τ
2028 5565 2050 5621 ι
2093 5565 2239 5621 Petr.
2282 5575 2348 5627 v,
2395 5559 2518 5615 τοι.

1989 5325 2370 5398 propheticam
2419 5323 2893 5391 imprecationem,
2932 5336 2999 5376 ne
3043 5321 3121 5376 illi
3177 5335 3272 5390 per
3327 5323 3568 5376 oscitano

1989 5418 2122 5472 tiam
2149 5423 2232 5472 'se
2273 5415 2506 5472 reddant
2549 5413 2839 5480 obnoxios,
2886 5429 3024 5469 neve
3075 5413 3291 5483 priores
3340 5413 3567 5471 honoris

2633 5555 2677 5588 ”
2709 5554 2871 5617 λθειν.
2921 5576 2976 5628 x,
3023 5559 3105 5615 Il.
3156 5559 3242 5614 12.
3356 5558 3398 5589 ³⁸³
3433 5557 3566 5612 ibid.
