3918 6106
412 253 548 318 i819

1691 251 2052 317 ANTIOCHI
2090 257 2436 318 MONACHI

3541 254 3687 318 182?}

402 376 591 438 partes
632 367 978 432 pracerpant
1010 369 1066 418 et
1097 368 1409 431 occupent,
1464 369 1734 432 praetextu
1783 366 1974 420 tuendi

2092 369 2212 438 hci
2239 368 2294 424 δὲ
2316 368 2408 422 καὶ
2430 367 2458 419 6
2477 365 2678 438 Νόμος,
2704 383 2723 418 ι
2753 367 2818 420 '0
2837 365 3134 437 ἀρχιερεὺς
3157 365 3236 428 είς
3268 363 3337 418 τὰ
3361 364 3538 432 Ἀτια
3566 366 3688 423 τῶν

405 455 589 509 cultus
611 452 818 515 divini;
846 451 942 506 sed
965 450 1172 515 omnia,
1197 452 1352 522 juxta
1376 451 1699 521 Apostolum
1715 454 1782 521 “,
1808 456 1983 511 hone-

406 555 492 602 ste
520 553 577 599 et
597 543 902 599 secundum
929 543 1182 598 ordinem
1207 542 1359 597 ﬁant.
1389 543 1532 610 Quid
1555 545 1702 600 enim
1727 547 1980 604 indecori

404 635 639 690 faciebat
687 633 886 697 Ozias,
951 634 1065 688 Deo
1115 634 1247 688 dum
1298 635 1548 691 adoleret
1595 638 1982 695 incensum“?

403 725 545 792 Quid
571 725 704 779 item
733 723 885 786 Saul,
915 723 1168 778 victimas
1196 725 1328 780 dum
1355 725 1521 780 oﬂ‘ert
1539 727 1621 780 "‘9
1645 728 1786 795 Quid
1811 746 1980 800 porro

405 817 679 888 tyrannici
715 816 797 870 illi
827 816 1131 879 daemones,
1169 817 1462 872 Dominum
1497 836 1628 876 vere
1656 838 1776 876 esse
1804 823 1976 878 Deum

403 907 534 962 dum
564 908 929 978 proﬁtentur?
959 907 1066 962 Sed
1093 909 1289 963 horum
1318 910 1594 982 theologia
1620 913 1844 982 explosa
1869 922 1976 969 est.

402 999 799 1068 Unusquisque
827 1007 1011 1055 autem
1048 1000 1103 1054 in
1134 1001 1335 1055 ordine
1364 1011 1572 1070 perstet
1600 1019 1712 1058 sure
1737 1003 1979 1060 functio-

403 1090 569 1157 nis";
592 1093 672 1146 ait
687 1091 834 1146 enim
850 1092 937 1147 lex
957 1107 972 1144 ι
997 1091 1189 1147 «Solus
1204 1094 1451 1162 pontifex
1470 1094 1524 1148 in
1544 1094 1744 1150 Sancta
1761 1107 1983 1152 sancto-

404 1195 528 1235 rum
578 1181 809 1234 intrabit
853 1182 1024 1235 semel
1074 1181 1130 1235 in
1176 1197 1323 1236 anno
1347 1183 1410 1236 ³⁸.
1444 1203 1462 1236 ι
1520 1183 1687 1254 quue
1734 1185 1790 1239 in
1827 1187 1979 1240 omni

405 1273 748 1328 hierarchica
794 1273 1176 1342 puriﬁcatione
1220 1294 1232 1328 :
1277 1293 1295 1326 ι
1325 1275 1394 1330 Ει
1423 1277 1740 1331 sacerdotes
1768 1293 1975 1348 coope—

2085 459 2258 529 ἁγίων
2303 458 2708 523 εἰσελεύσεται,
2739 461 2836 511 καὶ
2865 458 3013 524 ἅπαξ
3046 457 3139 510 τοῦ
3180 456 3456 510 ἐνιαυτοῦ.
3511 477 3529 509 ι
3563 461 3688 512 Καὶ

2081 553 2241 606 τοῦτο
2282 555 2340 607 ἐν
2371 553 2520 623 πάσῃ
2555 555 2620 624 τῇ
2654 555 2943 622 ίεραρχικῇ
2991 551 3325 623 καθαρότητι
3360 569 3376 584 ·
3407 554 3460 607 οἱ
3505 556 3687 624 tepet;

2084 645 2525 716 περιστέλλουσιν
2539 644 2606 697 τὰ
2619 645 2802 713 ἅγια.»
2825 641 3370 707 Καὶ,ιοίΛευῗταιού
3391 645 3469 714 μὴ
3491 645 3684 714 ἅψων-

2081 751 2172 788 ται
2204 735 2314 787 τῶν
2354 734 2545 803 ἁγίων,
2577 735 2664 788 ἵνα
2698 734 2774 805 μὴ
2811 734 3180 788 ἀποθάνωσιν.
3224 753 3244 786 ι
3269 737 3379 789 Καὶ
3410 737 3680 808 ὠργίσθη

2084 825 2242 895 θυμῷ
2271 823 2472 895 Κύριος
2505 824 2598 876 ἐπὶ
2621 827 2685 894 τῇ
2728 823 3033 894 προπετείᾳ
3074 823 3221 888 Ὀζία
3245 842 3259 858 ·
3293 825 3388 881 καὶ
3422 827 3677 898 Μαριὰμ

2079 917 2372 986 λεπροῦται
2387 916 2466 985 τῷ
2477 916 2740 986 νομοθέτῃ
2760 915 3110 985 Θεσμοθετεϊν
3133 917 3534 987 ἐγχειρήσασα.
3556 919 3675 972 Καὶ

2081 1007 2174 1060 ἐπὶ
2237 1009 2363 1071 τοὺς
2423 1009 2602 1060 Σκευᾶ
2639 1007 2789 1070 υίοὺς
2826 1008 3067 1076 ὲφήλατο
3099 1008 3127 1058 6
3178 1007 3498 1077 δαιμονιῶν.
3533 1012 3670 1074 Καὶ,

2089 1117 2108 1150 ι
2143 1099 2256 1151 Οὐκ
2306 1098 2632 1151 ἀπέστελλον
2660 1098 2856 1161 αὐτοὺς
2876 1139 2892 1163 ,
2924 1099 3019 1151 καὶ
3066 1099 3219 1152 αὐτοὶ
3253 1098 3478 1170 ἔτρεχον
3503 1119 3518 1133 ”
3550 1102 3674 1162 καὶ,

2083 1189 2185 1241 οὐκ
2216 1189 2436 1242 ἐλάλουν
2467 1189 2604 1258 πρὸς
2633 1189 2849 1251 αὐτοὺς,
2877 1189 3032 1241 αὐτοὶ
3061 1190 3494 1259 ἐπροφήτευον.»
3518 1191 3636 1244 Καί
3657 1207 3673 1229 εν

2090 1298 2108 1330 ι
2133 1279 2192 1331 Ὀ
2214 1279 2415 1349 ἀσεϐὴς
2435 1281 2462 1332 6
2483 1279 2626 1332 Θύων
2649 1297 2737 1348 μοι
2764 1279 2830 1348 μό
2844 1297 2990 1348 σχον,
3012 1279 3087 1342 ὡς
3111 1281 3451 1333 ἀποκτείνων
3464 1282 3635 1334 κύνα.
3652 1301 3676 1334 a

405 1365 554 1420 riant
591 1373 798 1418 sancta.
849 1384 867 1415 ι
903 1366 971 1425 Et
1005 1381 1019 1418 :
1051 1385 1070 1417 ‹
1117 1366 1319 1423 Levila
1357 1384 1427 1422 ne
1469 1377 1693 1439 tangant
1718 1379 1908 1426 sancta
1931 1371 2067 1442 ipsa,
2101 1381 2163 1426 ut
2192 1388 2260 1427 ne
2292 1374 2600 1428 moriantur
2617 1373 2684 1426 ⁸⁸.
2716 1393 2734 1424 ι
2763 1373 2832 1426 Ει
2862 1373 3041 1428 iratus
3063 1380 3150 1426 est
3174 1372 3366 1428 furore
3397 1373 3684 1429 Dominus

405 1468 576 1524 super
602 1457 911 1511 temeritate
933 1456 1083 1512 Ozia.
1112 1458 1227 1512 Sed
1255 1469 1311 1513 et
1347 1459 1515 1514 Maria
1552 1477 1809 1530 percussa
1838 1474 1923 1520 est
1957 1465 2108 1535 lepra
2128 1507 2142 1531 ,
2169 1482 2294 1521 cum
2323 1477 2527 1522 temere
2554 1466 2742 1522 molita
2800 1475 2944 1520 esset
2970 1466 3146 1536 legem
3187 1468 3401 1523 sancire
3427 1469 3665 1540 legisla-

404 1547 512 1602 tori
538 1547 602 1601 ⁸⁸.
630 1547 692 1601 in
732 1548 874 1603 ﬁlios
893 1548 1080 1604 Seevau
1112 1551 1330 1606 insiluit
1375 1552 1750 1610 daemoniacus
1773 1556 1840 1609 ".
1869 1557 2074 1630 1231
2117 1559 2186 1614 Et
2216 1579 2228 1613 :
2261 1579 2281 1611 ι
2307 1560 2429 1616 Νοη
2455 1560 2742 1614 mittebam
2779 1574 2894 1624 eos,
2942 1567 2998 1613 et
3038 1560 3140 1629 ipsi
3180 1560 3512 1625 currebant;
3559 1577 3682 1616 non

403 1634 672 1722 loquebar
707 1641 775 1696 ad
803 1657 919 1707 eos,
943 1654 1000 1698 et
1022 1644 1123 1711 ipsi
1147 1645 1556 1712 prophetabant
1573 1648 1671 1700 ³⁸.»
1693 1649 1792 1702 Et:
1827 1667 1846 1700 ι
1872 1649 2080 1720 impius
2101 1654 2196 1724 qui
2233 1653 2480 1707 immolat
2511 1652 2769 1712 vitulum,
2791 1651 2949 1721 quasi
2983 1651 3079 1720 qui
3107 1650 3310 1705 occidit
3330 1667 3530 1706 canem
3551 1652 3618 1704 ³³.
3653 1672 3676 1702 ι

473 1719 655 1802 Atque
709 1742 770 1787 ut
820 1735 1146 1803 compendio
1187 1737 1580 1807 perstringam,
1625 1719 1978 1798 exactissima

2119 1719 2262 1798 -Καὶ
2307 1745 2502 1807 ἁπλῶς
2559 1746 2768 1804 εἰπεῖν,
2808 1719 2916 1794 οὐκ
2965 1719 3218 1810 ἀνέχεται
3270 1743 3370 1813 τὴν
3418 1743 3687 1812 παράτα-

404 1824 505 1880 Dei
548 1825 764 1894 iustitia
822 1841 932 1879 non
984 1828 1220 1882 sustinet
1263 1829 1567 1899 quidquam
1616 1831 1730 1886 ﬁeri
1783 1843 1984 1903 praeter

405 1915 622 1971 ordinis
675 1915 958 1972 decorum.
994 1917 1322 1973 Dicentibus
1349 1921 1498 1975 enim
1545 1922 1654 1976 illis
1686 1941 1700 1977 :
1737 1943 1755 1976 ι
1792 1925 1852 1979 in
1881 1941 1984 1980 no-

403 2003 556 2060 mine
596 2015 690 2061 tuo
733 1997 974 2062 virtutes
1007 2009 1210 2063 multas
1240 2010 1475 2064 fecimus
1505 2011 1585 2078 “;
1627 2031 1646 2064 ›
1679 2015 1986 2084 responde-

407 2105 501 2150 tur
537 2113 550 2147 :
587 2115 606 2147 ι
642 2097 764 2151 Non
809 2100 938 2152 novi
969 2115 1086 2164 vos,
1119 2100 1392 2155 discedite
1425 2117 1456 2155 a
1490 2118 1598 2170 me,
1629 2120 1823 2160 omnes
1847 2122 1986 2176 ope-

408 2189 544 2242 rarii
581 2189 897 2259 iniquitatis
924 2193 990 2246 “.
1031 2212 1050 2244 ι
1084 2194 1205 2248 Neu
1237 2195 1423 2265 itaque
1453 2197 1535 2253 fas
1573 2213 1697 2253 esse
1728 2208 1986 2257 astruunt

407 2295 563 2335 sacra
588 2281 834 2352 eloquia,
859 2293 922 2340 ut
960 2287 1085 2354 quis
1108 2288 1416 2356 quamlibet
1435 2290 1586 2360 justa
1609 2291 1982 2360 administret,

407 2373 518 2427 nisi
565 2389 666 2443 pro
722 2374 986 2445 dignitate
1031 2393 1097 2433 ac
1146 2388 1366 2436 servato
1416 2381 1642 2438 decoro.
1697 2387 1985 2442 Attentum

407 2477 541 2519 sane
566 2481 1018 2538 unumquemque
1053 2469 1157 2524 sibi
1187 2480 1409 2541 oportet
1447 2487 1589 2538 esse,
1630 2483 1692 2528 ut
1724 2491 1793 2531 ne
1825 2477 1987 2532 intel-

407 2554 584 2625 ligere
610 2558 893 2624 moliatur,
935 2575 1101 2630 quam
1148 2577 1250 2632 pro
1295 2564 1521 2619 modulo
1555 2565 1780 2637 ingenii,
1813 2570 1986 2625 subli-

408 2647 588 2702 miora
634 2656 689 2702 et
720 2650 1104 2718 profundiora.
1140 2651 1340 2710 Secum
1380 2655 1605 2724 quidem
1646 2659 1797 2714 taciti
1835 2660 1985 2730 cogi-

410 2746 528 2794 tent
556 2757 679 2810 quae
710 2759 808 2812 per
852 2745 1107 2799 ordinem
1157 2747 1268 2800 sibi
1319 2747 1586 2816 imperata
1630 2759 1781 2815 sunt,
1823 2759 1884 2805 ut
1918 2767 1986 2806 ne

408 2831 520 2884 sint
559 2833 1006 2900 calumniatores,
1043 2853 1155 2892 non
1186 2837 1484 2906 bilingues,
1536 2840 1633 2894 sed
1688 2857 1849 2910 quam
1886 2842 1986 2894 mi-

407 2920 620 2976 nimum
679 2933 740 2978 ut
783 2925 893 2979 sint
923 2927 1174 2995 pecunia:
1224 2929 1392 2994 avidi,
1434 2931 1806 2996 continentes,
1855 2947 1986 3001 erga

2088 1837 2168 1902 ξιν
2212 1840 2245 1906 ἡ
2294 1835 2562 1906 παντελὴς
2608 1835 2706 1889 τοῦ
2745 1833 2879 1887 Θεοῦ
2905 1833 3246 1904 δικαιοσύνη.
3280 1832 3574 1901 Λεγόντων
3618 1834 3685 1886 δέ

2085 1926 2282 1981 αὐτῶν·
2315 1943 2334 1977 ‹
2359 1926 2481 1978 Ἐπὶ
2500 1924 2576 1995 τῷ
2593 1923 2815 1992 ὀνόματί
2841 1939 2935 1975 σου
2965 1922 3227 1991 δυνάμεις
3254 1921 3454 1984 πολλὰς
3483 1924 3688 1992 ἐποιή-

2089 2035 2280 2089 σαμεν,
2297 2038 2386 2070 ι-
2401 2035 2418 2068 ι
2431 2013 2669 2071 Οὑκοῐδα
2688 2017 2853 2084 ὑμᾶς,
2869 2014 3244 2084 ἀποκρίνεται,
3258 2012 3564 2082 πορεύεσθε
3577 2014 3682 2066 ἀπ’

2087 2107 2221 2177 ἐμοῦ
2265 2108 2469 2168 πάντες
2512 2107 2560 2157 οί
2609 2105 2839 2175 ἐργάται
2879 2102 2979 2171 τῆς·
3024 2101 3277 2170 ἀνομίας.
3319 2119 3338 2151 ›
3373 2101 3546 2152 Ὥστε
3579 2100 3685 2155 οὖν

2085 2199 2147 2250 οὐ
2190 2195 2411 2267 θεμιτόν
2457 2197 2624 2260 ἐστιν,
2670 2192 2740 2246 τὰ
2789 2191 2910 2262 ἱερὰ
2956 2189 3153 2257 Λόγια,
3189 2189 3371 2260 φησὶν,
3425 2189 3557 2241 οὐδὲ
3604 2190 3683 2242 τὰ

2085 2292 2293 2354 δίκαια,
2325 2289 2372 2342 ιι
2410 2288 2486 2358 μὴ
2517 2286 2586 2340 τὰ
2618 2282 2741 2338 κατ’
2779 2282 2941 2347 ἀξίαν
2985 2281 3227 2338 διώκειν.
3278 2280 3586 2352 Προσέχειν
3616 2280 3682 2335 Si

2085 2383 2319 2436 ικαστον
2357 2377 2536 2448 ἐαυτῷ
2583 2378 2712 2448 χρὴ,
2763 2375 2857 2429 καὶ
2892 2374 2967 2445 μὴ
2999 2371 3071 2426 τὰ
3107 2372 3419 2443 ὑψηλότερα
3445 2373 3552 2426 καὶ
3585 2373 3683 2443 βα.

2089 2473 2291 2543 θύτερα
2340 2471 2572 2523 ἐννοεῖν*
2611 2467 2942 2522 διανοεῖσθαι
2988 2464 3044 2518 δὲ
3094 2465 3232 2534 μόνα
3275 2467 3341 2519 τὰ
3373 2467 3521 2520 κατὰ
3569 2467 3682 2537 τὴν

2085 2566 2242 2632 τάξιν
2281 2563 2429 2633 αὐτῷ
2471 2561 2958 2632 προστεταγμιναο
2987 2559 3081 2612 καὶ
3118 2557 3192 2628 μὴ
3231 2557 3488 2624 διάϐολοι,
3533 2561 3679 2630 μηδὲ

2086 2656 2308 2723 δίλογοι,
2337 2653 2472 2706 ἀλλὰ
2502 2652 2890 2722 ἀφιλάργυροι,
2931 2652 3243 2722 ἐγκρατεῖς,
3295 2651 3424 2717 περὶ
3452 2651 3677 2715 πάντας

2087 2743 2475 2811 εὔσπλαγχνοι,
2509 2740 2815 2810 ἐπιμελεῖς,
2843 2741 3204 2810 πορευόμενοι
3234 2739 3377 2793 κατὰ
3409 2740 3513 2810 τὴν
3539 2741 3680 2810 ἁλί).

2089 2836 2239 2887 Οειαν
2275 2833 2370 2886 τοῦ
2416 2833 2644 2902 Κυρίου,
2690 2832 2746 2900 ὃς
2792 2831 3010 2900 ἐγένετο
3041 2832 3285 2894 διάκονος
3325 2832 3546 2884 πάντων
3573 2849 3588 2862 θ
3622 2826 3670 2899 ᾧ

2089 2927 2184 2978 ἐὰν
2217 2925 2677 2994 εὐαρεστήσωμεν
2712 2925 2769 2977 ἐν
2796 2922 2877 2993 τῷ
2919 2922 3015 2976 νῦν
3045 2922 3223 2988 αἰῶνι,
3270 2921 3670 2999 ἀποληψόμεθα

407 3024 604 3065 omnes
649 3013 747 3082 pii,
797 3017 1011 3069 strenui
1061 3017 1372 3085 diligentia,
1410 3020 1715 3073 secundum
1769 3020 1984 3074 Domini

2092 3015 2185 3067 καὶ
2231 3014 2324 3066 τὸν
2374 3011 2677 3084 μέλλοντα·
2731 3009 2914 3073 καθὼς
2954 3010 3222 3079 ὑπέσχετο
3267 3010 3398 3079 ἡμῖν
3452 3011 3670 3076 ἐγεῖραι

406 3104 705 3158 Veritatem
739 3105 1082 3172 incedentes,
1125 3109 1220 3176 qui
1256 3110 1506 3162 omnium
1559 3111 1736 3165 factus
1764 3118 1849 3165 cst
1884 3112 1988 3164 mi-

407 3194 622 3248 nister:
683 3196 772 3250 cui
828 3197 1048 3265 placide
1122 3199 1166 3252 si
1229 3199 1606 3270 obsequemur
1633 3202 1689 3255 in
1728 3203 1990 3271 praesenti

410 3285 633 3350 saeculo,
671 3287 822 3342 illius
857 3291 1305 3358 promerebimur
1343 3291 1553 3361 perfrui
1599 3294 1772 3363 gloria
1816 3294 1868 3347 in
1901 3293 1989 3348 fu-

409 3379 561 3438 turo,
585 3376 1049 3444 quemadmodum
1078 3381 1365 3448 pollicitus
1396 3389 1480 3436 est
1507 3383 1669 3437 nobis
1699 3399 1757 3438 se
1783 3399 1885 3438 nos
1922 3400 1988 3438 ex

411 3465 647 3519 mortuis
676 3469 1046 3523 excitaturum
1081 3487 1094 3523 :
1124 3473 1381 3542 quodque
1415 3475 1460 3529 si
1507 3475 1627 3544 ipso
1655 3475 1817 3546 digne
1852 3491 1988 3531 con-

410 3556 797 3625 versabimur,
833 3574 957 3614 cum
998 3577 1064 3616 eo
1111 3564 1272 3618 simul
1325 3574 1381 3619 et
1430 3567 1806 3637 regnabimus.
1841 3568 1990 3622 Dixit

2087 3107 2236 3176 ἡμᾶς
2274 3107 2337 3158 ἐκ
2367 3102 2579 3173 νεκρῶν
2599 3118 2611 3137 ν
2643 3101 2738 3156 καὶ⁵
2777 3102 2859 3155 ὅτι
2887 3103 2981 3155 ἐὰν
3013 3099 3465 3169 πολιτευσώμεθα
3498 3099 3673 3163 ἀξίως

2087 3198 2274 3262 αὑτοῦ,
2306 3198 2402 3251 καὶ
2450 3194 2955 3265 συμϐασιλεύσομεν
3007 3193 3177 3263 αὐτῷ.
3216 3192 3387 3254 Αὐτὸς
3428 3190 3542 3260 γὰρ
3589 3191 3671 3245 εί·-

2089 3305 2290 3361 ρηκεν·
2329 3307 2348 3340 ι
2371 3289 2497 3342 Ἐάν
2541 3303 2624 3350 τις
2666 3286 2791 3356 ἐμοὶ
2838 3284 3084 3352 διακονῇ,
3116 3284 3236 3352 ἐμοὶ
3275 3280 3669 3335 ἀκολουθείτω·

2094 3384 2190 3441 καὶ
2239 3381 2374 3433 ὅπου
2448 3379 2564 3450 εἰμὶ
2616 3376 2747 3445 ἐγὼ,
2787 3377 2912 3444 ,ἐκεῖ
2952 3376 3049 3430 καὶ
3091 3379 3118 3429 6
3171 3375 3417 3437 διάκονος
3464 3374 3492 3425 6
3538 3372 3670 3441 ἐμὸς

2096 3472 2276 3524 ἐσται·
2304 3471 2399 3524 ἐάν
2423 3486 2508 3532 τις
2543 3467 2670 3539 ἐμοὶ
2701 3468 2946 3538 διακονῇ,
2978 3467 3196 3537 τιμήσει
3226 3465 3389 3517 αὐτὸν
3420 3465 3449 3515 ὁ
3479 3463 3670 3532 Πατήρ

2101 3579 2224 3630 μου.
2258 3579 2276 3612 ι
2315 3558 2474 3629 Αὐτῷ
2502 3560 2535 3630 ἡ
2561 3557 2688 3622 δόξα
2721 3558 2801 3620 είς
2828 3559 2956 3621 τοὺς
2987 3556 3208 3618 αἰῶνας.
3256 3555 3452 3624 Ἀμήν.

411 3645 560 3700 enim
601 3664 614 3699 :
664 3665 683 3698 ι
712 3648 770 3703 Si
816 3653 941 3720 quis
991 3655 1126 3708 mihi
1179 3655 1484 3722 ministrat,
1522 3674 1611 3713 me
1654 3670 1941 3729 sequatur,
2003 3665 2060 3712 et
2115 3655 2208 3710 ubi
2268 3667 2390 3707 sum
2427 3665 2551 3720 ego,
2590 3649 2706 3704 illic
2732 3658 2788 3704 et
2817 3649 3072 3704 minister
3107 3661 3264 3702 meus
3283 3645 3390 3700 erit
3423 3662 3439 3698 :
3471 3643 3516 3698 si
3548 3643 3672 3712 quis

411 3736 549 3791 mihi
578 3739 996 3807 ministraverit,
1025 3743 1417 3800 honoriﬁcabit
1447 3761 1575 3800 eum
1610 3747 1771 3803 Pater
1812 3764 1970 3804 meus
1999 3749 2065 3800 “.
2099 3765 2117 3797 ι
2163 3741 2271 3814 ipsi
2305 3740 2476 3812 gloria
2515 3738 2573 3793 in
2604 3739 2822 3794 saecula.
2855 3737 3052 3792 Amen-

921 3876 1209 3936 HOMILIA
1241 3878 1474 3936 CXXIV.

504 3962 817 4024 Sacerdotes
847 3971 1174 4027 venerationi
1209 3980 1366 4041 atque
1391 3973 1579 4028 honori
1602 3975 1888 4034 habendos.

481 4059 760 4132 ignatius,
807 4074 1174 4131 cognomento
1217 4066 1607 4134 Theophorus,
1643 4085 1744 4138 per
1777 4071 1989 4140 episto-

409 4153 522 4212 lam
557 4154 692 4209 dicit
717 4155 763 4187 “
793 4172 808 4209 :
857 4155 1142 4226 Episcopo
1177 4161 1473 4224 attendite,
1512 4169 1573 4214 ut
1599 4170 1655 4215 et
1685 4163 1832 4218 Deus
1889 4180 1989 4219 vo-

415 4243 535 4310 bis;
573 4261 798 4301 recreor
823 4247 881 4300 in
912 4247 1193 4317 episcopo,
1217 4250 1313 4318 qui
1340 4249 1478 4304 mihi
1512 4250 1851 4321 subrogatus
1878 4259 1986 4316 est,

2666 3878 2886 3936 ΛΟΓΟΣ
2934 3872 3107 3934 PKA'.

2471 3970 2613 4040 Περί
2641 3969 2748 4025 τοῦ
2775 3969 3069 4025 αἰδεῖσθαι
3098 3969 3293 4040 ἱερεῖς,

2177 4065 2236 4117 '0
2261 4062 2528 4132 Θεοφόρος
2552 4059 2807 4128 Ἰγνάτιος
2825 4055 3153 4118 ἐπιστέλλει,
3173 4057 3368 4122 λέγων·
3396 4073 3414 4106 ι
3441 4053 3534 4122 Τῷ
3557 4053 3671 4107 ἐπι-

2096 4154 2287 4224 σκόπῳ
2316 4151 2638 4222 προσέχετε,
2665 4149 2751 4204 ἵνα
2778 4147 2872 4200 καὶ
2916 4149 2944 4198 ὁ
2983 4145 3112 4214 Θεὸς
3157 4146 3303 4218 ὑμῖν.
3352 4145 3670 4219 Ἀντίψυχον

2098 4244 2209 4316 ἐγὼ
2248 4244 2328 4315 τῷ
2367 4239 2793 4311 ὑποτασσομένῳ
2838 4239 3148 4308 ἐπισκόπῳ,
3183 4235 3578 4307 πρεσϐυτέροις
3608 4252 3669 4290 τι

414 4336 864 4408 presbyterisquc
915 4345 972 4392 et
1024 4337 1273 4393 diaeonis
1325 4340 1658 4408 quibuscum
1706 4343 1987 4412 contingat

2099 4337 2194 4392 καὶ
2239 4335 2530 4401 διακόνοις,
2581 4332 2704 4402 μετ’
2755 4330 2935 4386 αὐτῶν
2988 4346 3082 4400 μοι
3131 4330 3345 4397 γένοιτο
3372 4328 3456 4427 τἰο
3494 4328 3672 4427 piper;

416 4429 626 4483 utinam
657 4429 858 4484 habere
890 4445 978 4484 me
1014 4439 1225 4498 partem
1259 4431 1315 4484 in
1349 4432 1482 4486 Deo.
1513 4433 1727 4487 Rursus
1750 4432 1795 4464 ⁸³
1833 4451 1848 4487 :
1882 4434 1988 4489 Tov-

415 4521 518 4576 stis
547 4522 683 4576 mihi
711 4531 815 4587 est,
847 4522 902 4575 in
931 4538 1040 4591 quo
1074 4531 1130 4577 et
1155 4523 1376 4580 vinctus
1405 4540 1525 4579 sum
1551 4543 1565 4578 :
1597 4524 1725 4594 quia
1753 4541 1852 4595 per
1875 4541 1995 4580 car-

415 4627 544 4667 nem
589 4615 886 4668 humanam
921 4629 1034 4668 non
1075 4615 1340 4685 cognovi;
1385 4615 1623 4686 Spiritus
1651 4626 1835 4672 autem
1872 4634 1996 4674 san-

418 4715 541 4757 ctus
570 4704 684 4771 ipse
707 4704 958 4773 praedixit
986 4706 1102 4762 hzec
1129 4725 1140 4760 :
1172 4707 1302 4762 Sine
1334 4708 1596 4778 episcopo
1622 4709 1767 4764 nihil
1789 4709 1992 4779 facite;

416 4794 556 4849 nihil
576 4795 742 4864 igitur
761 4797 1084 4850 tentandum
1105 4799 1265 4854 vobis
1289 4809 1374 4854 est
1390 4800 1511 4855 sine
1525 4811 1737 4855 annutu
1779 4803 1996 4871 episco-

417 4885 511 4956 pi;
553 4885 649 4940 ubi
674 4885 821 4942 enim
847 4887 1224 4956 conSpicietur
1255 4889 1451 4945 adesse
1493 4890 1814 4960 episcopus,
1843 4907 1911 4946 eo
1939 4910 1996 4949 se

419 4977 669 5033 conferat
693 4978 993 5035 multitudo
1019 4995 1032 5032 :
1061 4981 1530 5049 quemadmodum
1555 4982 1648 5036 ubi
1681 4985 1998 5039 nominatus

420 5078 505 5122 est
533 5067 694 5124 Jesus
743 5067 1028 5133 Christus,
1071 5083 1141 5124 eo
1177 5069 1398 5140 cogitur
1441 5081 1496 5126 et
1546 5072 1780 5128 conﬂuit
1812 5075 2001 5130 catho-

421 5155 523 5212 lica
551 5159 818 5213 Ecclesia.
852 5158 974 5214 Non
1017 5159 1164 5213 enim
1212 5159 1463 5230 quolibet
1500 5162 1705 5232 passim
1738 5163 1997 5220 sinuntur

425 5247 696 5320 pecudum
744 5265 939 5320 greges
967 5250 1146 5320 abire,
1177 5251 1276 5305 sed
1316 5267 1652 5322 quocunque
1697 5269 1793 5309 eas
1820 5253 1996 5308 abdu-

2093 4427 2239 4497 ἔχειν
2261 4428 2319 4482 ἐν
2333 4423 2473 4494 Θεῷ.
2495 4442 2515 4476 ι
2541 4423 2652 4483 Καὶ
2664 4419 2841 4487 αὖθις,
2869 4439 2887 4466 σ
2913 4422 3138 4492 Μάρτυς
3155 4436 3268 4490 μοι,
3288 4422 3348 4472 ἐν
3365 4412 3408 4486 ᾧ
3429 4419 3669 4488 δέδεμαι.

2093 4521 2176 4574 ὅτι
2233 4517 2342 4577 ἀπὸ
2397 4515 2602 4586 σαρκὸς
2653 4513 3001 4585 ἀνθρωπίνης
3065 4513 3164 4568 οὐκ
3207 4511 3403 4578 ἔγνων.
3444 4527 3465 4561 ι
3495 4510 3569 4566 Τὸ
3620 4511 3674 4564 δὲ

2099 4612 2328 4680 Πνεῦμα
2350 4611 2656 4685 ἐκήρυσσεν
2681 4607 2838 4676 λέγον
2870 4604 3016 4662 τάδε*
3034 4605 3218 4674 Χωρὶς
3247 4602 3343 4655 τοῦ
3370 4601 3672 4655 ἐπισκόπου

2100 4703 2266 4775 μηδὲν
2296 4704 2522 4758 ποιεῖτε.
2558 4699 2680 4770 Χρὴ
2719 4694 2814 4754 οὖν
2847 4698 2977 4756 ἄνευ
3021 4694 3117 4750 τοῦ
3150 4695 3453 4780 ἐπιοσκὸπου
3508 4691 3674 4762 μηδὲν

2099 4797 2365 4866 πράσσειν
2389 4795 2557 4864 ἡμᾶς.
2595 4793 2771 4846 Ὅπου
2801 4792 2906 4861 γὰρ
2937 4789 3004 4844 ἂν
3038 4790 3181 4859 φανῇ
3214 4787 3538 4852 ἐπίσκοπος,
3559 4782 3678 4838 ἐκεῖ

2099 4888 2160 4946 τὸ
2193 4885 2398 4954 πλῆθος
2426 4885 2559 4955 ῆτω.
2602 4884 2814 4953 Ὥσπερ
2841 4883 3084 4950 ὅπουπερ
3117 4879 3185 4934 ἂν
3223 4876 3505 4948 ὀνομασθῇ
3545 4877 3676 4946 Χρι-

2105 4979 2226 5042 στὸς
2269 4977 2497 5045 Ἰησοῦς,
2563 4977 2682 5029 ἐκεῖ
2727 4977 2760 5045 ἡ
2803 4968 3062 5041 καθολικὴ
3103 4970 3402 5041 Ἐκκλησία
3448 4969 3674 5026 ἐπισυν-

2100 5072 2316 5138 άγεται.
2337 5071 2415 5126 Οὐ
2447 5069 2554 5139 γὰρ
2579 5069 2714 5124 ὅπου
2745 5065 3026 5136 βούλονται
3043 5063 3354 5134 βαδίζουσιν
3373 5060 3482 5123 τῶν
3511 5060 3678 5129 θρεμ-

2105 5165 2289 5234 μάτων
2335 5163 2391 5215 αί
2435 5159 2648 5230 ἀγέλαι,
2681 5157 2799 5211 ἀλλ’
2830 5155 3073 5226 ἔνθαπερ
3114 5157 3164 5209 oi
3205 5151 3466 5223 ποιμένες
3507 5150 3679 5213 αὑτὰς

2105 5254 2494 5326 ἀποφέρουσιν.
2545 5252 2627 5308 Τὰ
2667 5251 2725 5304 δὲ
2783 5247 2889 5314 ἔξω
2938 5246 3038 5316 τῆς
3082 5245 3286 5316 ἀγέλης
3334 5242 3681 5313 ὰπομένοντα

491 5430 538 5465 ³ο
573 5431 884 5506 Ιρᾳοτηιιιζ,
919 5431 1005 5506 40.
1049 5435 1091 5466 ⁸⁸
1130 5434 1174 5492 Il
1206 5434 1639 5501 Parai.xxvt,lﬁ.
1719 5435 1818 5506 “gl
1842 5436 1976 5506 Reg.

2100 5478 2112 5500 ,
2139 5438 2172 5493 Β
2193 5450 2349 5504 seqq.
2392 5434 2436 5506 ξ’
2471 5431 2548 5495 Ex
2571 5429 2737 5506 epist.
2763 5427 2798 5484 8
2829 5426 2886 5489 S.
2915 5423 3160 5506 Dionysii
3190 5422 3392 5506 Areop.
3434 5418 3481 5456 ”
3513 5419 3682 5506 Mod.

427 5519 552 5562 nx,
585 5502 669 5555 10.
761 5502 807 5534 ³³
845 5503 1016 5556 chit.
1045 5522 1154 5566 xvr,
1186 5507 1240 5559 2.

429 5575 474 5606 ⁸⁸
529 5572 716 5625 Matth.
757 5587 850 5638 tu,
881 5573 998 5628 22..

433 5643 498 5699 ad
521 5643 738 5714 Smyrn.

1346 5507 1390 5537 ³⁵
1424 5507 1584 5561 Num.
1620 5523 1689 5560 xu
1715 5547 1728 5568 ,
1757 5505 1810 5570 9,
1842 5508 1924 5558 l0.

1080 5577 1117 5606 δι
1147 5576 1281 5632 ibid.
1315 5575 1384 5630 25
1483 5578 1526 5610 δ’
1563 5576 1721 5632 Joan.
1757 5592 1846 5644 Mi,
1878 5576 1963 5634 ἐξ.

2056 5509 2064 5531 ⁷
2093 5507 2212 5561 Act.
2249 5521 2357 5566 χιχ,
2393 5505 2475 5559 i6.
2569 5505 2613 5532 "
2643 5505 2847 5554 Jercm.
2877 5505 3138 5562 xxm,21.
3240 5505 3284 5523 "
3318 5505 3422 5545 Isa.
3458 5506 3602 5571 ιξγι,
3631 5505 3682 5545 o-

2069 5579 2113 5609 ”
2149 5575 2324 5647 Epist.
2363 5573 2430 5644 8,
2479 5571 2546 5628 ad
2582 5571 2962 5642 Polycarpuan.
3039 5565 3083 5597 “
3117 5564 3194 5620 Ex
3221 5563 3395 5640 lgnat.
3431 5570 3602 5635 epist.
3631 5565 3686 5621 '7:

2569 5490 2847 5554 "'Jercm.
2877 5512 3026 5562 xxm,
3050 5490 3138 5547 ‘21.
3240 5493 3284 5523 ³⁹
3318 5490 3422 5545 lIsa.
3458 5506 3602 5562 un,
3630 5490 3682 5545 '5-
