3918 6106
507 258 648 326 189.3

1775 261 2135 321 ANTIOCHI
2178 261 2518 320 MONACHI

3582 257 3674 324 1δῇ

503 380 562 426 et
603 368 904 423 admonent
932 381 1051 431 vos,
1081 373 1139 422 et
1165 374 1225 420 ut
1254 364 1507 420 habeatis
1551 365 1677 420 illos
1708 363 2084 418 abundantius

2190 363 2364 426 πάλιν,
2401 382 2420 414 ι
2456 363 2518 415 Ol
2550 361 2912 432 πρεσϐύτεροι
2935 362 3122 432 διπλῆς
3161 361 3330 433 τιμῆς
3357 362 3675 428 ἀξιούσθωσαν.

507 463 564 516 in
597 460 869 515 eharitate
890 465 1119 527 propter
1147 471 1288 526 opus
1313 456 1553 522 illorum,
1584 471 1774 526 pacem
1797 455 1994 510 habete
2023 456 2080 510 in

505 550 918 620 vobismetipsis
949 549 1014 602 “.
1052 568 1070 599 ι
1099 549 1168 604 Ει
1201 565 1398 604 rursus
1431 568 1444 604 :
1476 568 1493 601 ι
1524 547 1838 618 Presbyteri
1872 548 2079 617 duplici

508 641 719 696 honore
751 637 1082 702 alliciantur,
1113 638 1348 691 maxime
1379 638 1474 706 qui
1503 636 1753 690 laborant
1784 675 1799 699 ,
1823 635 1877 688 in
1909 633 2081 688 verbo

506 740 564 787 et
603 729 856 786 doctrina
885 729 954 780 ⁵⁷.
999 747 1016 779 ι
1055 726 1328 782 Convenit
1384 727 1568 797 igitur,
1597 723 1978 789 dilectissimi,
2025 732 2083 778 et

507 820 669 875 amici
713 819 834 881 Dei,
889 826 951 872 ut
998 818 1318 873 sacerdotes
1367 818 1488 887 ejus
1517 831 1872 870 revereamur
1901 830 1914 864 :
1942 828 2084 883 quos

507 913 654 964 enim
679 911 827 964 Deus
858 910 963 964 sibi
983 920 1241 978 tanquam
1267 910 1524 978 proprios
1541 909 1758 969 ascivit,
1781 915 1838 960 et
1871 905 2081 959 honore

510 1001 717 1065 aﬂecit,
739 1001 820 1055 eis
840 1016 1062 1054 necesse
1081 1010 1164 1054 est
1183 1009 1242 1054 ut
1263 1000 1517 1053 homines
1542 999 1790 1052 debitum
1813 998 2080 1051 honorem

509 1091 801 1146 deferant:
848 1091 1056 1160 1233
1088 1107 1266 1158 neque
1307 1105 1439 1144 vero
1490 1090 1594 1144 sibi
1630 1090 1757 1159 quis
1811 1089 2080 1142 honorem

509 1181 762 1245 assumit,
799 1180 892 1233 sed
926 1181 1020 1249 qui
1049 1196 1078 1233 a
1109 1181 1222 1234 Deo
1251 1191 1480 1234 vocatus
1503 1190 1609 1234 est.
1638 1179 1784 1233 Nulli
1808 1179 1973 1248 igitur
2001 1177 2082 1231 fas

511 1287 755 1340 unquam
806 1271 975 1326 fuerit
1003 1271 1178 1325 obniti
1214 1287 1277 1325 ac
1308 1273 1606 1326 reclamare
1645 1271 1950 1326 sacerdotis
1977 1269 2082 1324 im-

511 1359 670 1428 perio
709 1376 722 1411 :
763 1379 782 1411 ‹
819 1359 925 1425 Qui
974 1360 1126 1414 enim
1177 1361 1481 1427 resistunt,
1531 1360 1940 1414 damnationem
1975 1359 2080 1413 sibi

511 1452 805 1520 acquirent
838 1453 904 1504 ⁵⁸.
959 1470 975 1501 ι
1015 1453 1253 1522 Principi
1290 1452 1436 1506 enim
1475 1452 1662 1522 populi
1701 1452 1779 1505 tui
1821 1467 1931 1504 non
1963 1466 2081 1504 ma-

511 1543 717 1598 ledices
771 1545 837 1597 ".
902 1546 1168 1601 Dominus
1216 1548 1348 1602 item
1415 1547 1651 1601 eximius
1698 1547 1788 1600 ille
1831 1545 2081 1600 Pontifex

512 1635 591 1689 ait
641 1651 655 1688 :
693 1655 712 1687 ι
757 1636 859 1703 Qui
897 1636 1129 1707 suscipit
1155 1653 1275 1702 vos,
1333 1653 1420 1692 me
1451 1637 1703 1706 suscipit,
1761 1644 1818 1691 et
1849 1636 1942 1705 qui
1994 1651 2082 1689 me

2186 456 2434 510 Μάλιστα
2484 456 2530 506 oi
2579 453 2880 516 κοπιῶντες
2930 455 2986 506 ἐν
3032 455 3174 524 λόγῳ
3210 454 3306 506 καὶ
3344 454 3617 528 διδασκαλίᾳ
3663 477 3677 509 ι

2186 544 2403 613 Πρέπον
2439 538 2530 596 οῦν
2561 543 2730 604 ἐστιν,
2765 543 3056 612 ἀγαπητοὶ,
3107 545 3199 596 καὶ
3229 544 3372 612 φίλοι
3398 543 3539 605 Θεοῦ,
3564 547 3678 598 aliai-

2187 634 2312 685 σθαι
2349 633 2473 696 “rch
2507 633 2672 704 ἱερεῖς
2702 631 2890 685 αὑτοῦ.
2923 631 3029 694 Οὓς
3065 633 3175 702 γὰρ
3204 633 3232 684 ό
3261 632 3390 695 Θεὸς
3433 633 3677 687 οἱκειὼσατο

2186 725 2280 775 καὶ
2310 722 2577 787 ἐδόξασεν,
2607 723 2818 789 ἀνάγκη
2848 720 2944 774 καὶ
2972 721 3100 783 τοὺς
3121 719 3438 790 ἀνθρώπους
3466 723 3548 790 τὴν
3575 724 3677 790 ὀφει-

2186 813 2283 883 λὴν
2309 813 2650 865 ἀποδιδόναι·
2681 814 2775 866 καὶ
2802 814 2900 881 οὐχ
2931 812 3106 882 ἑαυτῷ
3135 830 3220 874 τις
3260 812 3513 880 λαμϐάνει
3541 814 3616 882 τὴν
3635 831 3677 866 τι·

2191 905 2320 976 μὴν,
2343 905 2455 958 ἀλλ’
2485 907 2512 957 ὁ
2546 903 2876 974 καλούμενος
2907 903 3011 956 ὑπὸ
3035 903 3128 956 τοῦ
3159 902 3326 957 Θεοῦ.
3353 905 3423 958 Οὐ
3465 905 3593 972 θέμις
3613 905 3676 956 τοί-

2186 1014 2279 1050 νυν
2313 996 2438 1050 ποτὲ
2485 998 2619 1067 ἱερεῖ
2663 996 2995 1065 ἀντιστῆναι·
3041 997 3090 1047 oi
3137 995 3250 1064 γὰρ
3305 1013 3324 1045 ι
3374 993 3675 1061 ἀντιστάμενα

2187 1089 2399 1152 αὐτοῖς,
2432 1089 2607 1156 κρῖμα
2654 1086 3010 1155 λήψονται.Ἀ
3021 1101 3220 1154 ρχοντα
3248 1084 3357 1154 γὰρ
3380 1084 3468 1136 τοῦ
3494 1083 3596 1137 λαοῦ
3619 1101 3674 1137 σω

2187 1180 2287 1232 οὐκ
2310 1180 2456 1250 ἐρεῖς
2487 1177 2688 1242 κακῶς.
2727 1197 2746 1228 ι
2797 1179 2854 1230 Ὀ
2897 1178 2954 1229 δὲ
2990 1178 3219 1246 Κύριος,
3249 1177 3344 1228 καὶ
3380 1176 3535 1245 μέγας
3555 1176 3678 1243 ἀρχιε-

2190 1273 2336 1342 ρεὺς,
2357 1271 2544 1341 φησὶν,
2565 1288 2584 1321 ι
2604 1270 2664 1322 '0
2691 1269 2980 1339 δεχόμενος
3013 1269 3191 1336 ὑμᾶς,
3211 1267 3311 1337 ἐμὲ
3338 1266 3558 1336 δέχεται,
3577 1267 3678 1318 καὶὸ

2189 1364 2287 1433 ἐμὲ
2326 1363 2640 1432 δεχόμενος,
2663 1361 2879 1430 δέχεται
2928 1360 3017 1414 τὸν
3059 1359 3454 1412 ἀποστείλαντὰ
3481 1375 3560 1427 με.
3587 1375 3602 1407 ι
3634 1387 3676 1397 -

2199 1473 2216 1504 ι
2241 1454 2297 1506 '0
2312 1452 2596 1522 δεχόμενος
2620 1451 2932 1522 προφήτην,
2958 1452 3036 1510 είς
3057 1451 3230 1520 ὄνομα
3249 1450 3527 1518 προφήτου,
3547 1446 3676 1516 μισθὸν

2189 1545 2468 1615 προφήτου
2526 1541 2776 1613 λήψεται.
2831 1542 2938 1594 Καὶ
2989 1542 3017 1592 ό
3063 1540 3352 1608 δεχόμενος
3394 1538 3590 1599 δίκαιον,
3627 1537 3676 1594 si;

2188 1631 2358 1700 δνομα
2400 1629 2629 1694 δικαίου,
2677 1627 2865 1698 μισθὸν
2907 1627 3119 1682 δικαίου
3170 1625 3412 1706 λῄψέται.
3465 1645 3483 1678 ι
3519 1622 3674 1691 Δὺτῷἡ

513 1727 788 1796 suscipit,
841 1729 1076 1798 suscipit
1125 1745 1253 1784 eum
1307 1728 1398 1799 qui
1452 1746 1538 1783 me
1591 1728 1742 1782 misit
1794 1728 1863 1781 °°.
1909 1747 1928 1778 ι
1977 1727 2087 1781 Et:

2191 1721 2318 1786 δόξα
2346 1721 2424 1784 είς
2461 1722 2590 1783 τοὺς
2623 1719 3065 1789 αἰῶνας.Ἀμήν.

519 1833 540 1867 ι
602 1816 705 1883 Qui
739 1819 975 1888 suscipit
1024 1822 1352 1890 prophetam
1402 1822 1456 1876 in
1488 1823 1710 1876 nomine
1761 1814 2380 1890 prophetae,mereedem
2414 1814 2700 1882 prophetae
2723 1811 2959 1882 accipiet
2990 1828 3005 1866 :
3048 1819 3105 1866 et
3138 1810 3237 1882 qui
3277 1809 3494 1882 suscipit
3525 1810 3679 1882 justum

513 1907 574 1966 in
604 1912 827 1966 nomine
879 1913 1036 1983 justi,
1077 1914 1388 1969 mercedem
1447 1915 1584 1984 justi
1655 1914 1892 1983 accipiet
1919 1913 2018 1967 “.3
2051 1909 2158 1980 ipsi
2189 1907 2360 1977 gloria
2394 1905 2451 1959 in
2475 1904 2697 1960 saecula.
2723 1904 2924 1958 Amen.

1042 2024 1329 2080 llOMlLlA
1358 2025 1565 2082 CXXV.

793 2134 875 2190 De
891 2149 1034 2192 certa
1061 2143 1449 2208 exspectatione
1477 2141 1799 2208 futurorum.

587 2243 793 2298 Futura
827 2244 970 2298 bona
997 2245 1252 2314 quisquis
1278 2257 1428 2301 certa
1461 2263 1556 2316 spe
1587 2247 1895 2316 opperitur.
1927 2246 2086 2300 nihili

517 2333 707 2388 isthazc
750 2333 903 2389 ducit
952 2337 1287 2404 temporaria
1337 2355 1350 2388 :
1394 2337 1527 2407 quin
1559 2338 1820 2392 aviditate
1855 2338 2090 2408 ﬂagrans

515 2424 853 2491 futurorum,
884 2434 1082 2481 caetera
1105 2427 1288 2481 omnia
1321 2429 1448 2483 vitae
1475 2428 1636 2483 istius
1665 2445 1765 2483 ceu
1788 2430 1893 2483 vile
1917 2429 2092 2498 quod-

515 2514 661 2584 piam
701 2526 1064 2575 sarmentum.
1095 2527 1190 2572 aut
1226 2519 1557 2572 virulentam
1591 2520 1888 2573 arachnem
1917 2528 2092 2574 trans-

517 2604 707 2670 mittit,
759 2613 986 2674 propter
1021 2621 1172 2675 spem
1223 2607 1329 2661 sibi
1384 2608 1684 2676 repositam
1744 2616 1906 2676 atque
1963 2623 2086 2677 gau-

516 2692 691 2747 dium.
723 2694 821 2749 lllo
851 2695 999 2748 enim
1028 2704 1358 2765 approperat
1400 2711 1718 2762 occurrere,
1750 2697 1844 2750 ubi
1875 2712 2091 2765 posses-

517 2785 694 2839 sionis
747 2785 1058 2840 substantia
1109 2804 1122 2839 :
1169 2802 1366 2856 nempe
1393 2789 1502 2858 jam
1547 2786 1884 2841 desiderium
1928 2787 2093 2841 habet

517 2874 831 2928 subactum.
860 2875 1072 2941 Quibus
1113 2892 1245 2930 sane
1270 2877 1422 2931 cordi
1460 2885 1544 2931 est
1572 2879 1793 2932 caeleste
1830 2877 1962 2931 illud
1993 2894 2092 2946 pe-

517 2962 752 3026 culium,
780 2964 856 3017 nil
895 2977 1002 3018 tam
1037 2976 1304 3035 expetunt
1349 2967 1609 3020 ardenter
1635 2983 1797 3036 quam
1827 2977 1886 3021 ut
1913 2984 1979 3022 ex
2011 2969 2096 3021 in-

517 3053 701 3106 colatu
739 3054 997 3122 inquilini
1027 3057 1281 3125 corporis
1320 3058 1562 3110 evolent.
1599 3059 1745 3111 Bona
1782 3059 1950 3128 igitur
1983 3075 2086 3112 no-

519 3143 606 3199 bis
657 3146 921 3214 reposita,
954 3157 1010 3200 et
1054 3162 1178 3216 qua:
1216 3148 1629 3216 insuspicabilia
1675 3159 1824 3215 sunt,
1869 3167 2093 3219 prorsus

2747 2019 2966 2074 ΛΟΓΟΣ
3019 2019 3111 2072 PK
3119 2019 3197 2073 E'.

2413 2133 2554 2203 Περὶ
2593 2134 2957 2203 προσδοκίας
3005 2132 3128 2187 τῶν
3165 2134 3511 2202 μελλόντων.

2269 2248 2330 2301 Ὀ
2351 2247 2419 2300 τὰ
2450 2247 2710 2317 μέλλοντα
2735 2246 2914 2316 ἀγαθὰ
2941 2244 3283 2316 προσδοκῶν,
3305 2245 3370 2297 τὰ
3398 2237 3488 2297 ὧδε
3511 2239 3676 2296 ἀπωθεῖ-

2187 2356 2299 2404 ται,
2327 2339 2418 2392 καὶ
2459 2338 2547 2392 διὰ
2597 2338 2694 2408 τῆς
2735 2337 2971 2407 ὀρέξεως
3011 2336 3120 2387 τῶν
3181 2336 3464 2407 μελλόντων
3501 2330 3676 2400 ἀγαθῶν,

2188 2429 2284 2484 ὅλα
2313 2430 2381 2482 τὰ
2414 2429 2507 2482 τοῦ
2540 2429 2656 2498 βίου
2687 2427 2760 2491 ὡς
2787 2426 2942 2479 σκιὰν
2971 2426 3065 2478 καὶ
3091 2426 3336 2496 ἀράχνην
3364 2419 3674 2494 παροδεύειδιὰ

2189 2521 2286 2589 τὴν
2315 2520 2682 2590 ἀποκειμένην
2711 2517 2900 2571 ἐλπίδα
2937 2518 3030 2570 καὶ
3059 2518 3243 2587 χάριν.
3286 2516 3422 2570 Ἑκεί
3448 2513 3539 2584 γὰρ
3560 2509 3675 2562 mi-

2189 2610 2266 2663 δει
2293 2606 2430 2664 εἶναι
2455 2610 2582 2664 ἔνθα
2610 2609 2710 2679 τῆς
2740 2610 2986 2678 κτήσεως
3020 2607 3279 2678 ὓπαρξιν,
3303 2609 3472 2677 ἠγουν,
3500 2603 3577 2672 τὴν
3596 2604 3672 2652 ἑπι-

2192 2701 2390 2770 θυμίαν
2435 2699 2838 2769 δεδουλωμένην
2893 2698 3024 2768 ἔχει.
3071 2693 3176 2761 Οἷς
3219 2698 3385 2750 τοίνυν
3428 2693 3598 2764 αἱρετὸν
3634 2691 3672 2739 ὲν

2191 2789 2436 2860 οὐρανοῖς
2467 2791 2499 2859 ή
2527 2791 2716 2858 κτῆσις
2734 2828 2750 2852 ,
2780 2788 2882 2859 τὴν
2910 2789 2972 2841 ἐκ
3002 2787 3258 2858 σώματος
3287 2784 3519 2856 ἐκδημίαν
3540 2781 3670 2850 ἀφίεν-

2192 2898 2301 2935 ται.
2348 2879 2910 2950 Ἀποκαραδοκοῦντες
2939 2875 3030 2932 οὖν
3055 2881 3135 2942 είς
3175 2878 3242 2932 τὰ
3270 2876 3562 2944 ἀποκείμενα
3581 2871 3670 2938 ἡμῖν

2192 2971 2371 3039 ἀγαθὰ
2395 2971 2687 3024 ἁνείκαστα
2719 2969 2868 3036 ὄντα,
2903 2970 2998 3042 ὅλῃ
3033 2973 3098 3041 τῇ
3132 2969 3384 3042 προθέσει
3415 2968 3463 3020 ὲν
3482 2959 3670 3029 ἐπιθυμίᾳ

2195 3063 2363 3133 πολλῇ
2429 3062 2751 3131 ποθήσωμεν
2809 3061 2980 3114 αὐτά·
3033 3060 3378 3131 παρορῶντες
3418 3057 3476 3108 τὰ
3517 3052 3575 3122 μὴ

2193 3168 2369 3216 νοντα,
2404 3151 2500 3204 καὶ
2527 3150 2819 3221 γεγηθότες
2855 3150 2943 3204 διὰ
2978 3149 3048 3202 τὰ
3092 3150 3287 3203 αἰώνια
3338 3146 3421 3202 καὶ
3455 3142 3667 3211 παράμονι

519 3241 631 3289 tota
662 3236 831 3288 animi
875 3236 1261 3304 praestolemur
1300 3237 1786 3306 contemplatione,
1833 3247 1997 3306 atque
2028 3255 2088 3294 ea

2193 3239 2389 3308 ἀγαθὰ,
2429 3239 2465 3293 ἃ
2491 3241 2548 3292 οὐ
2583 3240 2805 3293 δύναται
2852 3240 2973 3302 νοῦς
3009 3238 3300 3310 ἀνθρώπου
3331 3227 3664 3291 καταλαϐέσθαι.

517 3326 736 3381 ardenti
762 3326 1039 3381 desiderio
1072 3338 1416 3397 expetamus,
1455 3328 1646 3382 isthaac
1672 3330 1950 3397 aspernati
1969 3346 2091 3399 quae

517 3419 677 3473 solidi
721 3419 858 3472 nihil
897 3419 1102 3473 habent
1145 3428 1201 3474 et
1232 3420 1587 3489 perdurantis
1614 3420 1954 3486 substantias,
1994 3438 2091 3491 spe

515 3517 852 3564 :eternorum
880 3524 944 3563 ac
972 3512 1415 3579 permanenlium
1451 3512 1762 3576 exbilarati,
1795 3529 1917 3582 quae
1941 3514 2091 3568 nulla

515 3606 684 3666 queat
714 3599 952 3653 humana
981 3602 1242 3672 cogitatio
1273 3604 1764 3672 comprehendere.
1796 3604 1955 3659 Omni
1993 3606 2094 3659 ita-

518 3703 627 3758 que
659 3691 911 3745 custodia
954 3707 1238 3748 servemus
1279 3711 1394 3759 cor,
1428 3704 1746 3751 constanter
1769 3705 2095 3766 exspectan-

518 3789 602 3836 tes
639 3781 930 3836 Dominum
964 3785 1224 3851 familias,
1258 3803 1457 3857 nempe
1485 3787 1765 3844 Christum
1794 3790 1970 3844 Deum
1996 3806 2090 3843 no-

516 3881 711 3940 strum,
744 3874 839 3944 qui
875 3877 1049 3930 nostri
1083 3893 1246 3932 causa
1269 3893 1481 3948 pauper
1503 3896 1623 3934 esse
1656 3881 1852 3944 voluit,
1882 3896 2092 3950 proque

515 3968 704 4014 nostra
752 3963 999 4017 omnium
1049 3965 1228 4020 salute
1282 3966 1535 4022 humanae
1583 3968 1919 4024 infirmitatis
1959 3971 2093 4024 allii-

515 4050 727 4106 ctiones
759 4053 816 4108 in
846 4069 904 4109 se
935 4057 1166 4126 recepit,
1196 4066 1257 4112 ut
1278 4074 1380 4113 nos
1411 4073 1698 4114 consortes
1728 4061 1956 4116 haberet
1983 4077 2094 4117 sua:

515 4141 1091 4230 incomprehensibilis
1158 4151 1502 4219 opulentiae,
1579 4152 1852 4223 simulque
1909 4153 2094 4209 futura

515 4234 610 4289 illa
656 4244 713 4291 et
755 4237 1021 4294 ineffabili
1069 4241 1242 4311 gloria
1289 4243 1723 4313 perfrueremur.
1786 4244 1960 4310 Quem
2022 4259 2093 4300 ne

521 4324 750 4398 (quaeso)
778 4328 1097 4388 desinamus
1131 4333 1349 4388 sincera
1382 4335 1673 4403 complecti
1706 4336 1999 4400 eharitate,
2031 4344 2092 4390 ut

516 4414 588 4469 ab
626 4415 747 4486 ipso
785 4419 1073 4487 redamati,
1106 4439 1214 4477 una
1247 4439 1372 4479 cum
1417 4440 1483 4479 eo
1521 4427 1752 4494 provehi
1782 4443 2094 4481 mereamur

517 4506 584 4560 ad
614 4507 992 4567 felicissimam
1031 4515 1371 4570 mansionem
1406 4517 1566 4572 nobis
1597 4533 1626 4571 a
1665 4518 1825 4572 Patre
1862 4518 2095 4574 adorna—

2194 3331 2345 3401 Πάσῃ
2389 3328 2482 3384 οὖν
2530 3332 2744 3400 φυλακῇ
2792 3332 3120 3401 τηρήσωμεν
3160 3331 3257 3401 τὴν
3310 3327 3524 3400 καρδίαν,
3564 3334 3666 3386 ne?“

2197 3421 2446 3488 μένοντες
2485 3420 2576 3474 τὸν
2624 3420 3007 3491 οἰκοδεσπότην
3033 3421 3272 3492 Χριστὸν
3313 3420 3394 3472 τὸν
3423 3416 3533 3469 Θεὸν
3559 3407 3668 3478 ἡμῶν

2189 3511 2280 3563 τὸν
2321 3511 2386 3571 δι’
2415 3512 2564 3581 ἡμᾶς
2596 3511 3004 3580 πτωχεύσαντα,
3036 3512 3133 3564 καὶ
3167 3512 3252 3565 διὰ
3274 3511 3367 3580 τὴν
3393 3507 3522 3578 ἡμῶν
3549 3515 3666 3565 σωτη-

2196 3601 2336 3671 ρίαν,
2393 3599 2464 3653 τὰ
2508 3600 2606 3667 τῆς
2656 3600 2939 3666 ἀσθενείας
2991 3602 3161 3673 πάθη,
3204 3603 3281 3665 είς
3326 3597 3492 3652 ἑαυτὸν
3527 3588 3665 3646 ἀναλι-

2191 3691 2386 3745 6όντα·
2449 3691 2538 3745 ἵνα
2589 3694 2734 3762 ἡμᾶς
2791 3692 2886 3746 τοῦ
2951 3692 3184 3746 πλούτου
3255 3689 3407 3747 αὑτοῦ
3455 3679 3664 3741 zonam");

2194 3782 2394 3852 ποιήσῃ
2413 3795 2427 3810 ’
2467 3781 2564 3834 καὶ
2718 3780 3024 3851 μελλούσης
3065 3781 3302 3852 ἀρρήτου
3336 3776 3473 3845 δόξης
3497 3761 3665 3822 ἀπολαῦ-

2196 3890 2306 3936 σαι,
2352 3873 2410 3926 ὃν
2456 3872 2736 3940 φιλοῦντες
2788 3871 2862 3942 μὴ
2908 3873 3282 3943 παυσώμεθα·
3324 3869 3409 3922 καὶ
3437 3860 3661 3934 (primum

2195 3965 2286 4018 ὑπ’
2314 3964 2502 4031 αὑτοῦ,
2545 3964 2970 4034 συνεισέλθωμεν
3007 3964 3086 4028 εἰς
3117 3965 3218 4034 τὴν
3263 3960 3419 4032 μονὴν
3451 3958 3531 4024 τὴν
3560 3944 3661 4014 παρὰ

2192 4055 2271 4126 τῷ
2321 4056 2494 4123 Πατρὶ
2523 4054 2966 4126 ἡτοιμασμένην*
3009 4055 3104 4107 καὶ
3148 4052 3382 4123 ὀψόμεθα
3422 4047 3474 4101 τὸ
3513 4041 3597 4112 ςῶς
3623 4037 3671 4087 ἐν

2193 4125 2271 4216 τῷ
2322 4145 2462 4214 φωτὶ
2514 4125 2703 4198 αὐτοῦ.
2744 4143 2956 4214 Φοόερὰ
3000 4145 3034 4214 ἡ
3081 4143 3261 4214 ἡμέρα
3311 4141 3400 4210 τῆς
3443 4125 3657 4202 παρουσίας

2196 4234 2382 4300 αὐτοῦ,
2435 4233 2642 4303 μεγάλη
2697 4233 2794 4286 καὶ
2834 4232 3104 4302 ἐπιφανὴς
3142 4232 3364 4300 σφόδρα.
3401 4223 3480 4278 Διὸ
3514 4221 3656 4288 ἔχοντες

2195 4327 2293 4388 τὰς
2321 4324 2653 4392 ἐπαγγελίας
2681 4323 2904 4387 ταύτας,
2933 4323 3192 4395 χαρῶμεν
3238 4321 3375 4393 χαρᾷ
3397 4306 3654 4372 ἀνεκλαλήτῳ

2195 4419 2288 4472 καὶ
2349 4415 2736 4489 δεδοξασμένῃ,
2788 4416 3203 4486 ἀποσμήχοντες
3254 4412 3337 4466 ἀεὶ
3398 4406 3481 4476 τὴν
3522 4395 3652 4470 ψυχήν.

2194 4510 2371 4578 Μῆτις
2411 4505 2534 4580 ῥίζα
2581 4507 2808 4576 πικρίας
2839 4507 2949 4562 ἄνω
2984 4505 3193 4574 φύουσα
3224 4500 3422 4571 ἐνοχλῇ,
3452 4495 3527 4549 καὶ
3553 4499 3654 4579 pm:

521 4605 630 4650 tam
673 4611 729 4655 et
759 4601 1112 4670 instructam,
1161 4606 1255 4662 ubi
1303 4607 1361 4662 in
1397 4608 1517 4678 ejus
1545 4609 1754 4665 lumine
1784 4609 2088 4666 videbimus

2198 4599 2363 4652 θῶσιν
2395 4597 2611 4651 πολλοί·
2660 4598 2744 4652 ἵνα
2773 4598 2830 4650 ἐν
2875 4597 2951 4666 τῷ
2982 4594 3349 4666 καθαρωτάτῳ
3388 4585 3655 4678 καὶξαμ

519 4684 730 4743 lumen.
775 4692 1162 4751 Formidabilis
1190 4697 1351 4766 plane
1399 4707 1457 4754 et
1504 4699 1752 4754 horroris
1784 4701 1942 4770 plena
1970 4700 2091 4756 dies

522 4774 792 4832 adventus
818 4781 958 4851 ejus,
991 4784 1112 4840 dies
1143 4801 1334 4857 magna
1359 4800 1415 4842 et
1443 4789 1673 4844 illustris
1701 4789 1878 4855 valde,
1913 4807 2091 4861 eoque

521 4870 914 4937 promissiones
957 4874 1056 4929 has
1093 4879 1187 4945 qui
1232 4877 1461 4932 indubia
1505 4879 1612 4933 fide
1665 4866 1953 4945 tenemus,
2003 4880 2091 4933 in-

518 4959 804 5030 eloquibili
833 4972 889 5018 et
916 4965 1221 5036 glorificato
1245 4968 1447 5037 gaudio
1473 4969 1678 5039 perfusi
1697 4971 2090 5038 jucundcmur,

517 5050 721 5123 jugitcr
773 5056 1158 5130 abstergentes
1216 5068 1532 5114 concretam
1570 5060 1767 5115 anima:
1814 5061 2091 5126 eluviem,

520 5157 699 5213 neque
735 5147 889 5204 radix
913 5151 1302 5207 amaritudinis
1324 5167 1543 5206 sursum
1575 5152 1889 5222 germinans
1919 5154 2093 5207 inter-

523 5236 725 5304 turbet,
744 5249 800 5294 et
827 5241 1190 5312 inquinentur
1221 5242 1401 5309 multi,
1423 5250 1483 5297 ut
1505 5243 1708 5297 nullam
1733 5243 1916 5298 denuo
1939 5257 2091 5298 eam-

524 5323 646 5379 dem
680 5332 1015 5388 contrahens
1044 5334 1313 5389 maculam
1349 5341 1445 5387 aut
1472 5348 1683 5404 rugam,
1707 5332 2094 5402 limpidissimo

526 5429 590 5471 ac
624 5420 1073 5490 splendidissimo
1106 5426 1474 5498 perlustretur
1506 5426 1736 5481 lumine.
1785 5425 1902 5482 Illic
1945 5425 2095 5481 enim

2197 4691 2335 4760 φωτὶ
2383 4689 2670 4760 γενομένη,
2705 4687 2780 4758 μὴ
2827 4687 3027 4759 ἔχουσα
3079 4683 3341 4752 σπῖλον,ῆ
3391 4669 3653 4760 ῥυτίδωίκεέ

2195 4781 2389 4850 δψηται
2442 4779 2540 4849 τὴν
2569 4779 2820 4834 ἅκτιστον
2872 4779 2968 4832 καὶ
3011 4776 3282 4848 μακαρίαν
3325 4771 3468 4842 φύσιν
3493 4758 3654 4850 ἐκείνην.

2197 4842 2332 4925 ὅπου
2361 4873 2390 4925 ὁ
2405 4842 2617 4942 Πατὴρ,
2637 4871 2731 4924 καὶ
2760 4872 2788 4924 ὁ
2810 4871 2958 4934 Υἱὸς,
2978 4842 3072 4923 καὶ
3097 4842 3330 4936 ⁴τδᾶγιον
3348 4859 3549 4928 Πνεῦμα·
3563 4842 3657 4942 W‘

2201 4968 2272 5028 ὼς,
2316 4963 2412 5018 καὶ
2440 4965 2468 5017 ὁ
2509 4940 2848 5027 ’Ᾰ-πόστολος,
2867 4961 3158 5031 Ῥωμαίοις
3187 4952 3503 5012 ἐπιστέλλων,
3529 4940 3652 5038 λέγεξ·

2205 5075 2224 5108 ι
2260 5056 2568 5128 Παρακαλῶ
2601 5051 2693 5109 οὖν
2719 5056 2883 5125 ὑμᾶς,
2931 5055 3168 5124 ἀδελφοὶ,
3196 5052 3280 5104 διὰ
3321 5047 3418 5101 τῶν
3439 5042 3654 5132 οίκξιρίίιιίν

2197 5148 2292 5201 τοῦ
2325 5146 2484 5212 Θεοῦ,
2520 5145 2870 5216 παραστῆσαι
2910 5144 2979 5197 τὰ
3007 5133 3231 5213 σῶματα
3259 5136 3398 5209 ὑμῶν
3427 5127 3578 5184 θυσίαν
3592 5127 3658 5216 (ξων

2201 5257 2323 5307 σαν,
2348 5208 2529 5308 ἁγίαν,
2557 5208 2846 5310 εῦὰρεστον
2868 5237 2945 5308 τῷ
2973 5208 3112 5306 Θεῷ,
3135 5235 3228 5306 τὴν
3253 5226 3454 5299 λογικὴν
3475 5208 3655 5317 λατρω

2201 5333 2390 5404 ὑμῶν’
2424 5331 2623 5402 καὶμὴ
2676 5328 3175 5400 συσχηματίζεσθαι
3223 5323 3296 5394 τῷ
3341 5316 3475 5374 αίῶνι

2389 5385 2873 5494 μεταμορφοῦσδαί
2930 5385 3012 5489 τῇ.
3062 5385 3404 5472 ἀνακαινώσει
3457 5397 3535 5455 τοῦ
3575 5385 3654 5444 νοὸς

600 5550 906 5643 ³⁶ιῙΩΤΙιο58.
937 5572 990 5624 v,
1024 5558 1110 5625 19,
1135 5559 1220 5616 l5.
1298 5561 1340 5592 ⁵⁷
1367 5560 1386 5615 Ι
1417 5559 1557 5616 Tim.
1589 5577 1643 5628 v,
1682 5560 1764 5616 17,
1843 5561 1887 5595 ιο
1919 5560 2078 5617 ηοω.

2190 5572 2225 5628 ι,
2257 5557 2311 5611 2.
2411 5557 2455 5590 δ’
2487 5553 2660 5613 Exod.
2693 5568 2821 5621 χιιι,
2844 5551 2934 5607 28.
3011 5551 3054 5585 ⁸ο
3081 5547 3265 5609 Matth.
3296 5560 3346 5612 ι,
3375 5539 3449 5598 40.
3511 5516 3648 5584 “ibid-

533 5617 621 5685 Η,
647 5621 735 5676 42.
