3918 6106
249 321 383 388 1825

1108 320 1439 381 HOMILIA
1479 320 1735 386 CXXVI.
1763 345 1833 356 ·-
1861 323 1958 383 DE
1998 319 2421 384 V'OCATIONE
2460 323 2610 383 DEI.

3349 324 3488 392 1826

246 440 419 511 ὑμῶν,
466 439 546 502 εἰς
590 439 656 492 τὸ
703 431 1020 505 δοκιμάζειν
1051 431 1219 502 ὑμᾶς,
1257 434 1308 487 τί
1356 435 1418 487 τὸ
1466 434 1674 505 θέλημα
1724 433 1816 488 τοῦ

1921 434 2214 504 perspicue
2243 436 2602 490 contuebitur
2651 435 2867 490 beatam
2923 450 3150 505 prorsus
3194 435 3342 493 illam
3386 455 3490 498 nec

244 529 400 596 Θεοῦ,
434 529 496 583 τὸ
532 528 731 596 ἀγαθὸν
765 526 858 579 καὶ
890 525 1206 595 εὐάρεστον,
1253 525 1348 577 xal
1381 523 1604 580 τέλειον.
1647 543 1666 576 ι
1705 526 1812 578 Kal

245 623 408 676 πάλιν
435 635 448 650 ·
508 638 528 672 ι
577 620 739 687 Ἡμῖν
790 618 898 689 γὰρ
951 619 1298 688 ἀπεκάλυψεν
1335 620 1363 670 ὁ
1409 617 1538 679 Θεὸς
1588 617 1676 670 διὰ
1716 615 1810 669 τοῦ

245 713 564 784 Πνεύματος
591 709 779 764 αὑτοῦ.
831 709 904 760 Τὸ
951 709 1058 779 γάρ
1113 708 1338 776 Πνεῦμα
1367 708 1544 760 πάντα
1591 709 1808 778 ἐρευνᾷ,

245 806 339 859 καὶ
371 805 438 858 τὰ
471 803 606 873 βάθη
638 800 731 854 τοῦ
759 799 915 854 Θεοῦ.
948 799 1044 860 Τίς
1067 799 1175 869 γὰρ
1200 794 1340 851 οἶδεν
1387 796 1710 866 ἀνθρώπων,
1744 796 1812 850 τὰ

241 895 339 949 τοῦ
366 893 675 965 ἀνθρώπου,
707 892 755 944 εἰ
803 892 879 961 μὴ
925 890 984 943 τὸ
1025 890 1242 960 πνεῦμα
1275 889 1370 944 τοῦ
1411 887 1718 960 ἀνθρώπου,
1749 887 1811 940 τὸ

240 987 304 1040 ὃν
331 990 388 1040 ἐν
417 985 602 1054 αὐτῷς
647 981 819 1045 οὕτως
852 983 944 1036 καὶ
973 983 1040 1036 τὰ
1065 982 1158 1036 τοῦ
1191 982 1325 1035 Θεοῦ
1362 981 1536 1044 οὐδεὶς
1573 980 1810 1047 ἔγνωκεν

243 1077 294 1128 εί
326 1075 402 1145 μὴ
429 1075 490 1126 τδ
511 1070 735 1141 Πνεῦμα
763 1070 858 1123 τοῦ
875 1070 1030 1124 Θεοῦ.
1058 1089 1080 1123 ι
1108 1073 1216 1124 Kal
1247 1072 1442 1137 ἐπάγει
1463 1087 1474 1098 ·
1501 1088 1519 1120 ι
1545 1069 1732 1138 Ἡμεῖς
1754 1066 1810 1120 δὲ

243 1166 304 1218 οὐ
334 1156 407 1216 τδ
425 1162 644 1232 πνεῦμα
670 1159 762 1213 τοῦ
793 1159 999 1230 κόσμου
1031 1159 1318 1228 ἐλάϐομεν,
1342 1159 1475 1211 ἀλλά
1503 1158 1565 1209 τὸ
1587 1156 1811 1225 Πνεῦμα

240 1253 304 1307 τὸ
334 1255 398 1306 ἐκ
429 1251 524 1304 τοῦ
549 1249 704 1314 Θεοῦ,
735 1249 822 1302 ἴνα
850 1249 1048 1318 ἴδωμεν
1094 1248 1162 1301 τά
1193 1247 1296 1300 ὑπὸ
1342 1246 1436 1299 τοῦ
1483 1246 1619 1298 Θεοῦ
1650 1262 1808 1314 χαρι-

243 1343 442 1398 σθέντα
492 1344 647 1412 ἡμῖν.
707 1358 727 1392 ι
773 1339 884 1392 Kal
935 1339 1138 1391 ndhv.‘
1177 1355 1196 1390 ι
1243 1339 1306 1391 El
1337 1338 1446 1409 γάρ
1482 1339 1516 1407 ή
1566 1335 1811 1389 διακονία

239 1433 344 1502 τῆς
372 1432 749 1502 κατακρίσεως
797 1428 945 1493 δόξα,
977 1427 1156 1498 πολλῷ
1199 1428 1397 1496 μᾶλλον
1433 1426 1745 1498 περισσεύει
1775 1427 1808 1496 ή

240 1523 485 1578 διακονία
513 1522 614 1591 τῆς
654 1519 1000 1590 δικαιοσύνης
1047 1520 1104 1572 ἐν
1144 1518 1288 1591 δόξῃ.
1342 1519 1450 1572 Kal
1479 1518 1588 1589 γὰρ
1615 1517 1675 1570 οὐ
1721 1516 1808 1570 δε-

242 1615 498 1680 δόξασται
550 1614 611 1666 τὸ
638 1611 1030 1683 δεδοξασμένον
1063 1613 1120 1668 ἐν
1151 1610 1324 1682 τούτῳ
1352 1610 1429 1680 τῷ
1467 1611 1643 1681 μέρει,
1690 1609 1809 1662 ἐνε-

245 1724 341 1759 κεν
367 1706 464 1776 τῆς
485 1702 934 1771 ὑπερϐαλλούσης
955 1702 1139 1772 δόξης.
1166 1703 1228 1756 El
1263 1701 1369 1773 γὰρ
1409 1701 1471 1754 τδ
1501 1697 1810 1770 καταργού-

1921 525 2030 578 ulla
2064 524 2347 578 hominum
2400 524 2670 578 industria
2700 524 3053 579 fabrefactam
3077 535 3355 588 naturam,
3390 529 3488 584 ubi

1918 616 2097 681 Paler,
2129 616 2306 669 Filius
2338 624 2394 668 et
2425 615 2688 683 Spiritus,
2724 615 2884 669 sicuti
2914 614 3176 670 Romanis
3197 617 3492 673 dicitPau-

1921 706 2008 759 lus
2033 721 2131 775 per
2177 705 2461 775 epistolam
2491 723 2502 757 :
2539 725 2557 755 (
2585 705 2825 760 Obsecro
2857 720 2956 759 vos
2984 721 3082 774 per
3111 707 3490 767 miserationes

1917 796 2036 859 Dei,
2094 804 2155 850 ut
2195 795 2507 849 exhibeatis
2534 810 2764 864 corpora
2795 805 2975 850 vestra
3014 796 3251 850 hostiam
3299 799 3492 854 viven-

1918 895 2049 950 tem,
2081 884 2293 956 1234
2333 894 2576 939 sanctam
2604 924 2618 950 ,
2650 885 3102 954 beneplacentem
3154 887 3286 950 Deo,
3325 890 3492 946 ratio-

1916 975 2099 1029 nabile
2150 974 2473 1043 obsequium
2518 982 2788 1039 vestrum,
2839 983 2895 1030 et
2945 975 3116 1030 nolite
3153 977 3489 1034 conformari

1918 1065 2049 1119 huic
2074 1065 2294 1128 saeculo,
2327 1065 2420 1120 sed
2441 1065 2903 1120 transformamini
2937 1067 2993 1120 in
3021 1067 3261 1123 novitate
3296 1085 3493 1126 sensus

1917 1157 2106 1219 vestri,
2140 1164 2201 1209 ut
2247 1156 2489 1224 probetis
2537 1171 2635 1210 vos
2662 1171 2785 1224 quae
2836 1157 2907 1210 sit
2934 1158 3186 1212 voluntas
3218 1159 3314 1213 Dei
3346 1161 3491 1216 bona

1917 1255 1973 1302 et
2004 1247 2370 1315 beneplacens
2397 1255 2453 1301 et
2493 1247 2739 1315 perfecta
2770 1248 2836 1299 ⁵³.
2878 1267 2896 1298 ι
2944 1247 3181 1302 Rursum
3211 1267 3224 1302 :
3266 1269 3284 1300 ι
3319 1250 3491 1306 Nobis

1915 1338 2068 1391 enim
2099 1337 2365 1392 revelavit
2390 1338 2536 1391 Deus
2571 1353 2669 1407 per
2702 1337 2964 1406 Spiritum
2998 1353 3158 1391 suum
3193 1356 3207 1392 :
3249 1338 3490 1410 Spiritus

1916 1430 2066 1484 enim
2099 1429 2280 1484 omnia
2331 1438 2632 1492 scrutatur,
2675 1430 2841 1483 etiam
2887 1430 3157 1498 profunda
3188 1431 3284 1484 Dei
3319 1449 3332 1485 :
3364 1433 3489 1502 quis

1913 1522 2062 1576 enim
2093 1521 2246 1577 novit
2274 1520 2583 1584 hominum,
2608 1535 2730 1590 qua:
2771 1530 2900 1575 sunt
2929 1521 3192 1582 hominis,
3225 1523 3332 1577 nisi
3379 1524 3490 1593 spi-

1916 1615 2080 1678 ritus,
2125 1613 2335 1682 quiest
2370 1613 2425 1666 in
2466 1612 2577 1666 eo?
2622 1612 2702 1666 sic
2743 1620 2798 1666 et
2839 1628 2961 1680 qua:
2989 1622 3118 1666 sunt
3150 1613 3282 1678 Dei,
3327 1630 3490 1670 nemo

1917 1707 2089 1769 novit,
2136 1705 2244 1758 nisi
2290 1703 2528 1773 Spiritus
2557 1703 2651 1771 qui
2687 1711 2772 1756 est
2819 1703 2872 1756 in
2904 1704 3014 1758 Deo
3055 1705 3119 1756 ”.
3168 1723 3186 1754 ›
3225 1704 3486 1760 lnducit:

245 1813 406 1867 μενον
443 1796 531 1848 διὰ
559 1794 736 1866 δόξης,
775 1793 955 1864 πολλῷ
1003 1793 1202 1864 μᾶλλον
1229 1793 1292 1847 τὸ
1325 1793 1486 1863 μένον
1516 1795 1573 1845 ἐν
1599 1791 1747 1864 δόξῃ.
1787 1809 1806 1842 ι

1921 1818 1940 1850 ‹
1980 1798 2090 1851 Nos
2131 1803 2316 1850 autem
2361 1810 2470 1849 non
2508 1793 2763 1862 spiritum
2791 1793 2982 1847 mundi
3024 1794 3358 1864 accepimus,
3391 1795 3526 1865 sed.

242 1885 355 1938 Kal
387 1883 561 1946 ἄλλως
584 1899 598 1914 ·
635 1902 655 1936 ι
695 1881 928 1935 Δικαίων
957 1882 1128 1951 ψυχαὶ
1159 1883 1218 1934 ἐν
1246 1883 1390 1951 χειρὶ
1418 1880 1552 1934 Θεοῦ
1579 1896 1594 1915 ο
1625 1883 1721 1936 καὶ
1747 1881 1808 1934 οὺ

244 1976 320 2046 μὴ
346 1974 548 2045 ἅψηται
588 1971 766 2027 αὐτῶν
796 1973 1025 2042 βάσανος
1051 1990 1066 2005 ο
1099 1972 1148 2025 οί
1186 1973 1241 2026 δέ
1272 1973 1409 2026 εἰσὶν
1443 1973 1502 2025 ἐν
1535 1973 1747 2044 εἰρήνῃ.
1786 1989 1805 2024 ι

239 2065 372 2126 Kal,
414 2082 432 2115 ι
484 2063 546 2116 Ἡ
591 2062 703 2133 ζωὴ
749 2063 927 2116 αὐτῶν
983 2061 1284 2124 ἀθανασίας
1333 2060 1566 2131 πλήρης.
1625 2060 1810 2128 Ὀλίγα

235 2152 348 2223 γὰρ
391 2151 789 2215 παιδευθέντες,
824 2151 1074 2221 μεγάλως
1099 2151 1640 2220 εὐεργετηθήσονται,
1675 2151 1756 2202 ὅτι
1783 2150 1812 2202 ὁ

234 2243 370 2305 Θεὸς
403 2244 696 2312 ἐπείρασεν
723 2241 938 2307 αὐτοὺς,
963 2236 1121 2311 εὗρεν
1150 2243 1346 2306 αὐτοὺς
1379 2241 1559 2308 ἀξίους
1592 2239 1807 2307 ἑαυτοῦ,

238 2333 337 2386 καὶ
365 2332 442 2394 ὡς
469 2332 840 2401 ὁλοκάρπωμα
870 2332 1059 2394 θυσίας
1089 2331 1448 2401 προσεδέξατο
1471 2331 1686 2394 αὐτοὺς,
1716 2333 1811 2384 καὶ

238 2422 301 2476 ἐν
333 2421 510 2492 καιρῷ
546 2421 852 2490 ἐπισκοπῆς
897 2421 1059 2475 αὐτοῦ
1096 2421 1527 2490 ἀναλάμψουσιν.
1568 2439 1587 2472 ι
1627 2422 1738 2474 Kal
1782 2423 1811 2475 ὁ

237 2514 404 2569 Δαυῖδ
425 2527 440 2543 ⁶
485 2530 503 2564 ι
538 2513 648 2581 Τῆς
694 2511 931 2580 ἑσπέρας
959 2509 1345 2581 αὑλισθήσεται
1377 2511 1670 2582 κλαυθμός.
1703 2511 1811 2564 Kal

240 2605 322 2666 τίς
353 2605 414 2656 τὸ
457 2601 639 2674 πρωῒ,
668 2601 1008 2670 ἀγαλλίασις.
1050 2619 1070 2652 ι
1112 2603 1222 2654 Kal
1264 2603 1346 2666 τὸ,
1400 2620 1418 2653 ι
1457 2604 1721 2672 Ἔστησεν
1753 2603 1810 2656 ἐν

241 2692 542 2765 εὐρυχώρῳ
570 2692 696 2754 τοὺς
727 2691 892 2755 πόδας
923 2708 1048 2760 μου.
1087 2710 1107 2744 ›
1141 2693 1248 2744 Kal
1280 2691 1441 2745 πάλιν
1484 2693 1512 2745 ὁ
1551 2692 1810 2744 Ἀπόστο-

240 2784 333 2848 λος
356 2801 372 2818 ο
419 2785 512 2837 «Εἰ
542 2781 636 2840 οὖν
681 2782 1048 2853 συνηγέρθητε
1077 2783 1155 2853 τῷ
1199 2783 1442 2854 Χριστῷ,
1469 2783 1538 2836 τὰ
1571 2783 1683 2837 ἀνω
1711 2784 1810 2854 ζη-

240 2881 406 2943 τεῖτε,
445 2871 508 2930 οῦ
529 2880 557 2930 ό
582 2876 814 2947 Χριστός
843 2877 992 2930 ἐστιν
1021 2877 1078 2930 ἐν
1110 2873 1259 2947 δεξιᾷ
1297 2875 1391 2929 τοῦ
1430 2876 1640 2944 Πατρὸς
1677 2873 1811 2928 καθ-

153 2999 156 3002 ,
242 2968 464 3036 ἦμενος,
495 2968 575 3020 Τὰ
621 2967 735 3022 ἄνω
776 2971 1061 3036 φρονεῖτε,
1096 2967 1171 3038 μὴ
1217 2967 1286 3020 τὰ
1326 2968 1419 3019 ἐπὶ
1462 2967 1560 3036 τῆς
1606 2966 1728 3036 γῆς.
1784 2984 1804 3016 ³

241 3057 352 3110 Kal
383 3058 566 3111 πάλιν·
606 3058 778 3112 «Νυνὶ
801 3057 857 3110 δὲ
890 3057 1340 3128 ἐλευθερωθέντες
1369 3057 1477 3112 ἀπὸ
1500 3057 1598 3128 τῆς
1627 3058 1806 3127 ἀμαρ-

1915 1887 2182 1957 Spiritum
2202 1885 2298 1954 qui
2319 1899 2386 1938 ex
2414 1884 2528 1937 Deo
2556 1891 2660 1947 est,
2692 1891 2753 1936 ut
2785 1882 3022 1936 sciamus
3047 1898 3168 1951 quae
3195 1898 3225 1936 a
3255 1884 3368 1937 Deo
3393 1888 3491 1938 do-

1912 1986 2043 2034 nata
2074 1984 2202 2032 sunt
2243 1975 2404 2031 nobis
2439 1975 2503 2028 ‘l.
2541 1993 2560 2027 ι
2599 1975 2804 2028 lterum
2845 1990 2859 2027 :
2911 1991 2931 2025 (
2979 1973 3036 2028 Si
3069 1973 3215 2028 enim
3249 1975 3490 2029 admini-

1912 2069 2107 2124 stratio
2153 2065 2524 2122 damnationis
2568 2065 2765 2136 gloria,
2830 2064 3005 2118 multo
3044 2067 3216 2134 magis
3243 2065 3489 2121 abundat

1913 2159 2321 2216 administratio
2354 2158 2583 2229 justitia:
2616 2158 2672 2211 in
2711 2157 2926 2227 gloria:
2963 2171 3143 2226 neque
3179 2156 3327 2210 enim
3368 2157 3489 2226 glo-

1912 2252 2186 2306 riﬁcatum
2233 2259 2318 2305 est
2360 2249 2505 2319 quod
2559 2248 2759 2303 claruit
2815 2247 2871 2302 in
2917 2246 3021 2302 hac
3049 2255 3226 2316 parte,
3262 2255 3489 2316 propter

1913 2342 2275 2398 excellentem
2324 2340 2554 2410 gloriam
2603 2356 2617 2392 :
2661 2337 2708 2392 si
2755 2336 2902 2392 enim
2961 2336 3109 2407 quod
3159 2345 3485 2400 evacuatur,

1914 2449 2013 2503 per
2047 2432 2277 2502 gloriam
2323 2438 2428 2495 est,
2471 2429 2645 2483 multo
2674 2429 2850 2498 magis
2875 2427 3021 2496 quod
3064 2435 3250 2481 manet
3278 2427 3334 2480 in
3367 2425 3487 2496 glo-

1913 2524 1996 2578 ria
2026 2530 2110 2577 est
2142 2523 2208 2575 ⁸⁵.
2240 2540 2257 2572 ι
2283 2520 2440 2575 Alius
2470 2519 2599 2573 item
2630 2534 2644 2571 :
2685 2535 2703 2568 ι
2737 2517 3015 2572 Justorum
3051 2516 3245 2569 animae
3273 2514 3328 2568 in
3363 2529 3484 2568 ma-

1912 2630 1988 2668 nu
2026 2613 2122 2667 Dei
2169 2618 2318 2675 sunt,
2365 2624 2469 2664 nec
2523 2607 2820 2678 aliquando
2852 2615 3034 2676 tanget
3084 2605 3208 2660 illos
3243 2613 3489 2660 tormen-

1915 2712 2052 2768 tum,
2089 2702 2166 2756 illi
2209 2709 2392 2754 autcm
2427 2707 2555 2754 sunt
2594 2699 2650 2752 in
2693 2713 2826 2767 pace
2857 2699 2918 2751 “.
2961 2716 2980 2748 ι
3015 2697 3120 2751 Et:
3164 2715 3182 2748 ‹
3217 2695 3356 2766 Spes
3395 2711 3490 2752 eo-

1913 2809 2036 2848 rum
2060 2792 2472 2846 immortalitate
2501 2791 2662 2859 plena
2688 2805 2702 2842 :
2733 2790 2788 2842 in
2813 2789 3001 2858 paucis
3028 2789 3232 2852 vexati,
3269 2789 3326 2842 in
3348 2793 3491 2842 mul-

1915 2884 1986 2938 tis
2017 2883 2158 2938 bene
2193 2883 2590 2952 disponentur,
2625 2880 2753 2950 quia
2811 2881 2955 2935 Deus
3001 2881 3231 2935 tentavit
3289 2895 3385 2936 eos
3432 2888 3490 2936 et

1917 2973 2132 3027 invenit
2171 2972 2296 3026 illos
2339 2972 2536 3041 dignos
2565 2985 2645 3035 se,
2677 2979 2734 3024 et
2762 2970 2918 3040 quasi
2960 2969 3344 3025 holocaustum
3384 2970 3487 3026 b0-

1914 3064 2032 3119 stize
2060 3063 2274 3130 accepit
2292 3061 2434 3124 illos,
2456 3061 2588 3115 etin
2613 3069 2857 3128 tempore
2883 3059 3221 3116 visitationis
3242 3061 3488 3131 ipsorum

240 3149 384 3213 τίας,
434 3149 791 3212 δουλωθέντες
841 3149 898 3202 δὲ
938 3149 1018 3220 τῷ
1065 3125 1204 3219 Θεῷ,
1247 3149 1396 3218 ἔχετε
1450 3125 1564 3202 τὸν⁷
1601 3125 1812 3220 καρπὸν

1917 3125 2363 3222 resplendescent
2395 3153 2461 3203 ⁸⁷.
2493 3170 2512 3201 ι
2540 3150 2708 3205 David
2725 3125 2954 3221 quoque
2993 3167 3006 3204 :
3046 3169 3064 3201 ‹
3087 3151 3168 3206 Ad
3197 3125 3489 3221 vesperum

243 3240 400 3310 ὑμῶν
445 3242 526 3303 είς
571 3240 862 3310 ἁγιασμόν.
913 3241 988 3293 Τὸ
1027 3239 1086 3292 δὲ
1136 3240 1308 3305 τέλος,
1359 3238 1472 3310 ζωὴ
1500 3239 1713 3303 αἰώνιος
1755 3241 1814 3293 ἐν

239 3329 465 3402 Χριστῷ
515 3330 686 3401 Ἰησοῦ
729 3331 806 3401 τῷ
837 3332 1028 3402 Κυρίῳ
1072 3329 1252 3400 ήμῶν.
1302 3348 1320 3380 ›
1383 3330 1439 3381 '0
1486 3328 1544 3381 δὲ
1588 3329 1812 3401 Κύριος,

245 3440 270 3474 ο
318 3425 604 3477 Ἔστωσαν
646 3426 700 3477 αἱ
743 3424 940 3492 ὀσφύες
983 3425 1162 3494 ὑμῶν,
1203 3425 1389 3494 φησιν,
1442 3426 1812 3495 περιεζωσμέο

239 3529 350 3579 ναι,
381 3515 479 3567 καὶ⁸
518 3515 566 3564 oi
609 3512 794 3582 λύχνοι
825 3512 1127 3583 καιόμενοι,
1167 3515 1262 3567 κα)⁸
1307 3514 1465 3583 ὑμεῖς
1501 3515 1678 3582 ὅμοιοι
1720 3515 1812 3566 άν-

239 3604 486 3675 θρώποις
530 3603 983 3674 προσδεχομένοις
1023 3605 1116 3658 τὸν
1164 3603 1354 3675 κύριον
1397 3604 1644 3669 ἑαυτῶν,
1683 3605 1814 3657 πότε

238 3693 502 3746 ἀναλύσει
555 3693 621 3745 ἐκ
663 3692 774 3745 τῶν
820 3697 1047 3764 γάμων·
1087 3693 1174 3746 ἵνα
1217 3695 1482 3758 ἐλθόντος,
1530 3695 1626 3748 κα)⁸
1654 3694 1817 3766 κρού-

241 3786 457 3849 σαντος,
510 3784 710 3848 εὐθέως
762 3784 1049 3850 ἀνοίξωσιν
1099 3786 1266 3856 αὐτῷ.
1333 3805 1352 3838 ι
1411 3786 1523 3840 Kal
1579 3787 1807 3854 ἐπάγειο

243 3893 264 3928 ι
298 3875 578 3946 Μακάριοι
633 3875 682 3928 οί
729 3875 908 3929 δοῦλοι
938 3877 1152 3943 ἐκεῖνοι,
1199 3878 1292 3942 οὓς
1328 3879 1497 3932 ἐλθὼν
1537 3880 1566 3932 ό
1610 3881 1813 3952 Κύριος

239 3968 470 4038 εὑρήσει
511 3967 936 4037 γρηγοροῦντας.
981 3969 1154 4040 ’Δμὴν
1183 3969 1323 4038 λέγω
1367 3971 1513 4041 ὑμῖν,
1547 3973 1628 4025 ὃτι
1664 3989 1814 4042 περι-

239 4058 504 4123 ζώσεται,
544 4061 638 4110 καὶ
683 4059 960 4112 ἀνακλινεῖ
1001 4061 1216 4126 αὐτοὺς,
1244 4062 1338 4114 καὶ
1378 4061 1660 4132 παρελθὼν
1697 4063 1813 4116 δια-

240 4151 473 4220 κονήσει
511 4150 716 4214 αὐτοῖς.
771 4169 790 4202 ι
843 4151 1002 4223 Αὐτῷ
1050 4153 1084 4221 ή
1131 4151 1259 4217 δόξα
1305 4155 1384 4216 είς
1410 4155 1536 4216 τοὺς
1585 4153 1808 4217 αἰῶνας.

251 4241 447 4311 Ἀμήν.
1005 4243 1008 4245 ’

1911 3245 2290 3299 demorabitur
2337 3242 2520 3307 ﬂetus,
2550 3251 2606 3297 et
2652 3243 2718 3297 ad
2762 3243 3094 3298 matutinum
3126 3243 3318 3298 laetitia
3352 3240 3420 3299 ⁸⁸.
3460 3261 3482 3296 ι

1911 3335 1980 3388 Et
2010 3335 2145 3388 illud
2171 3351 2184 3387 :
2217 3353 2233 3385 ι
2261 3333 2514 3388 Statuisti
2535 3332 2590 3385 in
2615 3333 2736 3387 loco
2762 3335 3004 3402 spatioso
3027 3332 3197 3401 pedes
3213 3347 3364 3386 meos
3382 3333 3481 3387 ⁸⁸.»

1909 3424 2114 3479 lterum
2137 3433 2194 3478 et
2216 3423 2508 3492 Apostolus
2534 3438 2548 3475 :
2582 3441 2601 3472 ‹
2629 3421 2682 3475 Si
2713 3423 2880 3491 igitur
2902 3423 3329 3477 consurrexistis
3360 3438 3486 3477 cum

1909 3515 2150 3579 Christo,
2193 3528 2315 3582 qua:
2361 3527 2581 3566 sursum
2629 3521 2758 3566 sunt
2801 3515 3058 3582 quaerite,
3099 3513 3197 3567 ubi
3229 3511 3487 3569 Christus

1913 3612 1998 3659 est
2031 3603 2088 3656 in
2119 3601 2342 3656 dextera
2385 3600 2481 3654 Dei
2511 3598 2710 3654 sedens
2744 3618 2756 3652 :
2793 3615 2917 3668 quae
2966 3614 3188 3654 sursum
3236 3610 3365 3654 sunt
3396 3614 3488 3653 sa-

1913 3694 2051 3764 pite,
2083 3708 2195 3746 non
2226 3706 2347 3761 quae
2373 3707 2539 3764 super
2573 3698 2775 3744 terram
2813 3690 2878 3742 τ’.
2916 3709 2936 3742 ›
2969 3690 3184 3745 Rursus
3213 3708 3225 3743 :
3270 3709 3289 3740 ι
3331 3690 3489 3744 Nunc

1921 3792 2105 3839 autem
2139 3782 2358 3838 liberati
2388 3797 2416 3835 a
2444 3791 2689 3851 peccato,
2709 3780 2852 3835 servi
2888 3781 3016 3835 facti
3039 3780 3281 3846 Christo,
3311 3779 3485 3834 habe—

1921 3875 1993 3930 tis
2018 3875 2256 3929 fructum
2283 3883 2528 3928 vestrum
2551 3873 2604 3927 in
2629 3871 3142 3936 sanctiﬁcationem,
3163 3870 3325 3925 ﬁnem
3351 3886 3486 3926 vero

1917 3965 2089 4020 vitam
2115 3974 2374 4019 aeternam
2402 3963 2457 4017 in
2491 3963 2709 4017 Christo
2731 3963 2858 4018 Jesu
2894 3961 3124 4016 Domino
3156 3969 3348 4016 nostro
3379 3962 3476 4017 τί.»

1915 4054 2181 4108 Dominus
2229 4052 2408 4106 item:
2453 4069 2471 4101 ι
2513 4050 2634 4105 Sint
2667 4051 2838 4104 lumbi
2887 4050 3057 4104 vestri
3105 4049 3384 4119 precincti
3429 4057 3486 4105 et

1916 4145 2155 4198 lucerna:
2205 4143 2486 4206 ardentes,
2534 4149 2591 4196 et
2640 4156 2740 4196 vos
2775 4141 2986 4195 similes
3033 4139 3356 4194 hominibus
3389 4155 3488 4194 ex-

1917 4232 2292 4302 spectantibus
2320 4213 2606 4285 dominuin
2657 4245 2839 4295 suum,
2869 4228 3092 4298 quando
3117 4237 3429 4283 revertatur
3455 4246 3486 4283 a

237 4333 472 4403 nuptiis,
535 4342 598 4389 ut
633 4350 759 4390 cum
800 4335 1015 4392 venerit
1069 4344 1127 4390 et
1177 4337 1512 4407 pulsaverit,
1583 4339 1837 4408 aperiant
1871 4339 1923 4393 ei
1948 4341 2014 4392 ⁷⁸.
2053 4359 2071 4391 ›
2105 4338 2320 4393 lnducit
2347 4355 2361 4391 :
2391 4357 2409 4388 ι
2438 4336 2587 4391 Beati
2615 4337 2760 4391 servi
2788 4336 2865 4390 illi
2899 4351 3038 4405 quos
3092 4352 3218 4392 cum
3275 4336 3488 4391 venerit

236 4429 538 4496 dominus,
578 4429 851 4486 invenerit
898 4430 1206 4501 vigilantes.
1257 4432 1429 4486 Amen
1493 4432 1617 4488 dico
1657 4432 1836 4499 vobis,
1875 4432 2021 4502 quod
2061 4431 2452 4501 circumcinget
2484 4445 2543 4484 se
2576 4438 2631 4484 ct
2665 4429 3012 4484 discumbere
3077 4442 3172 4483 eos
3209 4427 3404 4492 faciet,
3428 4437 3486 4482 et

239 4524 518 4579 transiens
544 4523 880 4579 ministrabit
911 4525 1020 4578 illis
1042 4525 1110 4579 ⁷³.
1140 4543 1162 4574 ›
1183 4523 1289 4595 Ipsi
1320 4524 1492 4596 gloria
1519 4526 1574 4580 in
1593 4525 1808 4582 saecula.
1843 4526 2040 4580 Amen.

803 4636 1026 4689 ΛΟΓΟΣ
1063 4638 1254 4705 Ρκςν.

695 4745 833 4814 Περὶ
873 4746 1150 4814 κλήσεως
1187 4748 1357 4805 Θεοῦ.

306 4858 416 4914 Τοῦ
440 4857 650 4928 Κυρίου
672 4857 766 4912 καὶ
792 4857 926 4911 Θεοῦ
945 4858 1233 4924 καλοῦντος
1261 4860 1428 4930 ἡμᾶς,
1449 4859 1537 4914 διά
1554 4877 1612 4913 τε
1644 4859 1808 4930 νόμου

236 4951 330 5004 καὶ
361 4948 682 5022 προφητῶν,
713 4951 810 5002 καὶ
857 4950 1194 5015 ἀποστόλων,
1236 4951 1330 5004 καὶ
1379 4951 1803 5020 εὐαγγελισιῶν,

237 5039 441 5109 μᾶλλον
499 5038 555 5092 δὲ
597 5038 692 5092 καὶ
743 5039 1211 5112 παρακαλοῦντος,
1249 5040 1310 5093 οὐ
1372 5041 1589 5111 θεμιτὸν
1635 5041 1804 5110 ἡμᾶς,

233 5130 327 5183 διὰ
361 5130 638 5201 ῥᾳθυμίας
665 5131 760 5184 καὶ
789 5133 1112 5203 χαυνότητος
1139 5133 1498 5202 καταφρονεῖν
1535 5131 1633 5200 τῆς
1660 5133 1808 5184 ἐντο-

235 5214 337 5284 λῆς
371 5215 558 5280 αὑτοῦ,
587 5216 684 5270 καὶ
711 5218 932 5287 ἀμελεῖν
977 5220 1072 5290 τῆς
1113 5221 1320 5275 ἑαυτῶν
1360 5221 1652 5290 σωτηρίας.
1689 5220 1809 5274 Ἵνα

239 5305 319 5376 μὴ
349 5305 439 5359 διὰ
473 5307 574 5377 τῆς
623 5307 952 5379 βραδυτῆτος
992 5309 1438 5381 ἀποκλεισθῶμεν
1464 5310 1559 5364 τοῦ
1585 5311 1809 5381 νυμφῶ-

235 5409 350 5458 νος,
383 5398 480 5448 καὶ
518 5397 870 5468 στερηθῶμεν
897 5397 990 5452 τοῦ
1029 5397 1366 5470 ποθουμένου
1409 5399 1641 5470 νυμφίου
1667 5415 1681 5428 ·
1715 5403 1807 5455 καὶ

215 5586 220 5592 ,
249 5599 273 5606 Α
313 5526 678 5606 "_Rom._in,
717 5530 768 5597 Ι,
802 5533 859 5587 2.
936 5535 1027 5606 {’1
1061 5534 1186 5590 Cor.
1214 5551 1270 5600 η,
1314 5537 1401 5600 lo,
1439 5535 1524 5590 ll.
1576 5534 1652 5606 g“,
1680 5535 1816 5592 ibid.

1917 5542 1944 5591 ε.
2022 5539 2067 5570 ⁸⁵
2097 5539 2138 5592 ll
2164 5538 2396 5602 Cor.m,
2429 5536 2586 5590 9-H.
2662 5536 2856 5606 “Sap

241 5599 311 5674 ρ.
371 5596 419 5630 ⁸⁸
453 5599 594 5655 Psal.
620 5596 767 5670 χχιχ,
798 5611 852 5660 6.
928 5605 972 5637 ⁶⁹
1003 5606 1143 5660 Psal.
1176 5596 1300 5672 xvii,
1345 5596 1403 5661 9.
1497 5606 1539 5638 ⁷ο
1563 5603 1773 5665 Coloss.
1811 5623 1825 5662 ι

1922 5608 1971 5674 l,
2010 5609 2064 5662 2.
2143 5610 2186 5638 ‘“
2224 5596 2481 5673 Rom.'vl,
2515 5607 2603 5660 22.
2640 5609 2685 5644 τ’
2714 5596 2846 5664 ιιιό.
2875 5596 3089 5674 ιιι,’55,
3121 5606 3208 5661 56.
3284 5605 3328 5636 "
3348 5604 3482 5660 ibid.

239 5667 333 5726 37.

1838 4623 1893 4682 D

2291 4633 2501 4704 1235
2538 4631 2822 4688 HOMILIA
2863 4629 3101 4687 CXXVI.

2441 4745 2518 4799 De
2546 4746 2815 4800 vocatione
2842 4745 2958 4801 Dei.

2007 4859 2273 4914 Dominus
2304 4874 2368 4914 ac
2405 4860 2552 4914 Deus
2591 4867 2780 4913 noster
2803 4875 2927 4914 cum
2965 4875 3068 4920 nos
3089 4860 3158 4916 ad
3199 4876 3260 4916 se
3290 4861 3488 4917 invitet

1917 4967 2020 5022 per
2044 4952 2246 5022 legem,
2281 4966 2380 5020 per
2423 4952 2745 5022 prophetas,
2783 4967 2882 5022 per
2919 4952 3197 5021 apostolos
3230 4960 3286 5005 et
3319 4967 3486 5006 evan-

1915 5039 2142 5110 gelistas
2176 5039 2458 5110 (obsecrat
2491 5042 2680 5096 verius
2709 5050 2760 5096 et
2791 5039 3090 5110 hortatur),
3128 5055 3289 5108 quam
3329 5039 3487 5094 nefa-

1915 5132 2061 5186 rium
2109 5147 2173 5186 ac
2208 5131 2494 5202 piaculare
2538 5133 2727 5198 fuerit,
2763 5147 2862 5186 nos
2893 5129 3254 5198 contemptim
3307 5139 3489 5185 trans-

1916 5225 2138 5279 mittere
2169 5223 2464 5294 imperium
2496 5223 2726 5278 Domini
2755 5229 2864 5274 lam
2903 5219 3210 5285 clementis,
3249 5229 3360 5274 tam
3388 5219 3489 5274 be-

1914 5313 2094 5384 nigni,
2137 5329 2324 5368 crassa
2358 5313 2594 5382 quadam
2655 5310 2930 5373 socordia,
2966 5309 3134 5363 animi
3179 5310 3393 5364 lentorc
3424 5324 3489 5365 ac

1916 5403 2182 5460 mollitie?
2208 5405 2341 5459 Tam
2367 5404 2564 5473 supine
2593 5410 2649 5458 et
2679 5401 2981 5458 oscitanter
3008 5402 3291 5473 prOpriam
3329 5402 3486 5459 nihili

2865 5579 2876 5591 .
2917 5551 2999 5600 lli,
3036 5535 3085 5589 i.
3162 5535 3207 5566 ⁸⁷
3242 5534 3373 5589 ibid.
3421 5534 3489 5587 4-
