3918 6106
282 314 425 381 1829

840 430 1064 494 ΔΘῘὋΣ
1099 437 1275 492 ΡΚΖ’.

719 550 859 622 Περὶ
890 552 1078 640 φόϐου
1104 551 1210 605 τοῦ
1245 548 1414 607 Θεοῦ.

363 668 423 723 '0
455 667 597 739 Ξχων
624 666 717 721 τὸν
758 664 922 736 φόϐον
953 665 1051 720 τοῦ
1084 664 1221 720 Θεοῦ
1265 666 1325 719 ἓν
1362 664 1617 736 ἀληθείᾳ,
1650 664 1853 737 ῥᾳδίως

283 761 502 834 ἔρχεται
527 760 607 822 εἰς
632 759 731 828 τὴν
770 757 981 812 τελείαν
1008 759 1228 827 ἀγάπην
1260 756 1355 809 τοῦ
1396 755 1553 823 Θεοῦ,
1591 754 1684 810 καὶ
1709 755 1849 825 γίνεο

277 870 368 906 ται
402 851 654 923 μαθητὴς
697 851 791 904 καὶ
833 848 984 918 φίλος
1017 844 1111 903 τοῦ
1156 847 1416 920 Χριστοῦ.
1455 866 1476 900 ι
1506 846 1694 919 Ὑμεῖς
1720 847 1848 918 γὰρ,

279 945 465 1015 φησὶν,
507 940 851 1011 πεφιλήκατέ
887 958 975 1011 με.
1002 959 1021 993 ι
1058 940 1166 994 Καὶ
1186 943 1216 994 ό
1238 941 1479 1004 τοιοῦτος
1506 941 1606 1012 τὴν
1628 942 1852 1009 ἁγνείαν

278 1032 650 1103 ἑγκομϐοῦται
690 1033 749 1085 ὲν
780 1031 856 1102 τῷ
888 1031 1045 1103 μέρει
1076 1029 1272 1101 τούτῳ,
1306 1033 1406 1093 τάς
1432 1048 1491 1084 τε
1514 1029 1609 1084 τοῦ
1644 1033 1849 1100 κόσμου

278 1122 574 1194 μερίμνας,
592 1122 686 1175 καὶ
704 1123 938 1187 ἀπάτας,
968 1121 1064 1176 καὶ
1083 1121 1297 1191 ἡδονὰς,
1325 1121 1422 1175 καὶ
1435 1122 1743 1192 κραιπάλας
1760 1121 1851 1174 καὶ

280 1215 480 1287 μέθας,
514 1216 608 1268 καὶ
636 1213 925 1285 συγχύσεις
955 1212 1293 1277 Βαϐυλῶνος,
1313 1216 1408 1266 καὶ
1437 1213 1614 1268 πάντα
1633 1213 1700 1266 τά
1718 1213 1849 1282 βιω-

273 1306 403 1360 τικά
438 1307 733 1377 ἠρνήσατο,
779 1307 872 1359 καὶ
905 1304 1213 1370 ἀπετάξατο
1258 1304 1337 1376 τῷ
1397 1305 1587 1376 κόσμῳ
1617 1306 1709 1358 καὶ
1737 1308 1848 1368 τοῖς

272 1395 369 1449 τοῦ
402 1396 609 1466 κόσμου
636 1394 873 1458 δικτύοις
911 1395 1008 1448 καὶ
1044 1395 1390 1465 συμπλοκαῖς
1419 1396 1451 1465 ἢ
1484 1394 1703 1462 παγίσι,
1753 1398 1846 1448 καὶ

274 1488 370 1541 ἐπὶ
397 1489 501 1557 γῆς
531 1486 766 1556 βαδίζων
789 1482 850 1540 τὸ
878 1487 1182 1557 πολίτευμα
1205 1489 1262 1539 ἐν
1290 1487 1537 1556 οὐρανοῖς
1565 1488 1848 1556 ἠγάπησεν

271 1577 439 1647 ἔχειν.
470 1576 589 1631 Τῶν
635 1578 743 1646 γὰρ
786 1576 1114 1648 κρειττόνων
1154 1576 1502 1645 ὀρεγόμενος.
1533 1575 1613 1647 τῷ
1659 1574 1847 1645 κόσμῳ

270 1662 599 1734 ἀπετάξατο,
632 1669 718 1721 ἵνα
769 1667 909 1740 ζήσῃ
949 1666 1064 1738 βίον
1106 1667 1270 1730 θεῖον,
1306 1667 1576 1738 οὐράνιον,
1624 1666 1845 1734 ἀγγελι⁹

1215 305 1546 368 ΗΟΜΙῙᾸᾹ
1582 300 1865 367 CXXVII.
1893 302 2081 366 -ΒΕ
2115 304 2407 368 ΤΙΗΟΗΕ
2446 307 2599 369 DEI.

1878 418 1926 475 Δ

271 1760 390 1822 κὸν,
418 1760 479 1814 ὲν
504 1754 773 1831 θρησκείᾳ
814 1759 1033 1830 καθαρᾷ
1071 1760 1164 1813 καὶ⁸
1192 1757 1443 1829 ἀμιάντῳ
1475 1758 1569 1811 καὶ
1591 1758 1743 1829 ἁγίᾳ,
1776 1760 1838 1811 ὲν
1868 1748 1911 1802 Β

270 1844 552 1920 Πνεύματι
584 1850 748 1904 Θεοῦο
780 1850 907 1921 Θεῷ
962 1849 1242 1921 λατρεύων
1288 1849 1368 1919 τῷ
1417 1851 1837 1919 παντοκράτορι,

267 1941 359 1995 διὰ
389 1942 487 2012 τὴν
522 1940 809 2012 βασιλείαν
841 1940 948 1995 τῶν
975 1939 1243 2011 οὐρανῶν,
1272 1939 1342 1993 δι’
1374 1940 1442 2010 ἣν
1488 1936 1582 1993 καὶ
1609 1936 1842 1993 ἀπέθετο

266 2031 366 2102 τὴν
412 2030 505 2084 τοῦ
555 2031 764 2102 κόσμου
806 2031 1083 2101 φροντίδα.
1135 2029 1445 2105 «Φοϐήθητι
1484 2032 1616 2100 γὰρ,
1648 2030 1837 2099 φησὶν,

266 2122 359 2176 τόν
397 2122 620 2194 Κύριον,
651 2124 746 2176 καὶ
785 2122 1028 2190 φύλασσε
1066 2122 1166 2185 τὰς
1197 2122 1417 2183 ὲντόλας
1463 2116 1647 2175 αὑτοῦ.
1675 2139 1694 2172 ι
1731 2122 1839 2173 Φυ-

266 2211 483 2267 λάσσων
535 2213 590 2265 δὲ
641 2212 739 2277 τὰς
785 2213 1005 2277 ἐντολὰς
1043 2213 1140 2266 τοῦ
1202 2212 1360 2277 Θεοῦ,
1392 2212 1494 2285 ἔσῃ
1532 2211 1754 2275 δυνατὸς
1780 2213 1838 2264 ἐν

265 2304 420 2377 πάσῃ
448 2302 666 2372 πράξει.
708 2304 817 2358 Καὶ
851 2306 883 2374 ἡ
922 2303 1120 2375 πρᾶξίς
1154 2321 1249 2357 σου
1296 2303 1629 2375 ἀσύγκριτος
1658 2302 1835 2357 ἔσται.

232 2393 605 2464 ,Φοϐούμενος
654 2395 764 2467 γάρ
796 2394 888 2449 τὸν
918 2395 1146 2465 Κύριον,
1174 2395 1355 2449 πάντα
1382 2395 1562 2459 καλῶς
1606 2396 1840 2466 ἐργάσῃ.

267 2478 437 2548 Οὗτός
470 2486 618 2539 ἐστιν
655 2487 684 2538 ό
727 2485 912 2553 φόϐος,
948 2484 1006 2537 δν
1037 2485 1119 2539 δεῖ
1162 2503 1222 2538 σε
1254 2484 1579 2557 φοϐηθῆναι,
1610 2486 1705 2539 καὶ
1735 2502 1840 2538 σω-

270 2576 434 2648 θήσῃ.
469 2574 572 2630 Τὸν
598 2575 655 2628 δὲ
682 2575 1030 2647 διάϐολονομὴ
1059 2576 1304 2647 φοϐηθῇς
1324 2591 1338 2606 ο
1366 2574 1702 2647 φοϐούμενος
1733 2577 1840 2648 γὰρ

266 2666 362 2721 τὸν
386 2666 609 2739 Κύριον,
638 2668 1091 2737 κατακυριεύσεις
1111 2669 1205 2722 τοῦ
1227 2668 1496 2731 διαϐόλου,
1514 2670 1598 2723 ὅτι
1611 2667 1841 2739 δύναμις

268 2758 372 2813 οῦκ
403 2759 549 2812 ἐστιν
582 2760 639 2813 ὲν
660 2759 829 2831 αὐτῷ.
874 2761 961 2816 Ἐν
985 2751 1030 2828 ᾧ
1058 2760 1112 2812 δὲ
1136 2759 1362 2831 δύναμις
1389 2761 1489 2814 οὐκ
1521 2761 1688 2823 ἐστιν,
1720 2760 1840 2814 οὐδὲ

268 2849 436 2917 φόϐος
457 2865 474 2882 ο
502 2853 558 2903 ἐν
638 2851 912 2922 ήδύναμις
927 2855 960 2922 ἠ
984 2848 1214 2919 ἔνδοξος,
1235 2853 1328 2905 καὶ
1354 2853 1383 2905 ό
1405 2852 1566 2921 φόϐος
1587 2855 1643 2905 ὲν
1668 2851 1836 2922 αὐτῷ.

268 2936 388 3005 Πᾶς
432 2941 541 3011 γὰρ
576 2943 605 2994 ὁ
632 2943 860 3014 δύναμιν
884 2944 1048 3015 ἔχων,
1094 2945 1190 2998 καὶ
1223 2943 1386 3013 φόϐον
1411 2944 1546 3014 ἔχει.
1588 2944 1645 2999 Ὀ
1673 2943 1732 2997 δὲ
1766 2944 1840 3015 μὴ

268 3031 410 3104 ἔχων
441 3033 692 3105 δύναμιν,
721 3034 825 3088 ὑπὸ
848 3035 1067 3090 πάντων
1101 3038 1541 3107 καταφρονεῖται.
1570 3033 1839 3129 Φοϐήθητι
1865 3073 1909 3129 C

266 3123 325 3178 δὲ
350 3124 423 3178 τὰ
460 3124 596 3195 ἔργα
625 3125 720 3180 τοῦ
742 3126 1017 3191 διαϐόλου,
1049 3128 1133 3181 ὅτι
1166 3127 1382 3198 πονηρά
1407 3128 1535 3183 είσι.
1566 3124 1838 3197 Φοϐούμε-

266 3232 360 3281 νος
388 3216 445 3270 δὲ
474 3218 565 3271 τὸν
598 3218 822 3291 Κύριον,
853 3220 916 3274 οὐ
942 3216 1231 3292 φοϐηθήσῃ
1253 3221 1321 3274 τά
1347 3219 1486 3290 ἔργα
1518 3218 1614 3273 τοῦ
1646 3220 1838 3275 διαϐό-

266 3309 385 3374 λου,
419 3309 513 3364 καὶ
541 3310 640 3363 οὐκ
673 3311 882 3382 ἐργάσῃ
915 3312 1080 3366 αὐτά·
1111 3309 1256 3365 ἀλλὰ
1292 3308 1467 3383 φεύξῃ
1509 3310 1604 3365 ἀπ’
1635 3310 1838 3365 αὐτῶν.

264 3401 454 3455 Δισσο¹ί⁷
501 3400 595 3456 οὖν
634 3403 773 3457 εἰσιν
821 3404 871 3457 oi
902 3402 1083 3473 φόϐοι.
1129 3405 1190 3457 Ei
1238 3403 1298 3456 οὐ
1330 3400 1491 3475 θέλῃς
1521 3402 1582 3456 τὸ
1608 3403 1841 3473 πονηρὸν

265 3492 623 3561 ἐργάζεσθαι,
665 3492 933 3564 φοϐήθητι
975 3495 1067 3548 τὸν
1116 3493 1344 3563 Κύριον,
1387 3493 1482 3546 καὶ
1508 3493 1608 3547 οὐκ
1632 3493 1841 3564 ἐργάζῃ

265 3581 423 3638 αὐτό.
464 3582 591 3636 Ἐὰν
619 3582 678 3636 δὲ
722 3582 883 3655 θέλῃς
924 3583 1088 3638 πάλιν
1136 3584 1197 3639 τὸ
1239 3584 1448 3651 ἀγαθὸν
1480 3584 1839 3654 ἐργάσασθαι,

266 3673 542 3747 φοϐήθητι
571 3673 665 3731 τὴν
688 3674 918 3745 Κύριον,
950 3675 1045 3729 καὶ
1072 3673 1284 3748 ἐργάζῃ
1323 3676 1475 3731 αὑτό.
1505 3674 1667 3729 Ὥστε
1695 3678 1723 3729 ό
1743 3676 1840 3745 φό-

266 3764 364 3827 ϐος
392 3761 490 3817 τοῦ
516 3762 727 3834 Κυρίου
769 3762 1117 3837 ίσχυρότερός
1161 3767 1302 3831 ἐστι,
1340 3769 1436 3822 καὶ
1465 3768 1694 3835 ἔνδοξος.
1732 3769 1841 3824 Καὶ

265 3856 384 3910 ὅσοι
412 3853 483 3908 ἂν
510 3853 820 3924 φοϐηθῶσιν
851 3857 1020 3911 αὐτὸν
1060 3857 1154 3910 καὶ
1188 3860 1464 3930 τηρήσωσι
1497 3857 1595 3921 τὰς
1621 3858 1842 3923 ἐντολὰς

267 3945 466 4009 αὑτοῦ,
486 3944 741 4015 ζήσονται
774 3945 851 4016 τῷ
882 3946 1024 4019 Θεῷ.
1057 3946 1209 4001 Ἐπεὶ
1238 3949 1332 4001 καὶ
1355 3950 1505 4002 πᾶσα
1528 3942 1704 4012 κτίσιῖς
1750 3967 1873 4017 φο·-

267 4038 451 4092 ϐεῖται
472 4038 655 4101 αὑτὸν,
681 4038 779 4102 τὰς
805 4038 863 4092 δὲ
892 4038 1109 4103 ἐντολάς
1130 4038 1297 4095 αὐτοῦ
1327 4042 1395 4095 ού
1414 4041 1698 4111 φυλάσσει.
1714 4041 1842 4095 Τῶν

265 4124 364 4183 οῦν
391 4128 745 4199 φοϐουμένων
775 4130 938 4185 αὐτὸν
982 4132 1076 4185 καὶ
1109 4131 1501 4202 φυλασσόντων
1547 4133 1646 4197 τὰς
1687 4135 1839 4187 ὲντο-

264 4218 370 4282 λὰς
406 4216 595 4284 αὐτοῦ,
640 4216 861 4273 ἐκείνων
895 4220 929 4290 ἡ
967 4220 1082 4291 ζωὴ
1119 4220 1269 4276 ἔστιν
1318 4222 1470 4295 παρά
1497 4222 1574 4293 τῷ
1602 4221 1740 4292 Θεῷ.
1785 4224 1843 4278 Ὀ

265 4309 383 4382 γὰρ
417 4308 583 4379 φόϐος
613 4308 711 4363 τοῦ
758 4310 895 4365 Θεοῦ
923 4312 1248 4380 ’ἀναγκάζει
1293 4313 1441 4384 ἡμᾶς
1479 4312 1734 4385 πολεμεῖν
1774 4316 1840 4386 τῇ

3361 307 3522 379 .;183θ

2438 437 2727 496 ΗΟΜΙΙΛΑ
2760 438 3027 500 CXXV“.
3488 466 3491 473 ’

2509 552 2589 607 De
2627 554 2813 608 timore
2842 548 2964 609 Dei.

2021 664 2283 737 Quisquis
2320 666 2616 722 sinceriter
2652 668 2825 722 Deum
2879 667 3057 733 timet,
3085 683 3197 723 non
3228 669 3401 724 multo
3424 668 3526 727 ad-

1949 758 2176 813 modum
2200 759 2422 830 negotio
2439 758 2505 814 ad
2533 758 3299 839 perfectionemﬂrovehitur
3320 758 3524 816 divinas

1946 847 2259 914 charitatis,
2290 865 2467 920 eoque
2509 849 2749 904 eﬂicitur
2776 848 2983 905 Christi
3032 859 3088 904 et
3132 849 3438 920 discipulus
3466 858 3524 905 et

1946 939 2180 994 amicus.
2238 940 2331 995 Ait
2387 943 2585 996 enim:
2642 943 2793 998 «Vos
2850 957 2939 996 me
2989 944 3349 998 amastis".n
3415 943 3522 1009 Qui

1944 1030 2217 1100 ejusmodi
2253 1039 2363 1098 est,
2404 1034 2597 1103 utique
2637 1033 2979 1088 ineluctabili
3008 1050 3147 1087 nexu
3188 1034 3235 1088 is
3266 1035 3525 1105 astringit

1946 1121 2052 1175 sibi
2088 1123 2417 1178 munditiam
2450 1124 2507 1177 in
2536 1125 2843 1180 castissima
2875 1125 3072 1179 timore
3113 1126 3351 1179 Domini.
3392 1125 3521 1196 [Qui

1945 1212 2239 1267 verissimo
2277 1213 2496 1267 Domini
2530 1215 2728 1270 timore
2759 1231 2859 1270 ceu
2897 1216 3069 1270 clavis
3095 1215 3322 1270 confixit
3360 1216 3523 1270 effre-

1949 1316 2048 1356 nes
2072 1304 2255 1357 carnis
2288 1312 2494 1368 motus,
2540 1305 2610 1359 ab
2667 1305 2763 1359 illo
2810 1306 3073 1361 eximitur
3117 1307 3315 1361 timore
3346 1323 3359 1359 :
3387 1306 3523 1362 Cre-

1944 1392 2084 1448 scite
2112 1401 2169 1448 et
2201 1395 2647 1464 multiplicamini
2670 1398 2714 1430 ³⁷
2747 1396 2983 1452 :vilabit
3014 1396 3247 1466 proinde
3274 1405 3331 1453 et
3358 1397 3517 1464 illud,

1945 1493 2006 1539 ut
2031 1501 2101 1540 ne
2138 1487 2246 1540 ulla
2272 1503 2335 1542 ex
2362 1497 2519 1558 parte
2552 1488 2750 1542 debeat
2775 1489 2831 1542 in
2863 1488 3147 1544 hominum
3179 1489 3519 1547 descendere

1941 1577 2425 1652 familiaritatem]
2472 1578 2657 1634 Mundi
2700 1580 2858 1635 istius
2903 1580 3116 1651 defugit
3154 1581 3266 1651 jam
3307 1580 3517 1636 sollici-

1944 1678 2056 1723 tam
2098 1670 2455 1735 anxietatem,
2496 1673 2852 1741 imposturas,
2897 1672 3236 1742 voluptates,
3276 1674 3517 1742 crapula:

1942 1769 2000 1815 et
2049 1760 2336 1816 ebrietatis
2407 1763 2794 1832 intemperiem
2846 1778 3110 1817 omnem:
3144 1764 3515 1818 omnimodam

1944 1850 2171 1922 insuper
2236 1853 2579 1924 Babylonica:
2639 1853 2985 1909 confusionis
3041 1855 3168 1925 fuga
3219 1856 3518 1911 antevertit

1943 1944 2221 2014 abyssum.
2256 1945 2395 2000 Vitae
2431 1946 2593 2001 istius
2639 1949 2884 2001 suaviter
2916 1946 3269 2002 traducenda:
3301 1963 3514 2002 renun-

1945 2033 2103 2088 tiavit
2139 2033 2418 2088 illecebris
2451 2051 2464 2087 :
2497 2035 2706 2088 mundo
2762 2051 2984 2105 quoque
3030 2038 3150 2090 vale
3184 2050 3513 2105 supremum

1942 2120 2099 2184 dixit,
2131 2122 2291 2191 cujus
2323 2128 2379 2175 et
2400 2122 2542 2176 retia
2567 2134 2852 2193 perrupta,
2889 2140 3221 2195 congressus
3243 2125 3381 2180 mire
3413 2125 3517 2180 im-

1944 2211 2132 2280 plexos
2156 2211 2336 2266 evasit
2369 2220 2426 2267 et
2458 2212 2700 2282 pedicas.
2730 2214 2785 2267 In
2820 2222 2966 2269 terra
2994 2216 3209 2271 tametsi
3244 2216 3512 2283 ambulat,

1941 2317 2002 2356 re
2042 2302 2157 2371 ipsa
2198 2302 2438 2358 declarat
2486 2318 2545 2358 se
2586 2306 2935 2373 complexum
2984 2321 3104 2360 esse
3139 2306 3518 2361 conversatio-

1940 2410 2066 2449 nem
2096 2411 2219 2465 quae
2254 2394 2309 2449 in
2344 2396 2501 2452 cmlis
2537 2405 2644 2452 est;
2672 2396 2809 2453 Cum
2852 2398 3001 2453 enim
3029 2399 3194 2468 longe
3240 2397 3361 2453 istis
3386 2396 3512 2453 feli-

1942 2486 2093 2541 ciora
2131 2495 2375 2556 expetat,
2412 2487 2551 2542 nihil
2576 2496 2657 2542 est
2688 2487 2834 2557 quod
2853 2497 3147 2543 cunctetur
3185 2490 3511 2545 renuntiare

1941 2577 2105 2634 istius
2142 2579 2335 2633 mundi
2395 2579 2711 2643 lenociniis,
2759 2580 3025 2635 nimirum
3063 2581 3233 2634 vitam
3269 2588 3329 2635 ut
3364 2581 3516 2638 vivat

1940 2669 2208 2734 divinam,
2276 2670 2579 2735 caelestem,
2641 2670 2947 2741 angelicam
3002 2672 3058 2726 in
3125 2670 3516 2728 observatione

1941 2761 2172 2817 sincerae
2218 2777 2447 2831 prorsus
2485 2763 2771 2834 religionis
2812 2763 3155 2820 intemerata:
3200 2780 3264 2820 ac
3288 2772 3514 2830 sanctae,

1941 2853 1997 2907 in
2031 2851 2242 2923 Spiritu
2274 2854 2395 2918 Dei,
2423 2854 2640 2910 latriam
2680 2855 2952 2910 exhibens
2995 2855 3361 2927 omnipotenti
3401 2854 3517 2911 Deo

1940 2950 2166 3013 propter
2198 2944 2466 2999 caelorum
2496 2960 2747 3016 regnum,
2780 2946 2939 3016 cujus
2960 2946 3131 3017 gratia
3160 2946 3516 3016 supercilium

1941 3049 2107 3089 omne
2160 3036 2347 3105 posuit
2398 3037 2691 3091 mundanae
2739 3036 2898 3092 istius
2935 3036 3268 3107 prudentiae.
3320 3035 3517 3093 «Time

1941 3126 2112 3195 cpim.
2183 3126 2276 3181 ille
2328 3126 2425 3193 ait,
2458 3127 2791 3191 Dominum,
2851 3135 2908 3183 et
2968 3129 3181 3183 custodi
3252 3128 3514 3185 mandata

1941 3217 2063 3286 ejus
2084 3216 2148 3271 ⁸⁸.
2178 3234 2197 3268 ι
2235 3215 2378 3272 Sane
2436 3216 2533 3271 Dei
2582 3217 2842 3273 mandata
2901 3218 2947 3272 si
2992 3218 3347 3285 custodieris,
3404 3220 3520 3275 eris

1942 3307 2136 3378 utique
2189 3307 2247 3362 in
2297 3308 2451 3363 omni
2501 3309 2831 3378 operatione
2884 3316 3104 3378 potens,
3157 3310 3518 3378 operatioque

1943 3408 2036 3452 tua
2091 3398 2603 3468 incomparabiliter
2684 3398 2965 3454 succedet.
3022 3400 3314 3453 Dominum
3367 3400 3515 3454 enim

1943 3487 1989 3544 si
2030 3488 2305 3554 timueris,
2334 3489 2475 3543 nihil
2526 3506 2636 3544 non
2671 3476 2883 3545 decore:
2910 3489 3190 3546 conﬁcies.
3225 3488 3324 3546 Hic
3356 3490 3519 3562 plane

1912 3581 2112 3647 timor
2144 3590 2251 3645 est,
2294 3596 2407 3651 quo
2460 3595 2687 3636 necesse
2722 3581 2796 3636 sit
2842 3590 2903 3637 ut
2954 3582 3147 3638 timeas
3186 3591 3243 3638 et
3281 3584 3518 3639 salutem

1943 3685 2285 3741 consequare
2313 3687 2329 3725 :
2359 3670 2643 3726 diabolum
2677 3672 2910 3741 proinde
2935 3673 3075 3727 nihil
3106 3675 3379 3729 timueris.
3411 3674 3522 3731 Do-

1943 3760 2157 3817 minum
2186 3763 2336 3818 enim
2362 3763 2455 3834 qui
2493 3764 2668 3829 timet,
2699 3764 2967 3820 adversus
3000 3765 3280 3821 diabolum
3307 3783 3519 3837 praeva-

1942 3854 2081 3909 lebit
2112 3870 2127 3909 :
2157 3854 2296 3909 nihil
2345 3856 2495 3911 enim
2552 3855 2684 3911 huic
2734 3865 3009 3926 superest.
3057 3856 3178 3912 Vim
3236 3860 3519 3929 utcunque

1943 3945 2039 4017 qui
2089 3946 2261 4002 habet
2304 3946 2571 4003 adversus
2603 3946 2779 4014 illum,
2811 3947 3003 4017 utique
3038 3948 3205 4003 habet
3231 3956 3288 4003 et
3316 3946 3412 4003 Dei
3447 3948 3518 4003 ti-

1944 4050 2156 4090 morem
2190 4034 2276 4090 :is
2315 4035 2462 4090 enim
2499 4051 2623 4090 eum
2666 4034 2806 4089 nihil
2855 4034 3106 4089 obtineat
3134 4035 3361 4098 virium,
3398 4049 3519 4087 om-

1944 4127 2098 4182 nium
2152 4136 2300 4198 patet
2335 4127 2639 4197 despicatui
2668 4136 2724 4182 et
2755 4127 3144 4182 contemnitur.
3192 4125 3287 4180 Est
3331 4134 3515 4179 tamen

1944 4217 2095 4287 quod
2132 4219 2346 4284 timeas,
2379 4234 2545 4288 opera
2574 4235 2773 4289 nempe
2803 4217 3009 4273 diaboli
3050 4234 3063 4271 :
3096 4216 3334 4288 maligna
3366 4216 3513 4271 enim

1945 4319 2098 4365 sunt.
2134 4309 2347 4381 1237
2375 4308 2596 4364 Timore
2630 4325 2794 4380 porro
2828 4307 3046 4363 Domini
3078 4308 3344 4372 munitus,
3379 4307 3515 4378 quid

267 4400 464 4474 κακίᾳ.
506 4400 693 4470 Ἦμῶν
727 4401 789 4455 δὲ
816 4402 1216 4473 πολεμούντων,
1240 4406 1276 4475 ἡ
1314 4404 1476 4476 χάρις
1506 4404 1600 4457 τοῦ
1633 4406 1839 4474 Κυρίου

1945 4399 2194 4470 estquod
2227 4409 2539 4455 commenta
2569 4398 2897 4468 fraudesque
2927 4396 3290 4453 veteratorias
3321 4397 3518 4452 timeas

266 4491 492 4561 ἀναιρεῖ
517 4492 705 4563 αὑτήν.
744 4494 818 4545 Ού
861 4493 1084 4548 δύναται
1136 4494 1194 4547 δέ
1222 4511 1305 4557 τις
1336 4486 1416 4558 εἷς
1453 4495 1616 4564 φόϐον
1640 4495 1843 4564 Κυρίου

269 4579 474 4645 ἐλθεῖν,
515 4580 613 4633 ἐὰν
638 4583 712 4651 μὴ
739 4584 928 4636 πασῶν
961 4583 1068 4637 τῶν
1113 4584 1387 4654 βιωτικῶν
1417 4586 1710 4656 φροντίδων
1740 4586 1845 4651 ἔξω

268 4669 526 4740 γένηται,
556 4669 739 4733 καθὼς
789 4672 1038 4744 είρῃται’
1086 4675 1214 4728 ὅταν
1271 4675 1380 4748 γάρ
1418 4679 1479 4730 ὲν
1507 4678 1708 4749 ἠσυχίᾳ
1749 4679 1846 4732 καὶ

267 4760 581 4832 ἀμεριμνίᾳ
611 4761 837 4833 γένηται
868 4766 899 4818 ὁ
924 4764 1067 4834 νοῦς,
1100 4767 1220 4821 τότε
1250 4769 1459 4841 ἐνοχλεῖ
1483 4769 1632 4841 αύτῷ
1675 4772 1705 4824 ὁ
1749 4772 1847 4839 φό-

269 4856 367 4920 ϐος
395 4853 497 4909 τοῦ
529 4853 688 4918 Θεοῦ,
721 4859 900 4928 φέρων
928 4861 1094 4915 αὑτὸν
1141 4864 1223 4927 είς
1268 4864 1470 4935 πολλὴν
1497 4866 1718 4936 ἀγάπην
1746 4867 1845 4936 τῆς

269 4946 615 5019 ἀγαθότητος
641 4949 739 5004 τοῦ
766 4949 925 5005 Θεοῦ.
961 4953 1085 5017 Τοῖς
1113 4953 1237 5027 γὰρ⁸
1252 4955 1676 5026 ἀγωνιζομένοις
1704 4952 1845 5021 εἶδός

268 5055 327 5094 τι
358 5039 519 5111 φόρει
547 5040 861 5113 ἀγνισμοῦό
890 5043 1079 5114 φόϐος.
1108 5062 1137 5097 ί
1268 5024 1378 5117 γὰρ
1416 5024 1580 5114 φόϐος
1611 5046 1839 5116 Κυρίου,

272 5129 465 5201 φησιν,
500 5130 683 5198 ἁγνὸς,
717 5131 986 5204 διαμένων
1044 5134 1125 5199 είς
1189 5134 1361 5189 αἰῶνα
1419 5136 1636 5200 αίῶνος.
1663 5155 1684 5189 ι
1743 5137 1844 5191 Φό-

272 5216 370 5282 ϐος
399 5220 629 5290 Κυρίου,
662 5225 944 5296 γεννήτωρ
983 5227 1301 5297 φρονήσεως
1323 5242 1337 5257 ·
1361 5225 1391 5278 ό
1418 5224 1509 5279 τὸν
1551 5226 1646 5279 ἕνα
1686 5225 1844 5280 εὐλα-

273 5308 565 5381 ϐούμενος,
609 5314 673 5366 οὐ
709 5314 967 5370 δειλιάσει
991 5318 1120 5381 τοὺς
1144 5315 1394 5381 πολλούς.
1416 5316 1635 5372 Μᾶλλον
1663 5317 1719 5370 δὲ
1746 5316 1843 5372 αὖ·

273 5399 367 5454 τδν
399 5396 488 5456 διὰ
516 5403 609 5456 τὸν
654 5404 750 5458 ἕνα
786 5404 974 5460 πολλοὶ
1017 5406 1442 5478 φοϐηθήσονται.
1489 5426 1508 5459 ι
1546 5404 1669 5460 Ἐὰν
1709 5407 1839 5477 γὰρ,

1945 4492 2191 4547 diaboli?
2237 4492 2392 4547 Illius
2426 4506 2589 4561 opera
2628 4502 2979 4559 nequaquam
3013 4487 3152 4541 adeo
3176 4486 3510 4557 dcsignabis,

1946 4590 2007 4637 ut
2036 4598 2144 4636 non
2177 4582 2245 4637 ab
2284 4583 2367 4637 eis
2402 4582 2618 4637 resilias
2664 4596 2825 4650 quam
2871 4578 3212 4649 longissime.
3249 4575 3411 4647 Atqui
3442 4577 3514 4631 ti-

1945 4674 2116 4728 moris
2160 4676 2376 4744 species
2414 4674 2617 4744 duplex
2671 4679 2776 4727 est.
2811 4670 2869 4727 Si
2922 4672 3103 4740 itaque
3155 4671 3345 4741 cupies
3375 4668 3513 4725 nihil

1944 4766 2237 4822 admittere
2284 4767 2431 4837 quod
2475 4766 2774 4838 malignum
2826 4763 2898 4818 sit
2926 4777 2990 4817 ac
3023 4762 3345 4831 rcprobum,
3382 4761 3514 4817 time

1944 4856 2259 4923 Dominum,
2285 4865 2341 4912 et
2385 4873 2453 4913 ne
2492 4857 2742 4927 opereris
2785 4855 2941 4909 illud.
2987 4852 3283 4908 Dominum
3328 4852 3515 4922 itaque

1944 4949 2040 5019 qui
2078 4947 2236 5004 timet
2279 4948 2441 5004 fortis
2473 4949 2666 5018 utique
2709 4956 2764 5003 et
2807 4946 3102 5019 gloriosus.
3144 4946 3281 5000 Nam
3335 4960 3514 5014 quan-

1945 5041 2211 5110 ticunque
2264 5055 2391 5094 eum
2433 5040 2738 5105 timuerint,
2785 5041 3256 5107 observantesquc
3306 5035 3515 5090 fuerint

1944 5130 2326 5185 mandatorum
2377 5131 2568 5201 ipsius,
2595 5133 2806 5204 placent
2833 5131 2964 5184 Deo.
2998 5129 3213 5183 Etenim
3265 5138 3514 5183 creatura

1945 5225 2124 5279 omnis
2154 5220 2329 5293 ipsius
2371 5240 2494 5279 cum
2530 5225 2622 5287 sit,
2652 5239 2777 5277 eum
2818 5231 3050 5276 veretur
3076 5238 3139 5276 ac
3175 5221 3366 5286 timet;
3400 5236 3510 5276 non

1946 5312 2080 5368 item
2115 5315 2295 5368 omnis
2339 5316 2583 5369 custodit
2617 5313 2765 5368 illius
2805 5312 3083 5367 mandata.
3122 5306 3349 5367 illorum
3380 5328 3512 5368 sane

1948 5406 2059 5459 vita
2085 5405 2230 5475 apud
2255 5405 2432 5460 Deum
2456 5395 2701 5475 reposita
2731 5410 2836 5469 est,
2881 5413 3152 5474 quotquot
3185 5419 3310 5459 eum
3352 5418 3519 5458 reve-

274 5494 465 5563 φησιν,
496 5492 769 5566 φοϐηθῆτε
814 5495 1020 5567 Κύριον
1046 5495 1135 5551 τὸν
1161 5496 1295 5552 Θεὸν
1338 5496 1517 5568 ὑμῶν,
1550 5497 1647 5550 καὶ
1688 5498 1843 5551 ἀκού-

1950 5507 2138 5553 renter
2166 5496 2362 5567 timent
2388 5504 2447 5553 et
2480 5498 2598 5570 ejus
2624 5496 2877 5553 mandata
2925 5497 3147 5568 explent
3173 5510 3361 5567 opere.
3393 5496 3513 5567 ipse

342 5684 398 5723 “
427 5685 585 5746 Jean.
616 5706 723 5755 xvr.
756 5691 846 5746 27.
918 5690 1130 5768 "-Ccn.
1156 5709 1194 5759 l,
1216 5692 1291 5750 28
1318 5703 1373 5752 et
1402 5695 1556 5755 alibi.
1629 5696 1673 5729 ⁸⁸
1700 5693 1843 5751 Eccl!

1944 5711 1989 5761 rt,
2020 5693 2113 5749 .15.
