3918 6106
536 255 671 326 i831

1782 262 2104 324 ANTIOCH

2210 263 2533 326 IlONACHI
3627 281 3712 346 mg

532 383 701 439 timor
726 380 948 437 Domini
981 382 1369 438 necessitatem
1430 382 1599 440 nobis
1659 383 1896 453 imponit
1949 383 2104 438 comi

2227 401 2359 457 σητε
2391 387 2490 455 τῆς
2512 386 2698 457 φωνῆς
2723 387 2909 454 αὐτοῦ,
2935 390 3038 445 οὐκ
3062 390 3447 464 ἀντιστήσεται
3473 395 3616 459 οὐδεὶς
3629 404 3711 452 κατὰ

529 489 640 530 nus
675 473 1006 550 conserendi
1053 489 1179 529 cum
1225 475 1397 530 vitiis.
1436 475 1608 531 Nobis
1651 484 1873 530 strenue
1901 475 2116 545 deprae-

531 565 802 622 liantibus
829 563 1012 633 gratia
1039 564 1261 620 Domini
1291 566 1558 620 malitiam
1594 581 1815 621 onmem
1844 566 1911 620 ad
1947 566 2117 621 inter-

531 657 823 711 necionem
860 671 1041 725 usque
1077 654 1385 710 intercidit.
1414 655 1532 710 Non
1560 663 1748 710 autem
1781 661 1965 724 potest
1991 654 2116 725 quis

529 747 599 801 ad
632 747 729 802 Dei
769 748 1024 801 timorem
1053 747 1399 818 gettingere,
1431 747 1486 801 ni
1531 748 1689 817 prius
1730 746 2004 801 desciscat
2045 746 2114 800 ab

525 839 679 893 omni
720 838 849 892 vita:
903 837 1067 893 istius
1115 839 1462 908 temporariae.
1508 839 1922 902 sollicitudine,
1958 839 2114 908 juxta

529 930 879 1000 superiorem
911 929 1268 984 sententiam.
1303 927 1441 984 Cum
1478 931 1627 984 enim
1659 944 1816 984 mens
1843 927 2115 983 resederit

526 1019 598 1073 ab
630 1019 782 1073 omni
830 1018 1184 1088 intemperie,
1229 1034 1428 1074 secura
1471 1021 1556 1074 rei
1605 1019 1926 1082 mundialis,
1981 1026 2114 1072 tunc

531 1111 698 1164 timor
733 1111 824 1164 ille
855 1110 952 1164 Dei
985 1112 1067 1165 sic
1101 1111 1359 1179 requieto
1399 1111 1702 1180 plurimum
1751 1111 1976 1165 facessit
2016 1124 2115 1164 ne-

525 1202 684 1272 gotii,
713 1217 823 1271 quo
852 1202 1112 1257 eumdem
1165 1212 1455 1273 promovet
1496 1203 1564 1256 ad
1599 1203 1997 1258 exuberantem
2029 1199 2114 1255 di-

525 1295 671 1349 vina:
703 1294 1060 1364 benignitatis
1089 1311 1358 1351 amorem.
1412 1295 1573 1350 Serio
1608 1294 2028 1350 decertantibus
2054 1293 2111 1348 in

526 1397 701 1453 agone
739 1383 1020 1452 spirituali
1071 1384 1190 1454 ipse
1249 1385 1420 1439 timor
1451 1399 1771 1453 expressam
1805 1383 2108 1438 etiamnum

526 1475 822 1545 imaginem
845 1477 1043 1530 asserit
1062 1477 1443 1531 sanctimoniae
1466 1485 1523 1532 et
1544 1475 1802 1545 puritatis
1830 1492 1843 1528 :
1873 1493 1892 1526 ι
1922 1473 2112 1528 Timor

524 1567 991 1622 Dominisanctus
1015 1568 1113 1636 (ait
1144 1567 1364 1636 David),
1397 1583 1736 1638 permanens
1762 1567 1817 1620 in
1843 1565 2107 1621 saeculum

525 1659 802 1716 saeculi".
831 1680 849 1712 ›
887 1659 1078 1715 Timor
1126 1661 1346 1714 Domini
1403 1660 1719 1730 prudentiae
1765 1665 1852 1714 est
1884 1672 2104 1728 parens.

2221 477 2514 548 πρόσωπον
2545 479 2720 548 ὑμῶν.
2751 481 2862 534 Καὶ
2897 483 2925 535 6
2945 483 3146 554 τρόμος
3177 485 3338 555 ὑμῶν
3367 485 3509 542 ἐσται
3535 490 3608 542 ἐπὶ
3628 493 3710 546 πάν-

2217 586 2285 622 τα
2327 571 2396 624 τὰ
2450 570 2597 634 ἔθνη.
2625 590 2644 623 ι
2708 572 2819 625 Καὶ
2865 574 3028 628 πάλιν
3097 578 3531 647 παρακελεύεται
3578 582 3707 649 λέγων

2224 657 2473 730 «Κύριον
2519 662 2612 713 τὸν
2655 661 2790 714 Θεόν
2835 680 2930 716 σου
2979 665 3295 738 φοϐηθήσῃ,
3337 669 3430 722 καὶ
3465 671 3584 741 πρὸς
3610 674 3707 726 αὐτὴν

2221 749 2557 822 κολληθήσῃ.
2593 770 2611 802 ι
2652 751 2764 805 Καὶ
2799 748 2958 818 αὖθις
2984 771 2996 784 ·
3039 773 3057 806 ι
3081 757 3177 819 Τίς
3234 757 3399 810 δώσει
3441 758 3594 823 οὕτως
3627 758 3704 814 tim

2215 842 2316 910 τὴν
2371 843 2601 914 καρδίαν
2643 844 2738 897 τοῦ
2785 844 2939 911 λαοῦ,
2975 845 3116 900 ὥστε
3157 849 3448 916 φοϐεῖσθαι
3481 852 3626 915 πάσας
3651 857 3704 917 τὰς

2215 932 2434 995 ἐντολάς
2480 951 2606 1003 μου,
2646 935 2732 988 ἵνα
2770 932 2890 1010 εὖῇ
2927 937 3075 1009 αὐτῷ
3099 955 3113 1002 ;
3141 958 3159 991 ι
3199 939 3393 993 Ταῦτα
3418 942 3508 1010 μὲν
3544 944 3699 1011 ὁνόμις.

2212 1023 2382 1094 Φησὶν
2413 1024 2470 1078 δὲ
2515 1026 2608 1079 καὶ
2648 1028 2676 1079 6
2728 1030 3018 1098 προφήτης
3046 1031 3297 1100 Μιχαίας
3323 1047 3342 1064 ο
3375 1051 3394 1083 ι
3418 1033 3521 1086 Καὶ
3544 1035 3701 1088 ἀνατεὶὲ

2211 1114 2345 1182 ήμῖν
2391 1116 2503 1178 τοῖς
2533 1115 2890 1193 φοϐουμένοις
2913 1117 3004 1170 τὸν
3035 1117 3270 1188 Κύριον,
3298 1120 3490 1173 Ἥλιον
3517 1121 3702 1174 δικαιοπ-

2211 1221 2330 1275 νης.
2365 1206 2473 1258 Καὶ
2502 1206 2877 1272 ὲξελεύσεσθε,
2913 1209 3007 1261 καὶ
3043 1213 3372 1282 σκιρτήσετε
3406 1211 3480 1276 ώς
3522 1213 3704 1284 proxim

2211 1296 2475 1367 ἀνειμένα
2502 1299 2565 1351 ὲκ
2593 1297 2834 1369 δεσμῶν.
2856 1318 2876 1352 ι
2926 1299 2984 1352 ὐ
3011 1300 3067 1353 δὲ
3102 1301 3535 1373 Παροιμιαστὴς,
3562 1323 3577 1356 I
3603 1307 3705 1374 Ἀρχὴ

2213 1391 2431 1457 σοφίας,
2468 1391 2633 1459 φόϐος
2668 1391 2896 1460 Κυρίου,
2951 1392 3050 1444 καὶ
3091 1392 3366 1464 ὀχύρωμα
3408 1394 3571 1447 ὁσίων
3610 1394 3706 1462 τίεις

2213 1480 2444 1550 Κυρίου,
2477 1479 2630 1551 πηγὴ
2677 1481 2852 1552 ζωῆςο
2903 1485 3050 1535 ποιεῖ
3089 1482 3147 1535 δὲ
3197 1484 3446 1537 ὲκκλῖναι
3477 1485 3534 1538 ὲκ
3559 1483 3704 1552 παγίδος

2211 1570 2463 1625 Θανάτου.
2489 1590 2507 1622 ›
2557 1572 2666 1625 Καὶ
2693 1571 2853 1625 πάλιν
2873 1589 2903 1610 λ-
2931 1592 2950 1624 ι
2971 1573 3265 1644 Μακάριος
3287 1567 3332 1642 ᾧ
3376 1572 3632 1642 δεδώρηται
3652 1573 3708 1639 φί-

2212 1661 2304 1724 ϐος
2349 1662 2591 1732 Κυρίουο
2629 1662 2792 1730 φόϐος
2838 1664 3046 1734 Κυρίου
3092 1664 3176 1726 είς
3222 1663 3371 1735 ζωήν
3413 1664 3578 1734 ἀνδρί·
3606 1663 3707 1731 φύσας

524 1753 708 1808 Unum
758 1752 1000 1822 aliquem
1046 1752 1092 1806 si
1137 1761 1346 1818 tuetur,
1391 1760 1449 1806 et
1499 1751 1778 1817 observat,
1833 1750 1974 1805 nihil
2016 1740 2104 1807 hic

2212 1753 2419 1823 Κυρίου
2449 1753 2638 1824 τέρψει
2668 1754 2924 1825 καρδίαν,
2975 1755 3070 1808 καὶ
3105 1755 3276 1808 δώσει
3327 1754 3627 1826 εὐφροσύνην
3652 1754 3708 1804 καὶ

523 1843 830 1913 quamlibet
872 1843 1079 1898 multos
1121 1843 1380 1898 timebit:
1410 1844 1598 1914 potius
1641 1843 1712 1898 ob
1746 1843 1897 1898 hunc
1933 1857 2104 1896 unum

524 1936 685 1991 multi
719 1937 1175 2003 exterrebuntur,
1206 1936 1294 1991 vel
1337 1945 1475 1992 teste
1511 1935 1844 2006 Scriptura:
1879 1954 1897 1987 ι
1930 1934 1988 1990 Si
2031 1933 2104 1989 ti-

523 2027 784 2082 mueritis
826 2028 1123 2082 Dominum
1174 2028 1349 2082 Deum
1397 2037 1669 2092 vestrum,
1713 2035 1769 2082 et
1815 2026 2106 2081 audieritis

522 2134 718 2175 vocem
755 2120 898 2190 ejus,
937 2134 1103 2173 nemo
1146 2130 1341 2174 contra
1387 2135 1488 2174 vos
1525 2119 1694 2175 stabit
1739 2127 1866 2174 ante
1904 2119 2105 2174 faciem

523 2219 790 2276 vestram,
831 2210 929 2265 sed
971 2210 1140 2264 timor
1187 2221 1379 2266 vester
1423 2227 1488 2266 ac
1536 2220 1745 2266 tremor
1778 2211 1888 2264 erit
1937 2225 2106 2281 super

522 2318 717 2360 omnes
749 2312 943 2375 gentes
959 2303 1028 2356 ὀ.
1061 2321 1079 2354 ι
1107 2303 1302 2358 Denuo
1330 2302 1661 2358 adhortatur
1688 2303 1880 2358 dicens
1906 2320 1919 2356 :
1949 2321 1968 2354 ι
2001 2303 2106 2358 Do-

521 2393 738 2447 minum
780 2391 956 2445 Deum
1003 2391 1249 2457 timebis,
1275 2401 1334 2446 et
1371 2393 1425 2448 ei
1473 2392 1866 2448 adhmrebis".
1900 2412 1917 2445 ι
1953 2393 2104 2448 Rur-

521 2498 655 2539 sus:
696 2480 869 2550 «Quis
903 2481 1076 2548 dabit,
1109 2488 1172 2536 ut
1202 2483 1276 2538 sit
1308 2483 1393 2538 sic
1439 2498 1538 2539 cor
1569 2482 1782 2553 populi,
1815 2491 1877 2538 ut
1913 2485 2106 2538 timeat

519 2575 706 2630 omnia
754 2574 1014 2628 mandata
1065 2589 1209 2640 mea,
1257 2582 1319 2629 ut
1349 2575 1492 2630 bene
1522 2576 1595 2630 sit
1625 2575 1679 2630 ei
1701 2575 1789 2630 ἠ
1813 2595 1832 2628 ›
1865 2576 1934 2630 Εῑ
1973 2576 2103 2646 qui-

519 2665 649 2720 dem
699 2664 818 2720 ha‘c
855 2663 1024 2720 habet
1074 2665 1184 2720 lex.
1235 2665 1345 2721 Sed
1376 2675 1432 2722 et
1476 2669 1748 2739 pr0pheta
1791 2669 2101 2725 Michzeas:

525 2757 636 2811 «Et
659 2757 876 2811 orietur
903 2755 1066 2811 vobis
1105 2757 1436 2812 timentibus
1475 2758 1772 2814 Dominum
1813 2759 1906 2814 Sol
1934 2759 2101 2830 justi-

521 2849 634 2914 tia,
680 2857 738 2902 et
783 2848 1151 2918 egrediemini
1182 2858 1240 2905 et
1268 2850 1480 2906 salictis
1517 2851 1678 2922 quasi
1709 2850 1870 2906 vituli
1905 2867 1936 2905 a
1977 2854 2102 2906 vin-

518 2941 663 2997 culis
719 2940 1039 2995 relaxati".
1070 2959 1088 2991 ι
1161 2936 1550 2998 Parmmiastes
1607 2943 1790 2996 item:
1831 2961 1850 2993 ‹
1878 2942 2102 2997 lnitium

519 3031 810 3102 sapientiae
853 3031 1022 3083 timor
1069 3030 1314 3096 Domini,
1347 3039 1403 3085 et
1441 3031 1920 3102 propugnaculum
1967 3048 2098 3086 san-

518 3097 692 3190 cti”;
728 3123 894 3176 timor
932 3122 1151 3176 Domini
1185 3121 1312 3176 fons
1340 3097 1489 3186 vitae,
1527 3097 1589 3177 ut
1623 3097 1788 3178 faciat
1821 3123 2100 3178 declinare
2125 3097 2170 3157 (ἶ

517 3235 550 3274 a
577 3219 779 3287 laqueo
809 3214 1093 3270 mortis".
1131 3233 1149 3265 ι
1191 3213 1399 3268 lterum
1433 3230 1448 3268 :
1486 3233 1504 3266 ι
1527 3213 1752 3282 Beatus,
1799 3216 1889 3270 cui
1932 3215 2104 3270 dona-

518 3317 608 3365 tus
651 3318 740 3365 est
787 3308 954 3362 timor
1014 3303 1313 3360 Domini".
1348 3324 1494 3358 ι-ι
1521 3305 1714 3362 Timor
1772 3307 1993 3362 Domini
2032 3307 2099 3361 ad

515 3401 688 3455 vitam
715 3399 838 3454 viro
858 3399 925 3452 ".
950 3414 970 3450 ι
996 3427 1067 3437 -
1093 3415 1110 3448 ι
1135 3395 1328 3450 Timor
1372 3397 1595 3452 Domini
1631 3397 1935 3453 delectabit
1981 3414 2099 3466 cor,

515 3502 573 3548 ct
614 3492 769 3548 dabit
810 3491 1056 3546 laetitiam
1101 3500 1157 3546 et
1203 3491 1466 3562 gaudium
1483 3490 1552 3544 ".
1586 3509 1605 3542 ι
1633 3509 1741 3542 -‹
1764 3491 1957 3546 Timor
1991 3492 2099 3545 Do-

518 3582 655 3636 mini
685 3581 891 3635 donum
926 3588 1013 3635 est
1043 3595 1074 3634 a
1097 3580 1333 3636 Domino
1357 3581 1401 3614 "
1428 3597 1443 3648 ;
1478 3579 1693 3636 timenti
1732 3580 1878 3636 enim
1912 3579 2100 3635 Domi-

518 3690 653 3730 num
708 3673 853 3728 bene
881 3673 991 3728 erit
1026 3673 1082 3727 in
1115 3673 1454 3738 novissimis,
1491 3681 1548 3728 et
1579 3674 1633 3728 in
1669 3673 1867 3729 diebus
1899 3673 2099 3728 defun-

519 3764 719 3820 clionis
770 3764 948 3834 ipsius
1006 3763 1371 3819 benedicetur
1394 3766 1485 3817 ².··›
1512 3792 1575 3804 -—
1606 3783 1624 3816 ι
1650 3765 1944 3820 Plenitudo
2009 3781 2100 3820 sa-

517 3857 744 3926 pientiae
770 3864 858 3910 est
889 3856 1087 3912 timere
1135 3856 1450 3922 Dominum,
1485 3865 1540 3912 et
1579 3857 1877 3913 inebriabit
1904 3874 2000 3914 eos
2032 3858 2100 3912 de

518 3949 798 4004 fructibus
839 3951 1008 4004 suis’.
1038 3968 1055 4002 ι
1094 3951 1300 4008 Iterum
1339 3968 1353 4004 :
1393 3968 1410 4002 ι
1445 3949 1825 4021 Concupivisti
1875 3951 2096 4020 sapien-

519 4041 650 4096 tiam
671 4044 694 4095 ?
715 4041 884 4097 Serva
911 4042 1188 4108 mandata,
1219 4051 1275 4098 et
1293 4043 1560 4098 Dominus
1580 4043 1732 4097 dabit
1748 4058 1867 4098 eam
1899 4043 2001 4098 tibi
2020 4044 2058 4096 ³.
2073 4063 2091 4095 ι

517 4153 629 4184 -ι
658 4132 764 4200 Qui
801 4134 999 4188 timent
1043 4135 1361 4201 Dominum,
1409 4135 1552 4189 nihil
1608 4136 1953 4190 verebuntur
2004 4144 2101 4191 aut

516 4235 910 4296 expavescent,
942 4227 1068 4296 quia
1109 4227 1227 4297 ipse
1254 4242 1378 4296 spes
1402 4227 1625 4283 illorum
1660 4238 1746 4283 est
1764 4227 1806 4284 ⁵.
1829 4247 1846 4280 ι
1880 4227 2052 4282 David
2083 4245 2095 4282 :

521 4337 541 4369 ι
563 4318 637 4373 Os
667 4317 801 4388 justi
827 4318 1188 4372 meditabitur
1214 4319 1565 4389 sapientiam,
1590 4327 1646 4374 et
1676 4319 1891 4390 1238
1910 4319 2098 4390 lingua

516 4407 639 4476 ejus
695 4405 954 4476 loquetur
997 4407 1330 4476 judicium‘.
1362 4427 1379 4460 ι
1423 4439 1494 4448 --
1539 4429 1557 4462 ι
1583 4408 1720 4476 Quia
1791 4410 2096 4464 secundum

517 4496 868 4554 altitudinem
917 4499 1042 4552 cmli
1096 4515 1126 4554 a
1186 4496 1330 4555 terra
1402 4501 1787 4556 corroboravit
1835 4501 2100 4556 Dominus

518 4588 958 4644 misericordiam
1029 4605 1185 4644 suam
1253 4605 1424 4661 super
1478 4592 1738 4646 timentes
1776 4606 1835 4646 se
1854 4591 1890 4644 ⁸.
1923 4609 1941 4641 ι
1991 4590 2102 4644 Et:

2208 1843 2410 1913 χαράν
2444 1843 2606 1911 φύσος
2650 1845 2859 1912 Κυρίου
2904 1845 3050 1909 δόσις
3107 1846 3265 1916 παρά
3306 1849 3519 1917 Κυρίου,
3555 1846 3625 1916 Τῷ
3648 1861 3706 1913 qe-

2208 1932 2460 2005 ϐουμένῳ
2491 1936 2598 2003 γὰρ
2624 1935 2715 1988 τὸν
2745 1937 2951 2006 Κύριον
2991 1934 3049 1990 εὖ
3078 1937 3237 1991 ἔσται
3293 1939 3381 1989 ἐπ’
3409 1939 3631 2008 ἐσχάτων,
3652 1938 3707 1987 καὶ

2209 2025 2268 2078 έν
2295 2025 2534 2096 ἡμέραις
2559 2026 2820 2094 τελευτῆς
2851 2027 3014 2080 αὑτοῦ
3058 2027 3502 2099 εὐλογηθήσεται.
3530 2029 3704 2096 Πλησμι-

2207 2113 2272 2185 νὴ
2317 2115 2533 2183 σοφίας,
2576 2116 2865 2186 φοϐεῖσθαι
2908 2119 3136 2190 Κύριον,
3194 2121 3294 2172 καὶ
3344 2119 3546 2190 μεθύσει
3574 2119 3704 2176 αὐτοῦς

2209 2208 2316 2260 ἀπὸ
2343 2207 2454 2260 τῶν
2483 2209 2714 2279 καρπῶν
2748 2211 2940 2279 αὐτῆς.
2969 2230 3072 2262 I--
3095 2229 3115 2263 ι
3162 2213 3538 2283 Ἐπεθύμησας
3559 2209 3700 2278 σοφίαν

2207 2298 2540 2370 διατήρησον
2565 2301 2806 2367 έντολάς,
2837 2303 2932 2358 κα)⁸
2959 2305 2988 2356 6
3017 2303 3229 2375 Κύριος
3264 2307 3543 2376 χορηγήσει
3566 2319 3629 2355 σοι
3652 2302 3703 2352 air

2206 2392 2328 2462 τήν.
2367 2393 2431 2444 Οἱ
2466 2392 2793 2464 φοϐούμενοι
2834 2395 2925 2450 τὸν
2957 2395 3165 2467 Κύριον
3200 2397 3355 2450 οὐδὲν
3394 2394 3703 2466 εὐλαϐηθήσον-

2207 2502 2320 2550 ται,
2347 2484 2443 2538 καὶ
2469 2485 2530 2538 ού
2558 2485 2632 2558 μὴ
2660 2485 3039 2555 δειλιάσουσιν,
3069 2491 3151 2543 ὅτι
3172 2491 3336 2554 αὐτὸς
3366 2490 3508 2552 ἐλπὶς
3528 2486 3697 2542 αὑτῶν.ι

2207 2577 2320 2631 Καὶ
2349 2577 2376 2630 ὁ
2406 2578 2586 2630 Δαυῖδ
2606 2595 2618 2606 ’
2651 2595 2670 2629 ι
2694 2579 2878 2650 Στόμα
2898 2581 3107 2635 δικαίου
3139 2583 3426 2654 μελετήσει
3453 2579 3625 2650 σοφίαν,
3643 2578 3702 2629 καὶ

2206 2670 2239 2738 ἡ
2280 2667 2501 2736 γλῶσσα
2535 2669 2700 2723 αὐτοῦ
2733 2671 2961 2743 λαλήσει
2997 2673 3209 2744 κρίσιν.
3241 2675 3366 2727 Ὀτι
3395 2673 3523 2727 κατά
3548 2670 3594 2722 τὸ
3615 2667 3703 2736 ὕψος

2205 2759 2301 2814 τοῦ
2351 2761 2585 2832 οὐρανοῦ
2631 2763 2740 2817 ἀπὸ
2797 2765 2898 2834 τῆς
2951 2765 3055 2835 γῆς
3109 2765 3451 2837 έκραταίωσε
3492 2758 3702 2833 Κύριοςύ

2205 2851 2356 2916 έλεος
2401 2853 2568 2906 αὐτοῦ
2621 2856 2714 2908 ἐπὶ
2767 2859 2895 2919 τοὺς
2945 2857 3325 2927 φοϐουμένους
3377 2858 3574 2911 αὖτόν.ι
3615 2854 3699 2910 Καὶ.

2211 2961 2230 2994 ι
2260 2943 2332 2996 Τὸ
2355 2943 2566 3016 θέλημα
2597 2945 2704 3000 τῶν
2731 2946 3085 3017 φοϐουμένων
3109 2948 3279 3003 αὐτὸν
3314 2950 3530 3019 ποιήσει,
3556 2943 3700 3011 καὶτῆς

2204 3035 2443 3106 δεήσεως
2484 3037 2665 3091 αὐτῶν
2707 3039 3114 3102 είσακούσεται,
3157 3041 3261 3093 καὶ
3312 3040 3463 3094 σώσει
3503 3035 3696 3098 αὐτούς.»

2212 3128 2345 3194 Καὶ,
2386 3127 2771 3199 «Κραταίωμα
2817 3128 3022 3199 Κύριος
3053 3129 3165 3182 τῶν
3203 3129 3532 3199 φοϐουμένων
3570 3124 3698 3180 αὐτόν’

2211 3220 2302 3272 καὶ
2338 3220 2370 3288 ἡ
2403 3219 2637 3290 διαθήκη
2670 3219 2837 3273 αὐτοῦ
2886 3218 3114 3291 δηλώσει
3154 3220 3376 3284 αὐτούς.
3417 3219 3530 3272 Ἰδοὺ
3569 3217 3646 3285 γὰρ
3669 3213 3698 3262 οἱ

2212 3310 2486 3382 ὀφθαλμοὶ
2516 3312 2724 3382 Κυρίου
2757 3313 2849 3365 ἐπὶ
2879 3312 3006 3376 τοὺς
3028 3311 3400 3384 φοϐουμένους
3427 3309 3578 3365 αὐτόν.
3597 3326 3611 3357 ι
3629 3303 3698 3358 Καὶ

2210 3403 2340 3471 περὶ¹
2370 3401 2589 3467 ἑαυτοῦ,
2635 3423 2653 3455 ι
2683 3403 3058 3475 Εὐφρανθήτω
3091 3407 3123 3476 ἠ
3157 3405 3358 3476 καρδία
3405 3420 3495 3474 μου
3529 3399 3603 3452 τοῦ
3635 3413 3697 3463 eo:

2210 3493 2425 3547 ϐεῖσθαι
2473 3494 2536 3547 τὸ
2582 3494 2755 3566 ὄνομά
2805 3511 2963 3550 σου.»
3015 3496 3124 3550 Καὶ
3159 3497 3225 3549 τὺ
3275 3495 3467 3565 ἀγαθὸν
3509 3489 3695 3559 Πνεῦμαο

2215 3606 2234 3638 ι
2258 3587 2504 3657 Μέτοχος
2554 3586 2667 3656 ἐγώ
2717 3588 2834 3658 ειμι
2880 3588 3102 3643 πάντων
3143 3589 3261 3643 τῶν
3305 3587 3609 3658 φοϐουμένων
3645 3593 3693 3637 σε.

2209 3679 2306 3733 καὶ
2332 3678 2440 3732 τῶν
2475 3679 2862 3748 φυλασσόντων
2890 3679 2990 3742 τὰς
3027 3680 3254 3744 ἐντολάς
3287 3695 3396 3732 σου.
3422 3697 3440 3728 ›
3484 3675 3532 3727 '0
3553 3673 3596 3724 δὲ
3631 3669 3695 3720 Ἰά-

2209 3770 2388 3833 κωϐος
2407 3785 2420 3800 ο
2452 3787 2470 3820 ι
2493 3769 2557 3822 Ἠ
2586 3769 2642 3821 δὲ
2667 3769 2876 3823 ἀνωθεν
2899 3770 3060 3838 σοφία
3082 3771 3305 3840 πρῶτον
3337 3769 3427 3839 μὲν
3451 3763 3564 3834 ἁγνή
3583 3761 3692 3814 ἓστινν

2207 3858 2401 3912 ἔπειτα
2417 3860 2688 3930 εἰρηνικὴ,
2704 3859 2974 3930 ἐπιεικὴς,
2989 3859 3272 3930 εὐπειθὴς,
3293 3858 3454 3928 μεστὴ
3467 3854 3612 3911 ἐλέους
3634 3843 3693 3898 11"-

2208 3949 2436 4022 καρπῶν
2492 3950 2735 4018 ἀγαθῶν,
2769 3950 3103 4021 ἀδιάκριτος,
3149 3951 3525 4020 ἀνυπόκριτος·
3549 3935 3691 4009 καρπὸς

2206 4041 2263 4095 δὲ
2284 4042 2633 4112 δικαιοσύνης
2653 4044 2710 4095 ὲν
2724 4043 2913 4114 εἰρήνῃ
2934 4043 3223 4111 σπείρεται
3237 4045 3343 4104 τοῖς
3367 4037 3571 4094 ποιοῦσιν
3591 4026 3689 4096 είρῆ·

2208 4150 2325 4203 νην.
2357 4152 2375 4184 ι
2412 4134 2524 4188 Καὶ
2550 4135 2578 4187 6
2607 4134 2834 4204 Πέτρος,
2873 4153 2892 4185 ι
2925 4135 3014 4187 Ἐν
3043 4135 3205 4188 παντὶ
3241 4134 3381 4187 ἔθνει
3427 4134 3451 4184 ὁ
3493 4121 3686 4198 φοϐούμε-

2207 4242 2296 4287 νος
2330 4225 2420 4278 τὸν
2463 4225 2691 4296 Κύριον,
2744 4226 2841 4278 καὶ
2867 4226 3273 4296 ’ἐργαζόμενος
3310 4219 3602 4283 δικαιοσύνην
3632 4208 3686 4259 δε·

2206 4318 2334 4382 κτδς
2359 4319 2510 4391 αὐτῷ
2533 4321 2700 4372 ἐστιν.
2723 4337 2740 4370 ι
2775 4319 2832 4372 '0
2854 4318 2910 4371 δὲ
2940 4303 3173 4389 Κύρὶος·
3211 4338 3229 4370 ι
3257 4317 3346 4388 Μὴ
3373 4309 3597 4385 φοϐηθῆτε
3617 4296 3684 4352 ἀπδ

2205 4411 2314 4465 τῶν
2343 4411 2774 4465 ἀποκτεινόντων
2801 4410 2864 4463 τδ
2889 4411 3070 4478 σῶμα,
3105 4408 3204 4480 τὴν
3235 4409 3292 4462 δὲ
3325 4405 3487 4478 ψυχὴν
3512 4399 3570 4471 μὴ
3587 4395 3684 4480 δυνίῖ

2209 4500 2387 4570 μένων
2417 4502 2758 4554 ἀποκτεῖναι.
2787 4475 3067 4571 Φοϐήθητε
3099 4475 3172 4551 δὲ’
3191 4475 3499 4569 μᾶλλον-τὸν
3532 4483 3629 4558 μεῖά
3648 4475 3680 4528 τδ

2205 4593 2528 4646 ἀποκτεῖναι
2553 4591 2749 4664 ἔχοντα
2778 4591 3028 4656 ἐξουσίαν
3063 4594 3163 4662 τὴν
3196 4590 3373 4661 ψυχὴν
3401 4581 3551 4641 καὶτὸ

526 4698 544 4730 ι
571 4679 926 4734 Voluntatem
965 4681 1282 4736 timentium
1323 4655 1383 4736 se
1433 4681 1622 4746 faciet,
1657 4691 1713 4737 et
1762 4682 2104 4753 deprecatio-

2210 4680 2468 4734 ἀπολέσαι
2517 4655 2854 4754 ἐν’-γεέννῃ.
2874 4699 2893 4733 ι
2925 4680 3035 4733 Ναὶ
3063 4655 3382 4749 λέξω-ύμῖν,
3409 4669 3548 4727 αὐτὸν
3569 4655 3676 4731 φθῆ·

518 4782 648 4824 nem
695 4781 887 4842 eorum
934 4769 1191 4826 exaudiet
1231 4778 1287 4825 et
1338 4772 1519 4826 salvos
1557 4772 1722 4827 laciet
1748 4774 1885 4827 eos"
1935 4791 1953 4823 ι
1990 4773 2103 4827 Et:

525 4880 542 4910 ι
573 4859 1011 4915 Firmamentum
1052 4861 1317 4916 Dominus
1365 4863 1679 4919 timentium
1734 4871 1902 4927 se,.et
1934 4871 2104 4918 testa-

2207 4775 2357 4845 θητε.
2391 4774 2545 4846 Λύτῷ
2572 4775 2606 4845 ἡ
2631 4774 2757 4839 δόξα
2786 4776 2866 4838 είς
2891 4773 3018 4837 τοὺς
3044 4773 3266 4836 αἰῶνας.
3308 4767 3481 4840 Ἀμήν.

516 4959 766 5008 Inentum
811 4966 972 5005 suum
1028 4949 1403 5006 manifestabit
1435 4954 1556 5020 eis;
1619 4967 1748 5007 ecce
1798 4953 1949 5007 enim
2010 4949 2157 5008 oculi
2198 4945 2417 5008 Domini
2460 4968 2628 5023 super
2666 4951 2927 5008 timentes
2970 4967 3096 5005 eum
3119 4951 3160 5005 ⁸.
3191 4969 3208 5001 ι
3243 4949 3385 5004 Idem
3435 4942 3494 4997 de
3533 4933 3682 5003 seiPs":

516 5047 758 5102 Lretetur
812 5060 909 5102 cor
961 5059 1168 5110 meum,
1219 5053 1277 5098 et
1329 5045 1519 5100 timeat
1573 5063 1776 5105 nomen
1820 5049 2040 5103 tuum’.
2073 5067 2091 5099 ›
2137 5046 2366 5102 Alllatus
2405 5060 2626 5117 quoque
2697 5061 2828 5100 aura
2865 5045 3105 5116 Spiritus
3175 5039 3366 5103 sancti,
3423 5023 3682 5117 aitzti’ar'

517 5147 694 5210 ticeps
747 5154 850 5210 ego
898 5154 1019 5193 sum
1073 5138 1321 5193 omnium
1373 5139 1686 5195 timentium
1723 5151 1800 5208 te,
1834 5151 1889 5197 et
1916 5141 2352 5198 custodientium
2393 5115 2653 5196 mandata
2716 5149 2809 5194 tua
2833 5115 2945 5193 “.i
3015 5140 3252 5196 Iacobus
3308 5141 3515 5190 autem:
3566 5115 3684 5211 ‘0"?

515 5234 807 5288 desursum
852 5243 937 5288 est
975 5231 1266 5302 sapientia,
1308 5232 1548 5302 primum
1607 5233 1832 5305 quidem
1875 5235 2074 5306 pudica
2114 5246 2218 5302 est,
2287 5235 2488 5291 deinde
2552 5233 2798 5304 paciﬁca,
2864 5232 3133 5298 modesta,
3167 5227 3447 5288 suasibilis,
3476 5217 3600 5290 plena
3617 5220 3681 5262 ωι-

515 5324 817 5384 sericordia
846 5331 902 5380 et
934 5323 1214 5380 fructibus
1241 5323 1422 5393 bonis,
1445 5327 1654 5399 absque
1715 5327 2132 5400 dijudicatione,
2174 5329 2293 5384 sine
2363 5328 2757 5394 simulatione;
2802 5326 3025 5382 fructus
3072 5335 3250 5381 autem
3293 5315 3499 5394 justitim
3521 5310 3566 5363 in
3597 5310 3681 5374 [’3‘c

1949 5487 1993 5520 ἰ
2029 5487 2206 5543 Levit.
2258 5503 2345 5542 xu
2367 5527 2381 5552 ,
2437 5488 2528 5542 32.
2634 5488 2685 5520 θ’
2716 5486 3002 5552 Βουίηιιιι
3023 5527 3038 5551 ,
3066 5485 3160 5540 'll.
3281 5480 3325 5513 "
3351 5467 3545 5552 Μὲιθίέβο
3574 5449 3679 5552 π’,ξ’

2032 5527 2612 5628 π’ὲὲειΐῗέκῖᾉε.
2681 5527 3100 5625 οῖ’ὖῖὀῖ”ὲῖκζ
3118 5527 3132 5539 ’
3149 5527 3242 5614 ἐδ.
3263 5625 3286 5628 Α
3310 5527 3533 5628 dicen.
3557 5553 3588 5628 ι,
3619 5527 3676 5628 εξ-

2571 5601 3010 5698 ΓΕιὍΙῘῖιέἐίινῖ
3191 5601 3228 5660 ἲ
3260 5625 3391 5679 Psal.
3451 5601 3672 5698 siml-5":

3023 5703 3064 5733 '°
3095 5701 3233 5755 Psal.
3266 5707 3439 5755 cmu,
3467 5685 3539 5740 65.

585 5482 632 5514 τ’
656 5481 796 5534 Psal.
851 5497 1005 5545 XVIII,
1051 5484 1136 5539 l0.
1238 5486 1287 5518 ”
1311 5486 1485 5541 Exod.
1527 5505 1678 5553 xxm,
1723 5489 1814 5545 22.

539 5555 586 5589 ’⁸
613 5557 772 5612 Prov.
809 5573 847 5622 I,
879 5559 946 5624 7;
982 5559 1153 5616 Eccli.
1191 5575 1229 5620 ι,
1271 5562 1361 5616 l6.
1424 5564 1469 5594 "
1499 5564 1658 5615 Prov.
1697 5578 1811 5623 XIV.
1851 5561 1942 5617 97-

543 5629 587 5659 ”
617 5627 783 5682 Ecrli.
834 5646 960 5693 xxv,
1018 5631 1106 5683 H.
1175 5633 1190 5662 ¹
1231 5631 1394 5685 Eccli.
1427 5648 1464 5692 I.
1501 5633 1588 5686 15.
1654 5635 1673 5664 ⁸
1708 5634 1873 5688 lic-cli.
1919 5647 1956 5692 I,
1988 5631 2079 5685 20.

2214 5632 2345 5687 ibitl.
2379 5633 2471 5686 55.

545 5699 564 5728 ⁶
598 5696 740 5752 Psal.
780 5713 874 5762 cn,
910 5703 992 5756 ll.
1074 5699 1093 5729 ⁷
1127 5699 1267 5755 Psal.
1305 5717 1482 5768 (ιιιιν,
1524 5703 1603 5759 i9.
1681 5702 1701 5732 ⁸
1727 5701 1873 5757 Psal.
1910 5702 2174 5770 mni-1,
2210 5701 2298 5756 15.
2383 5705 2402 5734 ⁹
2438 5703 2507 5757 Ps
2549 5703 2585 5756 1.
2620 5719 2815 5768 Luxv,
2845 5705 2931 5757 ll.
