3918 6106
342 386 466 451 ΙΞΗ

912 528 1126 580 ΛΟΓΟΣ
1176 526 1300 582 PA'.

712 641 848 709 Περὶ
875 642 1197 706 βασιλείας
1224 638 1511 708 οὐραγῶν.

401 776 510 837 Τὰς
547 775 937 846 προλεχθείσας
975 776 1193 838 ἐντολὰς
1235 775 1329 829 τοῦ
1371 775 1506 829 Θεοῦ
1534 776 1893 848 τηρήσαντες,

334 870 427 921 ἐπὶ
457 868 553 936 τὴν
590 868 868 936 βασιλείαν
890 868 999 919 τῶν
1029 867 1273 939 οὐρανῶν
1304 869 1631 933 ἐπανίωμενο
1670 869 1797 937 περὶ
1828 862 1896 939 ἦς

333 963 421 1012 καῖ
451 958 477 1008 ὁ
510 958 653 1025 ἀγὼν
689 958 873 1019 πολὺς.
910 958 1003 1011 καὶ
1029 958 1477 1027 ἀπειροπλασίως
1504 960 1536 1028 ἡ
1566 960 1891 1021 ἀνάπαυσις.

336 1051 391 1101 El
416 1052 521 1118 γὰρ
541 1052 568 1103 ὁ
594 1050 924 1119 ὀρεγόμενος
952 1050 1049 1118 τῆς
1077 1050 1413 1119 προσκαίρου
1435 1049 1733 1119 βασιλείας,
1764 1049 1895 1102 πολ-

331 1141 427 1203 λας
460 1140 823 1210 ἀνδραγαθίας
854 1139 1232 1204 ἐπιδείκνυσιν,
1262 1141 1318 1193 ἐν
1350 1140 1627 1209 πολέμοις,
1656 1140 1752 1193 καὶ
1777 1157 1897 1193 κιν-

330 1231 525 1293 δύνοις,
562 1232 653 1283 καὶ
694 1230 1040 1299 ἀγρυπνίαις,
1074 1229 1168 1283 καὶ
1216 1230 1529 1302 μερίμναις,
1558 1231 1653 1283 καὶ
1689 1231 1892 1297 πόνοις,
1935 1299 1943 1307 ι

333 1322 423 1374 καὶ
445 1322 594 1374 οὐδὲν
620 1323 830 1391 ἡγεῖται
857 1320 1036 1382 πάσας
1060 1320 1156 1383 τάς
1178 1320 1580 1389 συμϐαινούσας
1608 1320 1755 1390 αὐτῷ
1778 1321 1894 1374 θλί»

331 1412 473 1481 ψεις,
506 1413 569 1480 τῇ
619 1411 794 1464 ἐλπίδι
839 1410 940 1479 τῆς
994 1410 1528 1481 ὀνειροπωλουμένης
1560 1411 1707 1483 αὐτῷ
1748 1412 1897 1481 βασι-

331 1504 498 1564 λείαςο
528 1501 622 1555 καὶ
646 1500 818 1554 ταῦτα
846 1500 1180 1574 προσκαίρου
1205 1502 1301 1554 καὶ
1332 1503 1702 1556 άνυποστάτου
1727 1505 1897 1575 ύπαρο

334 1595 555 1662 χούσῃς.
583 1593 768 1644 Ἔστιν
796 1592 851 1644 δὲ
879 1592 963 1645 ὅτε
986 1594 1079 1645 καὶ
1104 1592 1241 1662 μετὰ
1270 1593 1331 1646 τὸ
1359 1593 1537 1647 πάντα
1554 1594 1713 1648 πόνον
1739 1594 1895 1648 ἐκτε-

333 1684 485 1737 λέσαι
530 1684 711 1748 αὐτὸν,
754 1684 847 1737 καὶ
885 1682 1126 1752 νομίζειν
1171 1684 1273 1755 ἤδη
1313 1685 1370 1737 ἐν
1416 1686 1604 1756 χερσὶν
1649 1687 1791 1755 ἔχειν
1825 1684 1896 1739 τὰ

332 1775 678 1842 ἐλπιζόμενα,
711 1772 1238 1844 ἀνυπονόητος’άντ’
1289 1774 1474 1841 αὐτοῦ,
1524 1776 1782 1845 ἐφόρεσεν
1831 1776 1894 1829 τὸ

1196 394 1515 452 HOMILIA
1559 362 1783 453 CXXX.
1819 419 1880 429 -
1914 395 2009 454 DE
2053 395 2306 455 REGNO
2345 396 2746 475 CCEIDRUM.

3355 474 3361 478 γ
3435 394 3567 456 ista

2521 530 2799 587 HOMlLlA
2839 529 3050 585 CXXX.

2496 644 2570 698 De
2606 660 2767 714 regno
2802 643 3069 698 caelorum.

2069 771 2319 828 Mandata
2344 771 2437 828 Dei
2454 774 2713 841 superius
2745 773 2878 827 mihi
2918 773 3207 828 inducta'si
3238 773 3563 827 observave-
3614 771 3625 833 ἴ

2002 863 2219 918 rimus:
2255 863 2448 934 utique
2480 863 2547 917 ad
2579 879 2806 931 regnum
2842 863 3034 917 licebit
3077 878 3175 917 ceu
3226 863 3562 932 postliminio

2001 955 2182 1008 redire
2209 966 2223 1005 :
2256 969 2355 1022 pro
2376 968 2484 1037 quo
2513 954 2672 1008 nobis
2695 969 2803 1007 non
2824 970 2966 1009 unus
2988 970 3123 1025 agon
3145 952 3440 1017 indicitur;
3468 955 3561 1007 sed
3607 950 3612 977 ‘

2000 1055 2056 1101 et
2099 1060 2293 1100 secura
2330 1044 2549 1114 requies
2601 1045 2887 1114 multiplex
2931 1045 3291 1116 promittitur.
3317 1045 3561 1116 Regnum

2003 1136 2393 1206 temporarium
2433 1138 2605 1193 ambit
2631 1135 2906 1207 quis?hic
2945 1138 3171 1191 necesse
3222 1145 3305 1191 cst
3337 1147 3397 1190 ut
3448 1153 3563 1190 cxe-
3599 1130 3609 1176 ἕ

2003 1239 2086 1283 rat
2115 1240 2279 1300 atque
2308 1240 2549 1287 ostentet
2578 1227 2927 1295 strenuitatis
2964 1228 3262 1297 plurimum
3293 1229 3355 1282 in-
3384 1227 3561 1287 bellis.

2003 1322 2278 1389 periculis,
2323 1322 2593 1387 excubiis,
2633 1320 2810 1375 anxiis
2859 1319 3341 1380 sollicitudinibus,
3373 1318 3568 1373 labori-

2001 1411 2103 1465 bus
2128 1415 2404 1483 perplexis
2435 1432 2448 1468 :
2479 1412 2616 1468 nihil
2648 1410 2803 1466 ducit
2841 1411 3227 1466 tribulationes
3256 1425 3445 1465 omnes
3473 1426 3567 1464 un.

2000 1500 2288 1572 dec'unque
2316 1486 2658 1574 contingant,
2689 1517 2785 1571 spe
2815 1500 2945 1555 dum
2974 1501 3140 1557 alitur
3169 1501 3322 1572 regni
3358 1500 3440 1555 vel
3467 1516 3564 1570 per

2001 1590 2331 1647 insomnium
2372 1593 2683 1664 excogitati.
2715 1593 2783 1649 Et
2820 1592 2937 1647 haec
2967 1592 3210 1647 conditio
3236 1602 3318 1649 est
3358 1601 3565 1661 tempo-

2002 1685 2168 1751 rarii,
2226 1701 2329 1740 nec
2379 1702 2618 1755 unquam
2681 1683 3105 1740 constabiliendi
3164 1685 3333 1755 regni.
3388 1684 3560 1743 Adde,

2000 1774 2147 1844 quod
2213 1775 2361 1828 omni
2430 1776 2517 1829 vix
2568 1776 2847 1831 exantlato
2923 1774 3113 1829 labore
3181 1772 3326 1828 diem
3404 1790 3562 1828 suum

329 1864 598 1933 διάδημαο
646 1863 814 1917 ποίων
846 1862 1073 1930 ἀγώνων
1106 1863 1294 1923 δεῖται,
1350 1864 1444 1916 καὶ
1492 1865 1750 1935 σπουδῆς,
1801 1866 1893 1919 καὶ

1995 1867 2142 1930 obit;
2206 1882 2440 1935 cumque
2486 1882 2543 1920 se
2605 1866 2884 1921 existimat
2927 1865 2982 1919 in
3052 1865 3304 1919 manibus
3362 1865 3564 1920 habere

333 1953 657 2026 προθυμίας,
718 1956 815 2009 καὶ
881 1955 1207 2024 ἀγρυπνίας,
1264 1957 1358 2009 καὶ
1434 1957 1745 2027 μερίμνης,
1800 1957 1894 2010 καὶ

330 2046 587 2099 κινδύνων
621 2086 636 2112 ,
693 2047 787 2099 καὶ
859 2046 1123 2116 θλίψεων,
1175 2047 1268 2100 καί⁸
1320 2033 1655 2118 πειρασμῶν
1690 2090 1704 2115 ,
1759 2065 1895 2120 κρυ-

330 2136 479 2187 πτῶν
522 2154 579 2191 τε
618 2137 713 2189 καὶ
745 2138 1024 2209 φανερῶν,
1058 2139 1151 2191 καὶ¹
1190 2139 1464 2210 αίκισμῶν
1501 2140 1597 2192 καὶ
1626 2138 1892 2204 θανάτοιν,

328 2226 356 2278 ὁ
406 2225 727 2295 βουλόμενος
788 2228 885 2280 σὺν
941 2227 1161 2297 Χριστῷ
1204 2228 1496 2298 ἀδιαδόχως
1553 2227 1891 2299 βασιλεύειν;

329 2317 428 2370 Διά
454 2317 610 2370 τοῦτο
638 2318 687 2369 oi
711 2316 1076 2387 προλαϐόντες
1094 2318 1258 2386 ἆγιοι,
1283 2319 1474 2389 ἄνδρες
1495 2336 1555 2371 τε
1580 2320 1675 2372 καὶ
1704 2322 1894 2387 γυναῖ-

329 2424 447 2470 κες,
479 2409 574 2462 καὶ
598 2410 806 2472 παῖδες,
842 2407 1003 2478 μέχρι
1035 2408 1264 2462 θανάτου
1288 2410 1647 2478 ἠγωνίσαντο,
1683 2410 1767 2463 ἵνα
1800 2410 1895 2479 βαρ

332 2495 537 2557 σιλείας
581 2496 826 2565 οὐρανῶν
874 2496 1226 2567 ἐπιτύχωσιν.
1276 2498 1480 2569 Βιαστὴ
1522 2500 1631 2569 γάρ
1666 2501 1812 2553 ἐστιν
1859 2503 1892 2570 ή

332 2584 577 2651 βασιλεία
629 2586 739 2638 τῶν
793 2586 1059 2655 οὐρανῶν,
1114 2588 1209 2641 καὶ
1250 2591 1309 2641 ἐν
1363 2590 1525 2642 παντὶ
1583 2590 1893 2659 βιαζόμενοι

329 2674 557 2737 ἑαυτοὺς
582 2675 733 2728 αὐτοὶ
769 2676 1105 2745 ἁρπάζουσιν
1136 2678 1325 2750 αὐτήν.
1372 2678 1429 2731 Ὀ
1453 2680 1561 2750 γὰρ
1590 2680 1755 2743 ὅντως
1813 2681 1893 2733 εὐ-

326 2763 579 2830 νουχίσας
619 2765 807 2817 ἐαυτὸν
856 2764 944 2817 διὰ
986 2767 1086 2835 τὴν
1119 2766 1394 2835 βασιλείαν
1422 2768 1537 2819 τῶν
1568 2769 1832 2839 οὐρανῶν,
1859 2771 1891 2839 ἢ

331 2853 723 2923 παρθενεύσας,
737 2854 824 2908 διὰ
843 2856 1062 2909 πάντων
1080 2857 1361 2926 ὀφειλέτης
1379 2859 1524 2909 ἐστὶν
1541 2859 1687 2921 ἄξιον
1705 2859 1893 2912 ἐαυτὸν

327 2944 603 3008 ἀποδεῖξαι
631 2944 727 3013 τῆς
754 2943 1136 3013 βασιλείας.οὐ
1164 2945 1271 3016 γάρ
1296 2945 1352 2997 ἐν
1374 2946 1535 3017 λόγῳ,
1569 2947 1601 3018 ἢ
1632 2950 1889 3018 σχήματι,

325 3036 357 3105 ἢ
392 3034 690 3105 ὀνόματινῆ
720 3035 888 3102 γένει.
919 3036 951 3105 ἢ
985 3037 1247 3108 μορφῇςῆ
1281 3036 1489 3107 ἰσχύῖνῆ
1521 3038 1768 3108 χρόνῳιή
1805 3038 1893 3108 βα·

326 3122 502 3175 σιλεία
532 3123 639 3175 τῶν
664 3122 913 3194 οὐρανῶν
949 3123 1451 3194 καταλαμϐάνεται,
1482 3125 1595 3178 ἀλλ’
1624 3128 1682 3177 ἐν
1733 3126 1891 3177 δυνά-

329 3231 419 3284 μει
449 3214 707 3278 πίστεως,
734 3214 1184 3285 ἐπιδεικνυμένης
1216 3213 1352 3287 ἔργα
1378 3217 1633 3282 πίστεως.
1652 3217 1887 3270 Ἐπιδει-

321 3304 599 3374 κνυμένην
628 3306 735 3374 γὰρ
764 3305 948 3357 πίστιν
985 3306 1287 3374 ἀπαγγελεῖ
1303 3307 1507 3370 δίκαιος
1537 3309 1792 3377 ἐνεργῶς.
1825 3308 1888 3361 Τί

319 3396 379 3449 δέ
408 3398 581 3459 ἐστιν,
598 3395 900 3467 ἐνεργῶς,ἢ
921 3396 1010 3449 διὰ
1036 3395 1137 3463 τῆς
1162 3399 1473 3465 πρακτικῆς
1501 3398 1760 3466 ἐργασίας
1779 3397 1887 3451 τῶν

317 3487 551 3542 ἐντολῶν
577 3487 671 3541 τοῦ
702 3488 977 3555 Χριστοῦς
1014 3488 1069 3539 Ἀ
1082 3487 1337 3557 πέχεσθαι
1370 3487 1426 3540 δέ
1462 3488 1572 3540 τῶν
1606 3490 1884 3554 ἐναντίων,

314 3579 599 3632 τουτέστιν
624 3579 731 3631 τῶν
762 3577 1063 3647 σαρκικῶν,
1099 3578 1289 3649 ἡγουν,
1327 3579 1649 3633 διαϐολικῶν
1683 3598 1887 3653 φρονη-

319 3676 530 3747 μάτων,
587 3676 747 3730 ἆτινά
814 3677 974 3740 εἰσιν,
1007 3674 1253 3746 πορνεία,
1300 3674 1634 3747 ἀκαθαρσία,
1666 3677 1881 3730 είδωλο-

315 3768 562 3836 λατρεία,
587 3767 949 3836 φαρμακεῖαι,
1009 3766 1219 3838 ἔχθραι,
1254 3766 1419 3840 ἕρεις.
1475 3767 1647 3839 ζῆλοι,
1697 3771 1879 3841 θυμοὶ,

314 3857 571 3929 ἐριθεῖαι,
603 3856 949 3918 καταλαλιαὶ,
968 3855 1325 3926 διχοστασίαι,
1350 3856 1555 3926 φθόνοι,
1585 3859 1754 3928 φόνοι,
1786 3859 1885 3930 μέ-

312 3949 427 4014 θαι,
454 3949 650 4018 κῶμοι,
682 3946 1059 4018 εὐτραπελίαι,
1088 3947 1439 4017 μωρολογίαι,
1492 3948 1693 4023 γέλως,
1720 3951 1887 4018 ἀφρο.

312 4038 474 4108 σύνη,
504 4036 830 4107 σκώμματα,
851 4036 1192 4109 ψιθυρισμοί.
1216 4038 1431 4109 πικρία,
1455 4038 1615 4110 ὀργὴ,
1643 4039 1880 4110 κραυγὴ,

312 4127 677 4198 βλασφημίαι,
726 4126 1007 4197 φλυαρίαι,
1041 4127 1253 4192 κακίαι,
1308 4128 1633 4199 ἐφευρησεις
1667 4129 1876 4194 κακῶν,

308 4216 610 4287 ἐπιορκίαι,
667 4214 1007 4284 πολυλογίαι,
1061 4215 1430 4285 πλοκολογίαι,
1505 4217 1870 4287 βαττολογίαι,

310 4307 626 4378 μοχθισμοὶ,
650 4306 954 4376 βαναυσίαι,
985 4307 1434 4379 διαπαρατριϐαὶ,
1485 4310 1876 4381 προσκλήσεις,

307 4399 592 4469 βλακεῖαι,
624 4399 811 4466 τύφος,
846 4396 1142 4467 φυσιώσεις
1169 4399 1379 4467 γένους,
1413 4401 1646 4472 μορφῆς,
1670 4401 1876 4472 χώρας,

1994 1974 2115 2028 quae
2150 1974 2243 2024 spe
2273 1967 2689 2028 praecerpscrat,
2734 1973 2879 2012 unus
2912 1956 3113 2026 aliquis
3148 1956 3284 2011 citra
3318 1959 3562 2011 omnium

1995 2051 2365 2120 suspicionem
2447 2065 2545 2119 pro
2619 2050 2713 2105 illo
2769 2050 3097 2121 plerumque
3162 2049 3412 2103 diadema
3487 2060 3565 2103 tu-

1993 2142 2078 2197 lit.
2136 2140 2351 2208 Quanto
2400 2156 2570 2211 agone
2623 2155 2782 2210 opus,
2823 2155 2933 2210 quo
2983 2140 3200 2203 studio,
3256 2156 3417 2209 quam
3472 2157 3567 2194 ex-

1994 2241 2244 2304 prompta
2294 2231 2461 2286 animi
2520 2232 2822 2295 alacritate.
2876 2231 3079 2300 quibus
3127 2230 3363 2303 vigiliis,
3412 2232 3564 2286 solli—

1996 2320 2357 2383 citudinibus,
2389 2323 2672 2392 periculis,
2726 2323 3196 2395 tribulationibus,
3250 2323 3562 2378 tentationi-

1995 2414 2098 2468 bus
2124 2414 2341 2469 arcanis
2362 2414 2581 2483 quidem
2605 2421 2661 2468 et
2689 2414 2780 2467 vix
2815 2412 2912 2467 ulli
2944 2413 3243 2481 compertis
3269 2413 3559 2476 aerumnis;

1997 2502 2106 2555 imo
2164 2511 2221 2558 et
2279 2511 2413 2573 quot
2478 2502 2670 2556 mortis
2731 2501 2945 2571 species
3014 2500 3278 2557 adeunda!
3335 2503 3565 2556 veniunt

1993 2595 2042 2648 ei
2112 2594 2207 2664 qui
2260 2580 2392 2650 cum
2450 2593 2674 2649 Christo
2724 2600 2993 2647 aeternum
3052 2594 3204 2662 cupit
3272 2595 3563 2664 regnare?

1993 2683 2075 2739 Ob
2105 2684 2210 2739 hoc
2235 2700 2403 2738 unum
2437 2684 2607 2738 sancti
2639 2698 2832 2737 omnes
2869 2682 2963 2752 qui
3000 2690 3245 2737 nostram
3278 2683 3422 2738 hanc
3451 2699 3551 2737 an-

1994 2780 2339 2827 teverterunt
2362 2779 2601 2834 aetatem,
2632 2771 2761 2837 viri,
2793 2771 3077 2835 mulieres,
3103 2770 3214 2825 imo
3236 2779 3293 2825 et
3314 2773 3468 2841 pueri
3495 2772 3560 2826 ad

1995 2873 2228 2918 mortem
2283 2879 2457 2932 usque
2515 2871 2741 2918 strenue
2802 2862 3269 2917 decertaverunt:
3305 2850 3441 2932 quo.
3473 2864 3561 2917 vel

1994 2956 2212 3011 tandem
2275 2971 2445 3026 regno
2487 2950 2909 3025 perfruerentur
2944 2952 3256 3010 'cmlorum.
3309 2955 3560 3027 Regnum

1993 3046 2270 3115 siquidem
2303 3045 2528 3101 caeleste
2562 3046 2670 3099 vim
2704 3044 2928 3114 patitur.
2954 3046 3095 3101 illud
3146 3046 3292 3100 enim
3334 3047 3423 3115 pie
3470 3061 3561 3099 ra-

1995 3138 2174 3207 piunt,
2198 3138 2291 3206 qui
2324 3138 2381 3191 in
2409 3137 2669 3191 omnibus
2694 3152 2851 3191 suam
2887 3137 3127 3193 indolem
3160 3138 3227 3193 ad
3261 3137 3395 3193 vitia
3429 3154 3562 3208 pro-

1994 3228 2324 3298 pendentem
2378 3228 2602 3282 student
2648 3228 2930 3291 evincere,
2960 3230 3013 3283 vi
3074 3229 3309 3297 quadam
3358 3230 3560 3300 irjecta

1992 3333 2105 3370 sum
2138 3325 2371 3370 natura.
2403 3316 2665 3385 Quisquis
2694 3331 2793 3386 pro
2825 3316 3071 3372 celestis
3101 3316 3254 3386 regni
3286 3331 3559 3371 consecu-

1993 3405 2147 3458 tionc‘
2175 3420 2232 3458 se
2267 3421 2494 3474 prorsus
2525 3404 2822 3467 castravit,
2860 3413 2956 3458 aut
2980 3403 3198 3460 tuendae
3224 3406 3560 3476 virginitatis

1987 3495 2280 3549 obstrinxit
2302 3504 2451 3561 voto,
2471 3496 2648 3550 modis
2681 3496 2942 3550 omnibus
2972 3496 3150 3550 adniti
3181 3496 3371 3560 debet,
3410 3512 3467 3552 se
3499 3509 3560 3550 ut

1988 3586 2213 3657 dignum
2262 3602 2429 3657 regno
2478 3584 2688 3658 125.3
2720 3586 2996 3641 exhibeat.
3047 3587 3236 3657 Neque
3289 3588 3439 3642 enim
3491 3588 3554 3641 ad

1987 3677 2209 3731 caeleste
2233 3676 2366 3730 illud
2401 3692 2625 3746 regnum
2657 3676 2980 3747 provehitur
3004 3679 3148 3747 quis,
3173 3679 3560 3741 sermonc,ha-

1987 3769 2128 3834 bitu,
2176 3768 2470 3839 splendore
2504 3770 2761 3834 nominis,
2795 3770 3018 3842 generis
3065 3768 3558 3834 cléritudincJor—

1987 3879 2088 3919 mre
2140 3865 2431 3933 elegantia.
2469 3861 2791 3918 fortitudine
2841 3862 3113 3932 corporis,
3150 3872 3247 3917 aut
3287 3863 3555 3931 temporis

1988 3946 2383 4022 prolixitu'dine
2420 3970 2433 4006 :
2468 3953 2565 4008 sed
2625 3953 2828 4007 virtute
2880 3951 3026 4016 ﬁdei,
3051 3964 3217 4022 opera
3259 3951 3365 4006 ﬁde
3392 3953 3553 4021 digna

1986 4046 2455 4116 repraesentantis.
2489 4040 2631 4102 Sane
2664 4046 2826 4103 fidem
2881 4047 3153 4117 ejusmodi
3218 4046 3330 4099 vim
3392 4062 3554 4101 suam

1984 4144 2325 4202 exerentem,
2351 4136 2537 4206 justus
2565 4136 2872 4191 declarabit
2905 4136 3112 4191 eilicaci
3140 4144 3196 4191 et
3234 4137 3551 4207 operator-ia

1985 4228 2302 4297 impletione
2380 4227 2763 4283 mandatorum
2847 4227 3077 4283 Christi.
3144 4228 3547 4282 Abstinendum

1982 4319 2214 4390 proinde
2232 4327 2318 4373 est
2344 4319 2413 4372 ab
2435 4318 2693 4373 omnibus
2723 4334 2843 4388 qua:
2878 4319 3151 4373 mandatis
3180 4333 3244 4372 ex
3273 4319 3550 4373 contrario

1981 4408 2338 4463 obluctantur
2370 4425 2385 4461 :
2416 4410 2522 4462 hoc
2550 4414 2635 4463 est
2657 4449 2670 4471 ,
2699 4426 2726 4461 a
2746 4409 3064 4463 carnalibus
3095 4408 3269 4471 vitiis,
3294 4409 3553 4464 videlicet

305 4491 565 4555 πλούτου,
580 4490 829 4562 ἀνδρείας
851 4491 1137 4562 σαρκικῆς,
1151 4489 1327 4561 λόγου·
1350 4492 1557 4562 ἐριθεία
1576 4494 1712 4562 μετά
1729 4493 1880 4560 φιλο-

1990 4514 2015 4553 a
2042 4499 2312 4553 diabolica
2368 4498 2518 4553 omni
2570 4498 2866 4567 prudentia
2914 4498 2981 4552 ad
3015 4508 3191 4568 quam
3233 4498 3550 4553 referuntur

305 4583 540 4648 νεικίας,
571 4585 745 4652 μῖσος,
778 4583 1134 4652 μνησικακία,
1162 4581 1409 4652 ὀξυχολία
1433 4623 1447 4647 ,
1495 4584 1673 4653 μῆνις,
1706 4583 1875 4649 δόλος,

303 4671 684 4736 ἀνταπόδοσις,
730 4672 1159 4743 γαστριμαργία,
1234 4673 1545 4742 ἀπληστία,
1598 4673 1878 4738 πλεονεξία

299 4765 424 4835 ἥτις
448 4764 595 4816 ἐστὶν
620 4762 1029 4833 είδωλολατρεία
1045 4778 1059 4791 ο
1085 4762 1486 4834 φιλαργυρία,ή
1515 4761 1637 4835 ῥίζα
1659 4764 1877 4818 πάντων

310 4855 410 4907 τῶν
442 4852 651 4917 κακῶν,
688 4851 1035 4922 φιλοκοσμία,
1068 4851 1358 4916 κενοδοξία,
1393 4853 1676 4923 φιλαρχία,
1711 4855 1878 4908 αὐθὰ-

298 4949 441 5011 δεια,
496 4942 794 5013 θρασύτης,
852 4941 1131 5006 ἀλαζονία,
1198 4945 1232 5014 ἥ
1287 4943 1531 4997 καλεῖται
1583 4945 1869 5016 λοιμός-ης·

300 5034 678 5106 ὑπερηφανία,
710 5028 950 5107 ᾖὸΘεδς
996 5033 1396 5087 ἀντιτάσσεται.
1432 5035 1638 5096 Ταῦτα,
1663 5037 1757 5089 καὶ
1805 5040 1874 5090 τα

295 5127 508 5188 τούτοις
537 5126 701 5193 ὃμοια
724 5126 873 5188 ὅστις
897 5125 1010 5196 ἔχει
1034 5126 1091 5178 ἐν
1115 5124 1586 5196 ἐαυτῷ,σαρκικός
1607 5131 1755 5181 ἐστιν
1779 5129 1871 5182 καὶ

296 5217 519 5280 υίὸςτοῦ
539 5215 804 5271 ἐναντίου.
831 5216 904 5269 Τὸ
922 5216 1029 5286 γὰρ
1049 5218 1412 5285 γεγενημένον
1438 5220 1501 5270 ἐκ
1527 5218 1624 5288 τῆς
1648 5220 1866 5288 σαρκὸς,

299 5308 441 5378 σάρξ
462 5309 614 5359 ἐστιν
634 5323 647 5337 ο
682 5310 775 5359 καὶ
797 5309 824 5360 ὁ
848 5309 913 5361 ἐκ
950 5309 1049 5376 τῆς
1077 5310 1179 5378 γῆς
1209 5307 1303 5373 ὣν,
1329 5309 1398 5362 τά
1446 5311 1547 5380 τῆς
1573 5311 1676 5379 γῆς
1696 5310 1866 5375 λαλεῖ,

294 5401 364 5453 τά
389 5400 491 5468 τῆς
517 5401 621 5468 γῆς
641 5396 777 5469 ἔργα
808 5399 1042 5469 φρονῶν.
1084 5398 1159 5451 Τὸ
1186 5398 1292 5469 γάρ
1320 5400 1574 5471 φρόνημα
1601 5404 1701 5470 τῆς
1733 5419 1867 5472 σαρ-

294 5494 411 5555 κδς,
440 5489 612 5560 ἔχθρα
640 5491 719 5554 είς
746 5490 877 5544 Θεόν
928 5493 1094 5545 ἐστιν.
1133 5490 1223 5561 Τῷ
1283 5491 1389 5561 γὰρ
1414 5492 1563 5562 νόμῳ
1604 5492 1697 5545 τοῦ
1731 5493 1865 5547 Θεοῦ

293 5584 392 5650 οὐχ
425 5578 795 5633 ὑποτάσσεται
815 5597 829 5612 ’
861 5581 979 5633 οὐδὲ
1002 5582 1109 5651 γὰρ
1139 5581 1360 5637 δύναται
1386 5598 1398 5611 ⁸
1434 5583 1525 5636 καὶ
1564 5584 1620 5636 ἐν
1646 5582 1725 5653 τῷ
1750 5601 1864 5638 τοι-

291 5672 437 5741 ούτῳ
459 5672 560 5723 οὐκ
585 5673 726 5724 οίκεῖ
748 5671 806 5725 τὸ
834 5671 1055 5742 Πνεῦμα
1086 5672 1345 5726 τοῦΘεοῦ.
1380 5693 1396 5725 ι
1428 5675 1500 5727 Οὐ
1534 5676 1605 5746 μὴ
1625 5678 1731 5748 γάρ
1762 5696 1862 5730 κα-

293 5762 549 5834 ταμείνῃ,
589 5763 774 5831 φησὶν,
809 5763 867 5815 τὸ
902 5762 1124 5833 Πνεῦμα
1157 5781 1254 5832 μου
1289 5766 1345 5817 ἐν
1385 5767 1496 5828 τοϊς
1552 5768 1860 5837 ἀνθρώποις

1984 4588 2101 4643 inec
2134 4606 2146 4640 :
2178 4588 2495 4653 fornicatio,
2545 4588 2898 4643 immunditia
2921 4630 2933 4654 ,
2960 4590 3267 4644 idololatria
3291 4630 3305 4652 ,
3346 4589 3550 4642 veneti-

1980 4682 2150 4746 cium,
2181 4681 2504 4745 inimicitiae,
2531 4682 2939 4746 contentiones,
2957 4682 3126 4747 zelus,
3152 4682 3547 4741 animositates.

1980 4773 2134 4836 rixae,
2197 4771 2588 4837 detractiones,
2649 4772 2977 4837 seditiones,
3026 4773 3271 4838 invidias,
3321 4773 3500 4827 credes
3532 4814 3545 4837 ,

1977 4863 2296 4928 ebrietates,
2321 4864 2829 4929 commessationes,
2866 4865 3273 4930 scurrilitates,
3306 4864 3549 4919 stultilo-

1975 4957 2124 5025 quia,
2159 4958 2325 5020 risus,
2362 4957 2754 5027 imprudentia,
2791 4957 3026 5014 dicteria
3057 4972 3153 5011 seu
3202 4956 3421 5018 cavilla,
3450 4970 3536 5009 su-

1975 5050 2174 5114 surria,
2208 5050 2540 5114 amaritudo,
2577 5051 2681 5115 ira,
2707 5049 2935 5111 clamor,
2964 5049 3329 5119 blasphemia,
3363 5064 3542 5117 nugae,

1973 5139 2202 5201 malitia,
2237 5139 2653 5195 adinveutioncs
2685 5141 2976 5201 malorum,
3002 5137 3265 5208 periuria,
3296 5136 3543 5191 multilo-

1972 5230 2123 5299 quia,
2153 5228 2328 5283 dolosi
2361 5244 2670 5293 sermones,
2703 5229 3080 5299 garrulitates,
3108 5229 3501 5284 insultationes
3523 5268 3538 5291 ,

1972 5329 2161 5389 turpes
2189 5328 2245 5374 et
2271 5320 2570 5374 illiberales
2591 5329 2756 5381 artes,
2793 5335 3068 5389 perversae
3088 5321 3537 5384 exercitationes,

1971 5409 2024 5462 in
2094 5410 2186 5478 jus
2249 5408 2607 5471 vocationes,
2658 5407 2927 5473 lascivize,
2982 5408 3165 5474 fatus,
3220 5411 3537 5479 arrogantia
3585 5398 3597 5451 ί

1969 5509 2196 5569 propter
2218 5514 2408 5568 genus,
2434 5498 2694 5565 lormam,
2738 5501 2995 5570 patriam,
3022 5501 3269 5564 divitias,
3308 5503 3533 5557 fortitu-

1967 5591 2151 5645 dinem
2182 5589 2451 5659 corporis,
2483 5604 2794 5646 sermonem
2824 5610 2836 5645 :
2879 5594 3164 5649 contentio
3191 5608 3318 5649 cum
3356 5594 3533 5663 pervi-

1966 5681 2137 5741 cacia,
2179 5680 2388 5742 odium,
2424 5680 2635 5751 injuriae
2664 5691 2901 5752 accepta!
2933 5684 3260 5750 recordatio,
3309 5685 3530 5738 iracun-

1965 5773 2074 5836 dia,
2112 5771 2473 5826 inveteratum
2506 5772 2713 5839 odium,
2739 5773 2919 5840 dolus,
2952 5773 3192 5831 vindicta
3227 5776 3530 5846 inexplebi-
