3918 6106
250 313 389 377 Ῑῖ-ίθ

1589 314 2188 374 EXOMOLOGESIS.

3357 307 3492 370 1850

248 432 486 501 κςδομὴν
542 431 605 483 ἐκ
656 430 792 483 Θεοῦ
827 428 1043 498 ἔχομεν,
1081 427 1261 482 οίκίαν
1310 427 1726 497 ἀχειροποίητον
1760 426 1815 479 ἑν

1922 435 1977 479 et
2034 440 2262 495 regnum
2315 433 2369 478 et
2422 431 2687 493 potestas,
2722 431 2779 477 et
2835 424 3094 493 majestas
3146 438 3333 490 regum
3395 425 3492 493 qui

245 522 360 583 τοῖς
383 522 652 592 οὐρανοῖς.
702 541 721 571 ι
763 521 874 574 Καὶ
900 523 928 573 6
960 521 1188 589 Πέτρος,
1237 538 1255 570 ι
1288 518 1475 582 Οὕτως
1506 520 1614 589 γὰρ
1661 528 1821 571 πλου-

249 613 384 674 σίως
430 613 969 684 ἐπιχορηγηθήσεται
998 614 1130 682 ἡμῖν
1160 612 1415 682 ήεῑσοδος
1455 612 1531 674 εἰς
1568 609 1665 681 τὴν
1694 609 1819 662 αἰώ-

247 720 360 755 νιον
404 702 678 771 βασιλείαν
715 702 807 755 τοῦ
843 703 1048 769 Κυρίου
1079 701 1237 772 ήμῶν
1278 700 1451 766 Ἰησοῦ
1500 699 1758 771 Χριστοῦ.
1797 717 1815 751 ι

259 794 318 846 Ὀ
333 794 387 846 δὲ
416 794 618 863 Κύριος
642 792 798 863 ἡμῶν
825 796 917 846 καὶ
936 793 1154 863 Σωτὴρ,
1178 812 1196 843 ι
1239 793 1305 845 Ἠ
1336 791 1601 862 βασιλεία,
1636 793 1820 861 φησιν,

246 884 354 938 τῶν
384 883 630 953 οὐρανῶν
660 885 925 955 βιάζεται,
953 885 1049 936 καὶ
1103 884 1321 953 βιασταὶ
1358 882 1700 954 ἁρπάζουσιν
1730 884 1825 935 αὖ·

244 977 369 1044 τήν.
395 994 415 1026 ι
444 977 549 1028 Καὶ
572 990 585 1002 ⁶
630 994 647 1026 ι
694 976 758 1027 'll
790 975 1035 1045 βασιλεία
1058 975 1166 1027 τῶν
1219 976 1464 1044 οὐρανῶν
1498 975 1646 1036 ἐντὸς
1670 974 1823 1040 ὑμῶν

246 1068 420 1120 ἔστιν.
460 1086 478 1118 ι
511 1068 620 1120 Καὶ
644 1067 826 1131 πάλιν,
869 1085 886 1117 ι
925 1066 1205 1137 Μακάριοι
1238 1068 1286 1120 οἱ
1318 1068 1523 1136 πτωχοὶ
1557 1066 1634 1137 τῷ
1661 1064 1823 1119 πνεύ-

251 1174 436 1224 ματι.»
460 1158 588 1220 Καὶ,
619 1176 638 1208 ι
659 1159 936 1228 Μακάριοι
956 1161 1003 1211 οἱ
1032 1158 1589 1227 δεδιωγμένοιὲνεκεν
1616 1158 1823 1210 δίκαιοι

249 1248 439 1317 σύνης,
453 1250 535 1301 ὅτι
563 1249 739 1301 αὐτῶν
757 1253 907 1303 ἐστιν
931 1251 964 1318 ή
981 1250 1227 1320 βασιλεία
1247 1248 1358 1301 τῶν
1376 1249 1639 1319 οὐρανῶν.
1654 1269 1673 1300 ι
1695 1251 1823 1315 Καὶ,

255 1361 277 1392 ς
306 1342 472 1394 Δεῦτε
524 1341 578 1394 οἱ
619 1341 976 1411 εὐλογημένοι
1028 1340 1126 1394 τοῦ
1158 1342 1371 1410 Πατρός
1405 1357 1530 1409 μου,
1569 1340 1827 1409 κληρονο-

249 1434 465 1502 μήσατε
494 1434 593 1503 τὴν
614 1433 1027 1502 ἡτοιμασμένην
1065 1433 1195 1503 ὑμῖν
1225 1432 1523 1501 βασιλείαν.
1567 1432 1825 1483 Ἀποστε-

246 1522 469 1592 λεῖνγάρ
489 1524 518 1575 6
556 1523 682 1585 Υἱὸς
704 1524 795 1575 τοῦ
826 1523 1141 1592 ἀνθρώπου,
1168 1524 1294 1583 τοὺς
1341 1521 1607 1589 ἀγγέλους
1637 1519 1822 1584 αὐτοῦ,

246 1616 346 1668 καὶ
378 1616 596 1681 συνάξει
622 1617 685 1667 ἐκ
710 1614 809 1683 τῆς
840 1614 1114 1683 βασιλείας
1152 1612 1317 1666 αὐτοῦ
1348 1614 1526 1666 πάντα
1556 1612 1624 1665 τὰ
1663 1612 1827 1665 σκάνι-

244 1708 405 1773 δαλα,
447 1712 539 1761 καὶ
566 1708 693 1771 τοὺς
711 1708 1004 1770 ποιοῦντας
1038 1706 1137 1776 τὴν
1193 1705 1445 1772 ἀνομίαν,
1478 1704 1571 1758 καὶ
1601 1703 1824 1773 βάλλου-

1923 516 2115 571 subter
2138 529 2300 570 omne
2330 517 2553 580 malum,
2573 516 2697 569 data
2716 523 2846 569 sunt
2867 518 3073 570 sanctis
3094 516 3358 571 Altissimi
3375 519 3440 570 τί.
3469 538 3487 570 ι

1923 615 1980 661 et
2007 607 2294 661 Joannes:
2339 624 2361 657 ‹
2400 606 2525 661 llaec
2583 615 2670 662 est
2717 606 3009 677 promissio
3033 622 3196 677 quam
3240 610 3498 678 promisit

1922 701 2107 765 nobis,
2129 702 2241 755 vita
2257 712 2462 756 aeterna
2486 703 2531 732 ⁷³
2558 722 2576 752 ι
2599 700 2807 772 1247
2827 702 3064 756 Paulus:
3090 720 3106 750 ι
3132 702 3329 757 Nostra
3355 719 3494 756 con-

1924 794 2169 849 versatio
2215 795 2271 849 in
2300 794 2456 849 cmlis
2484 803 2590 859 est,
2632 794 2778 849 unde
2808 795 2972 848 etiam
3012 794 3353 849 Salvatorem
3396 813 3492 850 cx-

1924 895 2243 955 spectamus
2266 886 2556 938 Dominum
2585 894 2838 938 nostrum
2865 885 3050 938 Jesnm
3070 884 3378 952 Christum,
3399 888 3493 956 qui

1926 977 2252 1032 reformabit
2274 992 2476 1046 corpus
2504 977 2833 1031 humilitatis
2859 986 3061 1031 nostra:
3091 976 3491 1046 conliguratum

1925 1069 2143 1138 corpori
2185 1068 2319 1122 clari
2349 1070 2457 1122 atis
2489 1068 2710 1122 snaa'h
2734 1068 2972 1123 lterum:
2994 1088 3010 1118 ι
3030 1067 3132 1134 Qui
3160 1069 3365 1138 eripuit
3394 1086 3494 1123 nus

1924 1159 1994 1213 de
2042 1167 2312 1229 potestate
2358 1159 2709 1213 tenebrarum
2762 1168 2819 1213 et
2861 1160 3141 1213 transtulit
3174 1159 3229 1213 in
3264 1175 3493 1229 regnum

1928 1251 2050 1305 Filii
2082 1250 2401 1305 dilectionis
2429 1266 2543 1304 sum
2568 1250 2635 1304 ⁷⁸.
2673 1268 2796 1301 »-‹
2833 1251 3065 1320 Propter
3082 1251 3227 1319 quod
3264 1266 3491 1320 regnum

1925 1342 2122 1397 stabile
2151 1354 2206 1395 et
2242 1342 2627 1396 inconcussum
2659 1342 2993 1410 accipientes
3014 1383 3026 1405 ,
3066 1341 3333 1396 habemus
3366 1358 3493 1412 gra-

1928 1433 2090 1497 tiam,
2119 1448 2218 1502 per
2251 1447 2415 1502 quam
2455 1432 2569 1486 Deo
2594 1432 2807 1501 placide
2838 1432 3198 1501 obsequimur
3225 1431 3494 1486 ἠρ-διεῖ-

1926 1538 2049 1577 mus
2076 1525 2223 1577 enim
2252 1523 2378 1593 quia
2396 1524 2442 1578 si
2473 1525 2969 1578 terrestrlsdomus
2993 1533 3179 1578 nostra
3213 1524 3377 1593 hujus
3408 1528 3497 1577 ha-

1926 1614 2214 1669 bitationis
2257 1613 2618 1681 dissolvatur,
2650 1615 2797 1685 quod
2824 1615 3245 1670 aediﬁcationem
3278 1631 3343 1669 ex
3385 1615 3495 1669 Deo

1928 1706 2216 1770 habemus,
2254 1707 2479 1759 domum
2523 1721 2634 1760 non
2689 1706 3079 1766 manul‘aclam.
3125 1715 3389 1761 αξιοι-ηοω
3440 1706 3492 1760 ἰιι

249 1815 337 1850 σιν
360 1800 553 1862 αὐτοὺς
603 1800 683 1862 είς
709 1798 807 1869 τὴν
850 1798 1082 1867 κάμινον
1122 1794 1217 1849 τοῦ
1250 1796 1442 1864 πυρός.
1483 1795 1618 1847 Τότε
1666 1796 1716 1846 οἱ
1746 1793 1815 1845 δί-

1930 1797 2085 1852 caelis
2109 1798 2175 1846 ⁷⁸.
2200 1816 2218 1847 ι
2255 1798 2455 1851 Petrus
2485 1798 2645 1852 item:
2676 1816 2695 1848 ι
2739 1798 2830 1852 Sic
2860 1800 3009 1852 etiim
3028 1798 3372 1851 abundanter
3394 1798 3496 1851 ad-

245 1908 395 1942 καιοι
443 1891 816 1961 ἐκλάμψουσιν
860 1890 935 1953 ὡς
963 1892 992 1943 6
1022 1890 1173 1960 ἥλιος
1224 1890 1283 1940 ὲν
1327 1889 1393 1957 τῇ
1444 1885 1697 1956 βασιλείᾳ
1727 1886 1815 1938 τοῦ

1931 1888 2338 1964 ministrabitur
2363 1889 2521 1945 vobis
2548 1889 2807 1943 introitus
2854 1890 2912 1943 in
2949 1898 3212 1943 aeternum
3263 1904 3493 1959 regnum

247 1980 461 2051 Πατρδς
508 1982 712 2034 αὐτῶν.
752 2000 770 2032 ι
806 1982 928 2033 Ὅτι
964 1978 1128 2032 αὑτοῦ
1161 1980 1305 2031 ἐστιν
1339 1980 1371 2047 ή
1425 1976 1699 2046 βασιλεία,
1729 1977 1815 2029 καὶ

1922 1980 2136 2033 Domini
2188 1980 2361 2034 nostri
2404 1980 2532 2035 Jesu
2562 1979 2765 2035 Christi
2796 1977 2861 2034 ⁷⁷.
2913 2001 2931 2031 ι
2977 1981 3241 2035 Dominus
3273 1995 3494 2050 quoque

244 2076 277 2142 ή
317 2072 565 2142 δύναμι·,
586 2073 680 2126 καὶ
708 2076 738 2141 ή
771 2073 895 2136 δόξα
928 2072 1024 2124 τοῦ
1054 2072 1288 2141 ὶῖατρὸς,
1311 2069 1519 2123 καὶτοῦ
1542 2069 1696 2132 Tim),
1729 2067 1815 2120 καὶ

1920 2081 2129 2134 noster,
2155 2080 2212 2125 et
2271 2079 2474 2136 nostra;
2532 2073 2779 2127 omnium
2828 2073 3027 2126 salutis
3084 2072 3305 2136 vindex,
3370 2073 3489 2126 ait:

241 2168 341 2219 τοῦ
364 2170 516 2235 ἀγίου
535 2169 673 2222 Πνεύ
684 2185 880 2238 ματος,
906 2168 1138 2220 πάντοτε
1164 2166 1260 2220 νῦν
1309 2166 1402 2219 καὶ
1440 2165 1525 2218 ἀεὶ
1548 2206 1562 2230 ,
1611 2165 1705 2216 καὶ
1741 2164 1815 2224 εἰς

1925 2181 1943 2213 ι
1982 2162 2228 2230 Regnum
2255 2162 2522 2216 cmlorum
2543 2162 2653 2215 vim
2678 2163 2907 2232 patitur,
2930 2171 2987 2217 et
3019 2162 3245 2217 violenti
3273 2162 3494 2231 rapiunt

244 2262 373 2321 τοὺς
398 2260 599 2323 αἰῶνας
633 2260 740 2311 τῶν
774 2258 1003 2312 αἰώνων.
1054 2259 1248 2328 Ἀμήν.

1919 2251 2052 2307 illud
2086 2253 2150 2303 ⁷⁸.
2195 2272 2215 2303 ι
2253 2252 2321 2306 Ει
2348 2269 2362 2306 :
2389 2272 2407 2303 ι
2428 2253 2676 2321 Regnum
2699 2254 2962 2308 calorum
2988 2254 3132 2307 intra
3164 2269 3261 2308 vos
3278 2261 3362 2307 est
3387 2254 3486 2306 ⁷⁸.»

246 2349 509 2402 lterum:
561 2367 579 2397 ι
633 2346 784 2400 Beati
851 2362 1124 2415 pauperes
1181 2346 1381 2415 spiritu
1410 2345 1477 2407 ⁸⁸,
1513 2362 1532 2394 ι
1574 2351 1630 2396 et
1662 2361 1680 2393 ι
1725 2340 1827 2408 Qui
1863 2342 2302 2410 persecutionem
2354 2342 2642 2411 patiuntur
2690 2352 2916 2412 propter
2986 2345 3296 2413 justitiam,
3356 2359 3495 2413 quo-

246 2439 399 2491 niam
458 2438 700 2508 ipsorum
751 2446 836 2491 est
897 2452 1128 2506 regnum
1189 2437 1457 2490 caelorum
1484 2433 1552 2485 ⁸³.
1595 2452 1613 2483 ι
1645 2433 1713 2487 Et
1740 2450 1753 2486 :
1786 2452 1806 2484 ι
1837 2432 2047 2495 Venite,
2074 2432 2346 2486 benedicti
2378 2433 2556 2487 Patris
2587 2435 2715 2498 mei,
2749 2435 3023 2503 possidete
3054 2446 3302 2505 paratum
3334 2435 3492 2489 vobis

247 2548 481 2600 regnum
521 2548 551 2585 a
588 2531 981 2585 constitutione
1008 2531 1199 2585 mundi
1220 2531 1286 2583 ".
1320 2548 1426 2581 ι-
1475 2548 1495 2579 c
1524 2528 1705 2583 Mittet
1745 2527 1891 2581 cnim
1925 2527 2097 2580 Filius
2117 2526 2355 2580 hominis
2371 2529 2594 2597 angelos
2614 2544 2763 2593 suos,
2789 2529 3215 2600 ctcongregabit
3235 2528 3303 2583 de
3324 2544 3492 2599 regno

245 2645 351 2681 suo
387 2628 573 2683 omnia
598 2627 875 2691 scandala,
915 2636 970 2681 et
1003 2627 1099 2696 qui
1126 2626 1334 2680 faciunt
1371 2624 1719 2693 iniquitatem
1753 2640 1766 2675 :
1798 2630 1854 2677 et
1899 2621 2121 2675 mittent
2151 2637 2247 2677 eos
2277 2624 2332 2677 in
2361 2624 2636 2677 caminum
2660 2625 2820 2695 ignis.
2848 2625 3002 2678 Tunc
3035 2624 3165 2695 justi
3207 2622 3493 2693 fulgebunt

245 2728 393 2773 sicut
415 2721 493 2773 sol
530 2721 583 2773 in
608 2735 776 2789 regno
805 2720 986 2774 Patris
1003 2735 1197 2773 eorum
1223 2718 1291 2772 ⁸³.
1332 2737 1348 2768 ι
1405 2718 1511 2787 Ipsi
1549 2718 1696 2770 enim
1740 2724 1827 2768 est
1861 2730 2092 2783 regnum
2122 2724 2178 2768 et
2207 2716 2449 2784 potentia
2485 2724 2542 2769 et
2571 2717 2740 2785 gloria
2772 2716 2969 2778 Patris,
2996 2729 3051 2768 et
3080 2714 3239 2780 Filii,
3271 2722 3328 2768 et
3365 2713 3490 2783 Spi-

247 2811 395 2863 ritus
419 2810 593 2863 sancti
617 2826 632 2873 ;
692 2810 868 2864 ubivis
916 2811 1159 2864 locorum
1199 2818 1254 2864 et
1287 2824 1455 2875 nunc,
1484 2816 1540 2862 et
1560 2822 1796 2876 semper,
1825 2815 1880 2861 et
1913 2807 1967 2859 in
1990 2807 2186 2861 secula
2215 2808 2506 2862 intermina
2528 2809 2871 2863 sazculorum.
2896 2808 3090 2862 Amen.

319 2950 360 2979 τ’
399 2949 530 3002 Dan.
562 2966 655 3013 vn,
678 2950 877 3013 21,29,
901 2951 990 3003 ‘27.
1099 2952 1143 2981 ⁷¹
1171 2950 1370 3005 lJoan.
1398 2965 1453 3011 ll,
1476 2948 1566 3002 25.
1674 2948 1719 2978 ⁷³
1754 2945 1815 2999 Pl

1928 2963 2021 3010 ιιι,
2052 2946 2143 3009 20,
2177 2947 2266 3000 21.
2378 2946 2422 2979 ⁷⁸
2456 2946 2673 3003 Coloss.
2704 2947 2855 3012 1,15.
2955 2950 3000 2979 "
3026 2949 3192 3003 Hebr.
3231 2965 3305 3003 ιιιι
3327 2990 3341 3014 ,
3398 2948 3487 3002 28.

243 3019 291 3050 ⁷⁸
320 3019 367 3073 Π
405 3018 532 3072 Cor.
568 3036 620 3084 ν,
656 3023 700 3073 l.
778 3022 818 3051 ⁷⁷
848 3021 893 3074 ΙΙ
916 3022 1061 3075 Ριιιτ.
1099 3022 1253 3084 ι,1ι.
1364 3020 1406 3049 ⁷⁸
1435 3018 1621 3073 \latth.
1654 3033 1728 3082 Il,
1756 3016 1815 3069 12

1950 3017 1994 3046 ⁷⁸
2032 3016 2167 3071 Luc.
2201 3016 2435 3084 xvu,21.
2538 3018 2583 3049 ⁸⁰
2611 3017 2801 3072 Matth.
2839 3036 2868 3074 γ
2894 3060 2909 3085 ,
2941 3017 2994 3073 5.
3098 3020 3140 3050 ‘“
3205 3019 3339 3073 ibid.
3401 3017 3488 3074 10.

243 3088 289 3121 ⁸⁸
317 3088 507 3142 Matth.
536 3105 659 3154 xxv,
696 3090 784 3144 54.
861 3091 908 3122 ⁸³
930 3089 1118 3144 Matth.
1150 3106 1267 3153 xm,
1297 3090 1489 3143 All-65.

1845 3257 1914 3268 .—

682 3379 943 3463 ΠΕΡΙ
1014 3375 1710 3471 ΠΡΟΣΕΥΧΗΣ,
1783 3375 1978 3458 ΚΑΙ
2047 3364 3056 3460 ΕΞΟΜΟΛΟΓΗΣΕΩΣ.

860 3644 1802 3738 EXOMOLOGESIS
1885 3650 1981 3737 S.
2065 3649 2168 3738 P.
2242 3642 2879 3738 ANTIOCHI.

311 3950 487 4019 Κύριε
509 3986 523 4008 .
570 3946 600 3997 6
627 3946 760 4009 Θεὸς
791 3946 819 3998 6
845 3947 1262 4019 παντοκράτωρ,
1300 3950 1329 4002 6
1361 3949 1532 4019 μέγας
1563 3952 1657 4005 καὶ
1683 3952 1815 4006 θαυο

1988 3955 2243 4020 Dumine,
2281 3955 2430 4010 Deus
2458 3953 2833 4025 omnipotens,
2862 3971 3093 4027 magnus
3131 3966 3187 4012 tu
3222 3967 3283 4013 et
3309 3960 3490 4016 admi-

242 4041 475 4112 μαστὸς.
511 4040 538 4091 6
571 4038 860 4107 φυλάσσων
888 4036 986 4107 τήν
1013 4039 1280 4110 διαθήκην
1310 4057 1426 4103 σου,
1458 4042 1552 4096 καὶ
1581 4044 1642 4096 τὸ
1668 4044 1814 4110 ἔλεός

1918 4047 2133 4112 rabilis,
2165 4047 2259 4117 qui
2292 4045 2543 4101 custodis
2583 4055 2974 4102 testamentum
3004 4056 3161 4103 tuum
3184 4058 3241 4105 et
3265 4053 3484 4107 miseri-

240 4150 338 4189 σου
392 4132 510 4192 τοῖς
556 4128 813 4197 ἀγαπῶσί
834 4156 837 4161 -
860 4147 920 4181 σε
970 4131 1063 4183 καὶ
1100 4134 1212 4193 τοῖς
1244 4132 1574 4198 φυλάσσουσι
1603 4136 1702 4199 τὰς
1730 4138 1814 4188 ὲνο

1918 4141 2160 4193 cordiam
2218 4147 2368 4193 tuam
2408 4138 2496 4193 his
2538 4137 2632 4207 qui
2666 4146 2729 4193 te
2770 4139 3011 4208 diligunt
3067 4148 3124 4194 et
3164 4144 3488 4198 custodiunt

238 4224 401 4283 τολάς
449 4237 543 4273 σου
562 4259 577 4283 ,
631 4219 897 4290 μνήσθητι
917 4220 1022 4273 τῶν
1045 4221 1344 4292 οἰκτιρμῶν
1368 4239 1461 4275 σου
1492 4224 1586 4277 καὶ
1603 4225 1671 4278 τὰ
1689 4225 1812 4298 ὲλέη

243 4330 357 4376 σου,
390 4312 474 4365 ὃτι
504 4311 610 4364 ἀπὺ
637 4310 729 4363 τοῦ
758 4310 952 4373 αίῶνος
980 4312 1117 4363 εἰσίν
1136 4328 1149 4341 ·
1202 4314 1297 4365 καὶ
1345 4314 1419 4383 μὴ
1451 4314 1684 4387 ὲπιλάθῃ
1716 4320 1814 4383 τῆς

238 4403 513 4472 διαθήκης
562 4400 657 4453 σοῦ
704 4401 910 4469 λέγων⁸
972 4421 988 4452 ι
1028 4402 1153 4454 Ἐὰν
1197 4402 1298 4464 τὰς
1340 4403 1558 4467 ἐντολάς
1593 4422 1695 4473 μου
1736 4408 1811 4477 μὴ

237 4495 538 4563 φυλάξητε,
571 4493 943 4563 ἐπισκέψομαι
972 4496 1030 4545 ἐν
1052 4494 1234 4564 ῥάϐδῳ
1259 4494 1357 4556 τὰς
1379 4496 1610 4563 ἀνομίας
1632 4498 1809 4567 ὑμῶν,

238 4587 336 4641 xal.
384 4589 443 4643 ὲν
485 4586 704 4656 μάστιξι
748 4590 846 4648 τὰς
876 4586 1084 4648 ἀδικίας
1114 4585 1267 4656 ὑμῶν
1289 4602 1302 4616 ο
1359 4587 1419 4640 τὸ
1447 4587 1504 4640 δὲ
1533 4588 1679 4652 ἔλεός
1708 4607 1810 4658 μου

235 4678 299 4730 οὐ
352 4677 430 4747 μὴ
479 4676 818 4731 διασκεδάσω
849 4677 940 4744 ἀφ’
971 4676 1145 4743 ὑμῶν,
1184 4676 1280 4728 καὶ
1308 4675 1378 4729 τὰ
1404 4678 1812 4748 ἐκπορευόμενα

232 4768 325 4823 διὰ
376 4767 486 4822 τῶν
533 4765 757 4836 χειλέων
804 4783 908 4837 μου
956 4768 1016 4819 οὐ
1069 4766 1144 4836 μὴ
1180 4766 1488 4838 ἀθετήσω.»
1527 4770 1799 4842 Πιστωθή-

232 4875 417 4912 τωσαν
466 4859 518 4910 ot
566 4856 716 4924 λόγοι
760 4873 883 4913 σου.
916 4855 1161 4909 Δέσποτα
1190 4857 1392 4923 ἀγαθὲ,
1431 4859 1522 4910 καὶ
1550 4855 1682 4931 ἆρον
1710 4865 1809 4924 τὰς

236 4949 518 5019 ἁμαρτίας
547 4948 728 5017 ήμῶν,
762 4950 791 4999 6
819 4946 1121 5017 οἰκτίρμων
1164 4950 1256 5001 καὶ
1290 4948 1678 5020 μακρόθυμος·
1726 4952 1810 5004 ὅτι

233 5039 353 5104 σοὶ,
402 5040 593 5110 Κυρίῳ
635 5038 712 5108 τῷ
753 5037 872 5106 Θεῷ
900 5038 1056 5108 ἡμῶν
1078 5078 1093 5102 ,
1129 5041 1163 5110 ή
1194 5039 1529 5111 δικαιοσύνη.
1571 5042 1729 5112 Ἡμῖν
1753 5043 1808 5096 δὲ

233 5131 266 5198 ἡ
296 5132 529 5202 αίσχύνη
559 5132 669 5183 τῶν
696 5129 1003 5201 προσώπων
1028 5131 1317 5202 ἐκάλυψεν,
1340 5132 1414 5195 ὡς
1437 5133 1621 5203 ἡμέρα
1645 5133 1808 5205 αὕτη,

234 5222 317 5274 ὅτι
364 5225 687 5292 ἡμαρτομεν
736 5223 981 5276 ἐναντίον
1018 5240 1134 5288 σου,
1164 5223 1359 5296 Κύριε,
1395 5225 1490 5278 καὶ
1538 5226 1637 5279 οὐκ
1692 5227 1803 5279 εἰσ-

1915 4230 2172 4285 mamlata
2212 4231 2339 4284 tual
2394 4230 2600 4284 Memor
2643 4238 2764 4284 esto
2810 4230 3226 4285 miserationum
3262 4241 3482 4288 tuarum

1912 4329 1968 4375 et
1993 4321 2235 4389 copiosae
2268 4317 2674 4374 misericordiae
2705 4326 2832 4384 tuae,
2867 4333 2989 4387 quae
3014 4334 3045 4372 a
3090 4319 3296 4373 saeculo
3330 4329 3476 4374 sunt.

1912 4412 1989 4467 Ne
2021 4411 2369 4466 obliviscaris
2412 4410 2726 4465 testamenti
2759 4410 2839 4463 tui
2880 4448 2893 4472 .
2928 4410 3019 4479 qui
3067 4410 3254 4465 dixisti
3302 4428 3314 4464 :
3355 4430 3372 4463 ι
3420 4411 3479 4466 Si

1913 4501 2168 4556 mandata
2210 4515 2330 4555 mea
2361 4516 2471 4555 non
2505 4500 2902 4563 custodieritis,
2946 4500 3186 4555 visitabo
3223 4500 3278 4555 in
3326 4502 3479 4573 virga

1912 4594 2234 4663 iniquitates
2262 4601 2496 4659 vestras,
2531 4601 2592 4647 et
2618 4592 2676 4647 in
2701 4593 3031 4649 verberibus
3060 4593 3360 4665 injustitias
3388 4612 3485 4651 ve-

1910 4694 2053 4739 stras
2083 4702 2097 4737 :
2128 4685 2570 4739 misericordiam
2600 4692 2785 4738 autem
2812 4700 2989 4739 meam
3024 4702 3135 4741 non
3166 4687 3479 4759 dispergam

1911 4794 1943 4833 a
1977 4777 2134 4833 vobis
2165 4794 2178 4829 :
2215 4787 2275 4831 et
2304 4792 2426 4847 qua
2457 4776 2770 4846 procedunt
2794 4792 2894 4847 per
2916 4777 3064 4834 labia
3095 4794 3237 4844 mea,
3268 4796 3377 4835 non
3406 4781 3482 4835 fa-

1910 4869 2054 4923 ciam
2090 4868 2246 4923 irrita
2289 4869 2354 4922 εδ.
2398 4888 2416 4919 ι
2462 4867 2872 4924 Conﬁrmentur
2912 4885 3200 4926 sermones
3245 4872 3333 4925 isti
3375 4873 3479 4935 tui,

1910 4958 2056 5013 llere
2072 4957 2503 5027 benignissime:
2529 4966 2587 5012 et
2606 4956 2759 5013 aufer
2792 4967 3016 5028 peccata
3032 4967 3243 5017 nostra,
3273 4960 3480 5029 quippe

1909 5049 2003 5120 qui
2057 5049 2351 5104 miseratur
2385 5066 2445 5104 es
2492 5049 2842 5120 long-animis.
2876 5049 2999 5104 Tibi
3044 5050 3193 5104 enim
3244 5050 3480 5105 Domino

1911 5144 2022 5198 Deo
2052 5152 2263 5207 nostro,
2292 5143 2547 5213 justitia;
2600 5143 2763 5197 nobis
2794 5154 2979 5196 autem
3029 5142 3279 5197 confusio
3312 5144 3481 5199 facies

1911 5241 2132 5289 nostras
2169 5233 2482 5303 adoperuit,
2517 5241 2579 5287 ut
2619 5233 2736 5287 [nec
2782 5231 2905 5287 dies
2950 5234 3187 5302 probat:
3223 5236 3317 5304 qui
3353 5251 3482 5305 pec-

238 5314 550 5384 ηκούσαμεν
598 5316 698 5386 τῆς
729 5316 914 5385 φωνῆς
949 5334 1042 5371 σου
1062 5358 1077 5382 ,
1108 5317 1203 5370 τοῦ
1255 5320 1585 5389 πορεύεσθαι
1615 5323 1673 5375 ὲν
1694 5324 1805 5386 τοῖς

1918 5325 2158 5381 cavimus
2188 5341 2375 5380 coram
2406 5334 2477 5382 te.
2496 5324 2947 5394 Domine,neque
2971 5327 3355 5382 cxandivimus
3385 5344 3480 5380 vo-

235 5407 623 5477 προστάγμασί
652 5425 766 5467 σου,
794 5403 876 5473 οἷς
905 5408 1115 5471 ἔδωκας
1142 5409 1283 5463 κατά
1311 5411 1602 5480 πρόσωπον
1626 5412 1800 5482 ήμῶν.

245 5496 389 5549 Ἀλλ’
439 5498 783 5568 ἡθετήσαμέν
834 5515 925 5561 σε,
981 5500 1185 5572 Κύριε,
1235 5503 1264 5554 6
1307 5501 1441 5566 Θεὸς
1487 5505 1673 5575 ἡμῶν,
1711 5506 1804 5558 καὶ

162 5632 167 5635 .
234 5586 497 5657 ἐκολλήθη
541 5590 620 5652 εἰς
653 5590 796 5658 qua;
839 5590 905 5642 τὰ
937 5591 1081 5644 κακὰ
1114 5591 1181 5644 τὰ
1213 5592 1424 5660 μεγάλα
1453 5594 1642 5647 ταῦτα.
1695 5596 1806 5650 Καὶ

299 5723 343 5759 ⁸⁸*
375 5727 513 5780 l’sul.
545 5745 796 5796 unum,
820 5728 1000 5783 32—335-

1912 5430 2031 5470 cem
2071 5423 2243 5481 tuam,
2274 5423 2335 5469 ut
2381 5413 2793 5468 ambularemus
2824 5412 2877 5466 in
2909 5414 3185 5469 mandatis
3227 5417 3338 5472 tuis
3358 5435 3481 5486 que

1912 5505 2114 5560 dedisti
2141 5507 2195 5560 in
2223 5514 2523 5575 conSpectn
2558 5513 2780 5559 nostro:
2811 5505 2906 5559 sed
2936 5508 3374 5576 contempsimus
3405 5519 3478 5573 ιιι,

1911 5595 2142 5650 Domine
2180 5596 2323 5651 Deus
2364 5605 2573 5662 noster,
2617 5612 2794 5666 coque
2822 5597 3169 5653 cohmscruut
3205 5601 3364 5657 nobis
3399 5602 3483 5656 iu-
