3918 6106
505 275 641 341 1851
1750 284 2052 342 ΑΝῘΙΟΩῙ

2160 280 2497 342 MONACHI
3586 276 3673 340 lli»!

502 390 690 459 gentia
740 388 879 440 mala
923 388 1057 442 haec.
1096 388 1174 443 Ne
1217 390 1297 444 sic
1333 390 1558 459 quidem
1589 394 1846 447 conversi
1889 410 2049 446 sumu

2127 402 2153 451 ἢ
2185 391 2294 443 οὐδ’
2327 390 2502 452 οὕτως
2536 392 2628 440 ἐπε
2643 388 2953 458 στρέψαμεν
2984 386 3213 454 φυλάξαι
3257 386 3325 441 τὰ
3354 389 3674 459 προστάγματα

504 482 573 536 ad
631 481 939 537 custodiam
990 481 1376 536 mandatorum
1426 491 1682 548 tuorum,
1732 483 1947 554 125.8
1982 500 2051 539 se:

2185 500 2278 537 σου
2300 500 2312 513 ·
2369 484 2483 536 ἀλλ’
2515 482 2790 553 ἐρχόμεθα
2822 482 3054 545 ἕκαστος
3101 485 3163 535 ἐκ
3195 481 3433 545 διανοίας
3460 482 3593 552 ἡμῶν
3614 486 3674 555 τῆς

506 572 783 626 abivimus
798 571 1177 641 unusquisque
1206 572 1258 625 in
1286 587 1451 627 sensu
1484 574 1639 642 pravi
1665 575 1850 629 cordis
1877 576 2053 631 nostri

2182 576 2424 643 πονηρᾶς
2472 576 2695 643 ποιῆσαι
2744 572 2814 625 τὰ
2856 573 3073 642 πονηρᾶ
3124 574 3244 628 κατ’
3291 574 3565 644 ὀφθαλμῶν
3599 593 3672 640 σου,

507 671 566 716 ut
621 663 928 718 faceremus
979 679 1102 733 qua:
1146 663 1286 718 mala
1336 672 1464 718 sunt
1497 680 1684 721 coram
1733 668 1914 722 oculis
1944 668 2079 732 tuis,
2181 667 2378 738 Κύριε.

508 755 759 809 Domine.

572 844 714 898 Ecce
757 842 1073 898 sanctuaria
1125 853 1312 899 nostra
1358 846 1476 900 haec
1509 846 1728 902 deserta
1762 866 1775 901 :
1808 848 2080 903 Divinitas

2250 849 2360 901 Καὶ
2393 847 2504 902 ίδοὺ
2536 847 2604 899 τὰ
2631 848 2759 915 ἀγισ
2790 847 2949 917 ἡμῶν
2976 847 3180 918 ἔρημα,
3216 848 3315 900 καὶ
3346 848 3380 916 ἡ
3408 845 3546 908 πόλις
3570 849 3673 915 πυρί-

507 934 617 1004 igni
644 948 911 988 succensa
943 941 1050 995 est,
1090 936 1330 1004 populus
1366 936 1419 989 in
1460 938 1837 1006 captivitatem
1868 940 2054 996 abduci

2178 955 2450 1004 καυστος,
2506 942 2601 992 καὶ
2648 941 2677 992 ὀ
2721 938 2849 1001 λαὸς
2894 938 3410 1013 αἰχμάλωτοςηκαὶ
3445 937 3670 1006 ἐγενόμεθα

507 1035 615 1089 tus,
649 1024 776 1079 facti
805 1040 996 1080 sumus
1038 1025 1093 1079 in
1117 1027 1478 1095 opprobrium
1506 1028 1589 1083 his
1620 1031 1714 1099 qui
1747 1031 1802 1084 in
1834 1031 2054 1086 circuitu

2180 1031 2258 1092 είς
2307 1029 2643 1099 ὀνειδισμὸν,
2704 1027 2800 1081 καὶ
2846 1028 2926 1089 είς
2961 1028 3161 1080 ἄϐατον
3194 1031 3309 1091 τοῖς
3342 1027 3519 1097 κύκλῳ
3543 1026 3671 1096 ἡμῶν·

504 1127 699 1171 nostro
723 1128 872 1173 sunt.
903 1118 1258 1174 Faetisumus
1280 1120 1476 1174 subtus
1502 1131 1559 1175 et
1578 1138 1688 1175 non
1711 1138 1875 1192 supra
1898 1142 1914 1177 :
1946 1124 2051 1193 qui:

2178 1123 2273 1175 καὶ
2298 1122 2631 1191 ἐγενήθημεν
2655 1120 2758 1172 ὑπὸ
2783 1121 2958 1180 κάτω.
2996 1122 3088 1174 καὶ
3113 1122 3214 1173 ούκ
3237 1122 3444 1183 ἐπάνω,
3467 1120 3538 1172 ὅτι
3555 1121 3673 1188 ἡμάρ

505 1210 856 1277 peecavitnus
889 1210 987 1263 tibi
1028 1211 1263 1264 Domino
1294 1211 1405 1264 Deo
1445 1220 1657 1277 nostro,
1687 1229 1753 1266 eo
1786 1214 1935 1283 quod
1966 1231 2052 1269 n01

2178 1213 2345 1280 τομέν
2375 1230 2476 1269 σοι.
2512 1214 2704 1283 Κυρίῳ
2728 1213 2805 1283 τῷ
2832 1214 2953 1284 Θεῷ
2977 1213 3156 1285 ἡμῶν,
3185 1213 3326 1284 πρὸς
3349 1213 3411 1265 τὸ
3435 1210 3504 1281 μὴ
3522 1210 3675 1264 ἀκούετε

503 1297 815 1355 audivimus
854 1314 1043 1355 vocem
1095 1310 1265 1356 tuam.
1311 1300 1393 1357 0b
1431 1303 1536 1358 hoc
1559 1304 1818 1373 expulisti
1862 1320 1985 1367 nos,
2023 1322 2050 1361 c

2175 1303 2277 1372 τῆς
2323 1303 2505 1373 φωνῆς
2543 1321 2657 1358 σου.
2706 1306 2803 1358 Διά
2831 1305 2987 1358 τοῦτο
3016 1304 3222 1360 ἀπώσω
3248 1307 3417 1375 ἡμᾶς,
3447 1305 3531 1356 καὶ
3552 1303 3661 1355 καδεί

423 1463 429 1471 ι
505 1393 854 1446 commovisti
890 1403 1092 1448 terram
1144 1400 1201 1447 et
1244 1395 1588 1450 conturbasti
1629 1411 1772 1450 eam:
1803 1396 1970 1451 Caele:

2175 1395 2266 1458 λες
2296 1397 2461 1463 ἡμᾶς.
2496 1397 2591 1449 καὶ
2623 1398 2937 1460 συνέσεισας
2965 1398 3062 1467 τὴν
3084 1399 3217 1467 γῆν,
3260 1397 3359 1449 καὶ
3384 1395 3678 1463 συνετάραξις

505 1492 562 1536 tu
588 1484 918 1554 longanimis
944 1501 1069 1540 cum
1088 1486 1165 1541 sis
1183 1496 1238 1542 et
1258 1488 1501 1556 copiosa:
1525 1488 1918 1544 misericordiae
1947 1506 2052 1544 san:

2178 1488 2370 1559 αὐτήν.
2416 1486 2555 1542 Ἀλλ’
2601 1488 2676 1551 ὼς
2729 1489 3084 1559 μακρόθυμος
3128 1491 3221 1542 καὶ
3254 1488 3548 1549 πολυέλεος,
3578 1487 3677 1538 ἴασαι

502 1575 870 1631 contritiones
907 1577 1048 1647 ejus,
1081 1578 1211 1647 quia
1242 1589 1516 1634 commota
1559 1590 1649 1635 est
1694 1582 2049 1637 vehementer

2176 1581 2247 1634 τά
2273 1581 2660 1652 συντρίμματα
2682 1583 2873 1650 αὐτῆς,
2906 1583 2989 1635 ὅτι
3019 1581 3285 1651 ἐσαλεύθη
3317 1578 3593 1649 σφόδρα.’0
3612 1578 3679 1645 γὰρ

502 1666 747 1736 Populus
788 1670 936 1724 enim
983 1680 1114 1725 tuus
1149 1680 1414 1740 expertus
1451 1683 1537 1727 est
1573 1674 1734 1737 dura,
1764 1690 1933 1744 super
1964 1692 2049 1745 qut

2133 1732 2149 1745 _
2179 1672 2311 1734 λαός
2358 1689 2450 1725 σου
2497 1673 2609 1725 ῐδεν
2644 1673 2858 1743 σκληρά
2878 1716 2891 1738 ,
2943 1666 3005 1726 οὗ
3053 1674 3113 1726 τὸ
3145 1673 3320 1741 ὄνομά
3352 1689 3443 1725 σου
3474 1670 3528 1724 τ’)
3554 1670 3680 1722 καινήν

499 1731 708 1812 frustra
740 1759 1056 1817 invocatum
1102 1771 1189 1817 est
1220 1778 1423 1817 nomen
1466 1773 1642 1819 tuum.
1678 1765 1895 1835 Impleti
1947 1782 2046 1822 sun

2133 1732 2150 1785 ³
2182 1731 2542 1833 ἐπικέκληται
2578 1764 2664 1814 ἐπ’
2692 1731 2889 1818 αὐτ-ἀνί
2933 1731 3368 1835 Ἐπληριτιθησαν
3393 1763 3496 1832 γὰρ
3518 1764 3558 1813 oi
3579 1760 3680 1825 λόγοι

501 1863 792 1906 sermones
845 1854 1242 1922 prophetarum
1308 1862 1532 1909 tuorum
1589 1872 1920 1929 super_nos,
1946 1860 2048 1929 qui:

2180 1852 2291 1905 τῶν
2342 1852 2636 1923 προφητῶν
2683 1869 2776 1905 σου
2826 1853 2910 1919 ἐφ’
2940 1854 3126 1923 ἡμᾶς,
3160 1854 3245 1905 ὅτι
3287 1851 3572 1905 ιἭλθοσαν
3596 1847 3680 1913 ἔθνη

508 1961 525 1990 ι
568 1942 853 2000 Venerunt
881 1955 1074 2015 gentes
1110 1942 1175 2002 in’
1196 1948 1580 2003 haareditatem
1635 1924 1806 2016 luam,
1851 1959 1907 2005 et
1952 1924 2055 2022 pol-

2180 1946 2260 2007 είς
2289 1943 2384 2013 τὴν
2414 1942 2779 2014 κληρονομίαν
2808 1961 2901 1997 σου
2919 1983 2934 2005 ,
2983 1945 3078 1999 καὶ
3106 1944 3344 2014 ἐμίαναν
3371 1943 3458 1995 τὸν
3483 1942 3594 1994 ναὸν
3618 1939 3678 1991 tbi

500 2032 727 2089 luerunt
773 2037 1037 2107 templum
1077 2047 1230 2092 tuum
1278 2037 1347 2104 ",
1392 2058 1411 2090 ι
1472 2038 1528 2093 in
1582 2056 1692 2109 quo
1749 2041 2047 2112 mysterium

2219 2035 2334 2103 γιόν
2370 2052 2487 2097 σου,
2521 2055 2539 2087 ι
2577 2037 2636 2088 ἐν
2663 2028 2707 2102 ᾧ
2737 2036 2798 2088 τὸ
2826 2036 2924 2104 τῆς
2953 2036 3269 2104 οἰκονομίας
3300 2033 3396 2087 τοῦ
3430 2029 3681 2103 μονογενοκ

502 2121 806 2191 perfectum
830 2134 915 2179 est
948 2126 1379 2196 dispensationis
1416 2129 1695 2200 Unigeniti
1721 2131 1824 2196 tui,
1851 2141 1908 2186 et
1944 2147 2043 2187 san

2182 2140 2275 2177 σου
2314 2124 2437 2176 Υἱοῦ
2472 2124 2922 2195 ὲτελεσιουργήθη
2959 2127 3281 2196 μυστήριον,
3317 2127 3411 2179 καὶ
3443 2125 3681 2192 ἐνέπρησαν

502 2215 773 2269 ctuarium
806 2226 960 2271 tuum
998 2218 1107 2289 igni
1159 2221 1608 2287 succenderunt;
1645 2225 1777 2292 quin
1814 2236 1892 2287 et,
1927 2245 1945 2275 ι
1983 2225 2047 2280 Je

2181 2221 2313 2292 πυρὶ
2343 2221 2401 2273 τὸ
2431 2222 2788 2289 ἀγιαστὴριὸν
2814 2238 2907 2275 σου
2932 2262 2946 2282 .
2986 2240 3005 2271 ι
3043 2222 3154 2273 Καὶ
3182 2222 3371 2274 ἔθεντο
3399 2217 3680 2288 Ἰερουσαλὴμ

503 2305 739 2359 rusalcm
788 2319 1095 2375 posuerunt
1152 2310 1207 2365 in
1256 2327 1545 2381 pomorum
1596 2316 1902 2371 custodiam
1946 2318 2014 2372 “.

2183 2312 2259 2373 ὼς
2287 2312 2757 2381 ὀπωροφιιλάκιον,
2788 2330 2807 2361 ι
2867 2313 2960 2364 καὶ
2992 2311 3061 2365 τὰ
3090 2313 3394 2383 θνησιμαῖα
3419 2311 3517 2363 τῶν
3537 2308 3681 2361 δούὴον

502 2394 789 2450 Morticina
827 2414 1116 2453 servorum
1163 2410 1384 2456 tuorum
1416 2404 1470 2458 in
1503 2406 1689 2460 medio
1724 2408 1881 2478 juxta
1918 2425 1983 2464 ac
2016 2410 2049 2463 it

2180 2424 2274 2461 σου
2293 2448 2309 2473 ,
2341 2407 2399 2459 ἐν
2434 2407 2583 2476 μέσῳ
2611 2407 2703 2459 καὶ
2730 2406 2914 2475 κύκλῳ
2946 2404 3305 2473 Ἰερουσαλήμ
3327 2419 3341 2431 '
3402 2420 3420 2451 ι
3447 2400 3545 2452 Καὶ
3569 2398 3592 2447 ό
3615 2396 3679 2449 ϐἀ·

502 2484 736 2539 circuitu
766 2486 1070 2542 Jerusalem
1098 2490 1297 2557 passim
1329 2492 1558 2561 disjecta
1593 2506 1746 2562 sunt,
1772 2515 1790 2547 ι
1811 2498 1926 2552 Nec
1955 2514 2046 2552 era

2181 2515 2331 2550 πτων
2362 2499 2464 2550 οὐκ
2489 2493 2579 2567 ἦν.
2607 2516 2626 2549 ι
2667 2497 2777 2550 Καὶ
2808 2497 2907 2563 τὴν
2940 2496 3093 2564 ἰσχὺν
3123 2493 3314 2563 ἡμῶν,
3346 2494 3436 2545 καὶ
3462 2486 3680 2556 καλλονὴν.

501 2577 596 2645 qui
620 2576 881 2645 sepeliret
909 2576 956 2609 ⁸⁷
989 2599 1007 2631 ι
1041 2579 1445 2638 Fortitudinem
1468 2595 1736 2651 nostram,
1775 2603 2048 2643 ornament

2178 2588 2271 2641 καὶ
2302 2587 2366 2640 τὸ
2394 2588 2665 2655 σωτήριον
2692 2585 2852 2654 ἡμῶν
2882 2585 2972 2638 τὸν
3003 2584 3240 2652 σταυρὸν
3268 2582 3364 2636 τοῦ
3391 2578 3598 2651 Χριστοῦ
3621 2592 3681 2629 σω

504 2674 619 2720 tum
654 2682 718 2721 ac
738 2668 909 2723 decus
930 2689 941 2731 ;
966 2672 1159 2727 salutis
1186 2674 1406 2744 inquam
1442 2687 1645 2732 nostra:
1674 2694 1849 2747 spem,
1874 2695 2051 2750 nempi

2179 2679 2506 2749 παρέδωκας
2536 2680 2649 2740 τοῖς
2678 2675 3040 2739 ὑπεναντίοις,
3068 2676 3163 2728 καὶ
3186 2673 3517 2743 ἐγενήθημεν
3536 2668 3682 2726 δνειδσς

503 2771 720 2812 crucem
786 2758 1030 2826 Christi,
1068 2764 1355 2820 tradidisti
1395 2766 1523 2821 ﬁdei
1575 2767 1914 2824 adversariis
1967 2771 2044 2842 (l)

2178 2770 2289 2830 τοῖς
2325 2768 2560 2835 γείτοσιν
2595 2764 2750 2836 ἡμῶν
2773 2804 2788 2828 ,
2842 2766 2935 2819 καὶ
2982 2767 3093 2827 τοῖς
3125 2764 3348 2834 μακρὰν
3376 2756 3682 2834 μυκτηρισμδς

506 2845 654 2901 Facti
689 2864 882 2905 sumus
943 2856 1304 2922 opprobrium
1356 2866 1465 2911 tam
1518 2859 1718 2913 vicinis
1763 2876 1927 2929 quam
1975 2878 2047 2931 qu

2178 2860 2273 2912 καὶ
2323 2858 2631 2928 χλευασμὸς
2685 2858 2822 2910 πᾶσι
2868 2859 2980 2919 τοῖς
3023 2856 3241 2917 ἔθνεσι,
3295 2854 3374 2907 ὄτι
3405 2848 3681 2917 ἀπέστρεψις

503 2936 823 3006 longissime
854 2941 1033 2997 dissiti
1075 2955 1223 3010 sunt,
1249 2948 1606 3004 subsanualio
1634 2959 1689 3004 et
1726 2950 1928 3007 derisio
1956 2968 2050 3007 om

2177 2951 2326 3020 ἡμᾶς
2375 2951 2456 3012 είς
2496 2950 2562 3003 τὰ
2594 2949 2774 3001 ὀπίσω
2811 2947 2960 3018 παρὰ
2992 2948 3116 3009 τοὺς
3146 2944 3379 3015 ἐχθροὺς
3404 2943 3560 3011 ἡμῶν.
3606 2936 3678 2990 Καὶ

506 3028 673 3083 nibus
702 3032 980 3098 gentibus.
1024 3037 1280 3091 Avertisti
1310 3039 1457 3093 enim
1494 3056 1594 3094 nos
1624 3050 1922 3096 retrorsum
1950 3061 2049 3113 pos

2132 3084 2141 3102 .
2176 3041 2226 3093 οί
2264 3039 2547 3107 μισοῦντες
2578 3040 2725 3108 ἡμᾶς
2756 3036 3052 3107 διήρπαζον
3082 3037 3319 3098 ἑαυτοῖς.
3374 3034 3586 3138 Ἐδωκῇ
3607 3028 3679 3094 γὰρ

506 3118 761 3175 inimicos
795 3132 1036 3189 nostros,
1092 3134 1146 3179 et
1174 3128 1268 3196 qui
1300 3129 1537 3184 oderunt
1578 3146 1676 3186 nos
1698 3174 1711 3197 ,
1742 3133 2049 3204 diripieban

2132 3118 2146 3135 ⁶
2188 3132 2337 3201 ἡμᾶς
2393 3128 2470 3193 ὡς
2523 3129 2770 3199 πρόϐατα
2824 3127 3097 3199 βρώσεως,
3133 3126 3231 3179 καὶ
3289 3127 3346 3176 ἐν
3389 3125 3491 3185 τοῖς
3530 3119 3679 3173 ἔθνεσιν

506 3210 862 3266 sibi.Detlisti
897 3229 999 3268 nos
1036 3222 1293 3285 tanquam
1325 3234 1455 3272 oves
1484 3219 1550 3273 ad
1573 3235 1752 3275 escam
1783 3225 2053 3292 expositas

2181 3223 2497 3292 διέσπειρας
2522 3222 2690 3291 ἡμᾶς,
2710 3223 2801 3274 καὶ
2825 3221 3023 3275 ἀπέδου
3046 3221 3137 3272 τὸν
3158 3219 3293 3271 λαόν
3312 3234 3401 3271 σου
3418 3216 3531 3270 ἄνευ
3544 3210 3678 3279 τιμῆς.

506 3312 562 3357 et
587 3303 730 3358 inter
763 3312 955 3375 gentes
980 3305 1289 3389 dispersisti
1319 3325 1440 3364 nos.
1470 3309 1780 3367 Vendidisti
1816 3317 2053 3385 populuu

2182 3316 2276 3368 καὶ
2304 3315 2401 3367 οὐκ
2424 3310 2491 3384 ἦν
2523 3313 2729 3383 πλῆθος
2758 3314 2817 3366 ἐν
2845 3315 2958 3376 τοῖς
2986 3311 3375 3379 ἀλαλάγμασιν
3398 3306 3556 3379 ἡμῶν.
3580 3303 3679 3366 Παρ-

509 3404 663 3449 tuum
699 3395 819 3450 sine
856 3398 1055 3466 pretio,
1087 3408 1143 3454 et
1189 3415 1298 3454 non
1331 3410 1449 3455 erat
1495 3404 1793 3459 multitudo
1831 3407 1886 3461 in
1927 3422 2048 3461 com

2184 3407 2389 3468 έδωκας
2436 3405 2546 3476 γὰρ
2595 3407 2743 3474 ἡμᾶς
2796 3406 2877 3467 εἱς
2917 3405 3109 3473 χεῖρας
3144 3401 3355 3472 ἐχθρῶν
3384 3398 3591 3466 ἀνόμων,
3616 3389 3680 3443 καὶ

509 3487 910 3543 mutationibus
947 3490 1167 3545 nostris.
1203 3491 1502 3548 Tradidisti
1533 3511 1632 3549 nos
1664 3495 1717 3549 in
1748 3512 1940 3553 manus
1970 3498 2048 3552 ini

2188 3496 2397 3568 βασιλεῖ
2421 3496 2589 3567 ἀδίκῳ
2619 3498 2714 3548 καὶ
2741 3494 3094 3565 πονηροτάτῳ
3122 3493 3278 3562 παρὰ
3306 3493 3478 3545 πᾶσαν
3493 3487 3577 3552 τὴν
3594 3481 3676 3549 γῆν·

510 3577 779 3632 micorum
812 3580 1087 3651 exlegum,
1117 3598 1182 3636 ac
1211 3584 1324 3653 regi
1355 3585 1567 3655 iniquo,
1599 3588 1956 3659 omniumque
1981 3607 2053 3660 qu

2184 3590 2279 3642 καὶ
2328 3589 2385 3640 ἐν
2432 3587 2633 3650 πάσαις
2680 3588 2798 3649 ταῖς
2844 3584 3092 3655 μάστιξιν
3136 3585 3365 3647 ταύταις
3421 3581 3509 3633 οὐκ
3551 3568 3674 3660 invi:

511 3684 611 3738 per
640 3666 957 3725 universam
992 3680 1191 3727 terram
1240 3674 1568 3744 gradiuntur
1600 3677 1762 3747 longe
1795 3679 2058 3749 malignis

2185 3694 2385 3747 σαμεν,
2430 3677 2566 3729 διότι
2617 3674 2891 3745 ἐπιμελῶς
2920 3674 3147 3741 ἐγγυται
3181 3674 3214 3740 ἡ
3245 3672 3447 3724 διάνοια
3471 3663 3599 3735 ἡμῶν
3621 3656 3678 3749 ἐπί

510 3761 648 3814 δῗηιο
675 3760 931 3815 addixisti
983 3778 1104 3817 nos.
1165 3763 1243 3819 Ne
1294 3765 1374 3819 sic
1407 3764 1629 3834 quidem
1672 3746 1945 3824 universis
1976 3770 2057 3825 θαι

2137 3825 2147 3834 _
2181 3746 2522 3837 sinovum,
2575 3768 2639 3818 ὲκ
2669 3764 2919 3833 νεότητος
2950 3763 3108 3833 ἡμῶν
3132 3779 3145 3791 ·
3211 3763 3314 3815 καὶ
3360 3754 3596 3828 περισσῶς
3619 3746 3678 3799 ἐπὶ

508 3850 663 3918 gellis
699 3852 811 3907 tuis
849 3853 1026 3907 attriti
1067 3853 1407 3910 indoluimus
1455 3874 1467 3908 :
1509 3857 1647 3912 adeo
1685 3874 1877 3914 sensus
1900 3869 2055 3915 nostr

2181 3861 2292 3921 τοῖς
2324 3859 2513 3920 κακοῖς
2558 3855 2938 3927 ἀνδριούμεθα.
2974 3856 3182 3916 Ὄντως
3211 3854 3418 3914 δίκαιος
3439 3845 3510 3909 εἷς
3539 3841 3675 3910 κύριε·

506 3939 674 3993 nimia
700 3940 1052 3995 contentione
1081 3956 1145 3996 ac
1172 3943 1355 3998 studio
1390 3945 1445 3999 in
1486 3946 1690 4000 malum
1721 3948 2047 4017 propenden

2183 3950 2276 4003 ἐπὶ
2324 3950 2491 4002 πᾶσιν
2538 3942 2620 4011 οἷς
2664 3948 2926 4018 ἐποίησας
2968 3948 3117 4016 ἡμῖν,
3184 3944 3419 4013 υἴδαμεν
3461 3936 3576 4004 γὰρ.
3619 3930 3669 3981 ὅτι

506 4030 751 4098 abusque
782 4031 1040 4100 pueritia.
1072 4031 1179 4087 Sed
1209 4041 1267 4087 et
1295 4033 1361 4088 ad
1393 4050 1568 4089 annos
1592 4037 1839 4105 provecti
1863 4037 2052 4093 viriles

2182 4041 2240 4094 αἱ
2287 4040 2550 4110 ἁμαρτίαι
2590 4038 2746 4111 ἡμῶν
2791 4039 3124 4109 ἀντέστησαν
3163 4039 3331 4105 ἡμῖν,
3367 4035 3444 4087 ὅτι
3473 4018 3674 4080 πολλαιαι

509 4121 562 4173 in
602 4120 922 4189 hujusmodi
967 4123 1117 4177 vitiis
1159 4125 1324 4180 solito
1359 4126 1596 4196 amplius
1631 4128 2051 4185 occallescimus

1896 4128 2072 4185 :imus.
2182 4130 2397 4200 ἀνομίαι
2428 4129 2585 4201 ἡμῶν
2619 4129 2822 4200 σφόδρα
2848 4128 3087 4182 ἐναντίον
3112 4144 3225 4185 σου.
3246 4124 3443 4193 Κύριε.

506 4215 740 4270 Prorsus
769 4214 1021 4279 Domine,
1057 4216 1242 4285 justus
1305 4225 1385 4281 tu,
1416 4218 1470 4270 in
1505 4218 1765 4272 omnibus
1809 4235 1932 4289 quae
1971 4218 2150 4276 fecisti
2190 4221 2383 4287 nobis;
2419 4234 2570 4275 nunc
2616 4218 2836 4274 demum
2877 4218 3108 4282 scimus,
3146 4216 3277 4286 quia
3313 4218 3518 4284 peccata
3547 4212 3673 4260 nos":

508 4313 621 4380 ipsa
656 4313 979 4370 restiterunt
1009 4315 1167 4369 nobis
1203 4330 1217 4367 :
1253 4321 1477 4383 peccata
1506 4314 1653 4367 enim
1683 4324 1871 4368 nostra
1894 4314 2057 4371 nimis
2095 4331 2260 4386 quam
2290 4315 2463 4370 multa
2493 4314 2852 4370 increverunt
2877 4313 2931 4366 in
2955 4319 3255 4380 conspectu
3286 4320 3400 4370 tuo,
3428 4300 3632 4395 Domine:
3665 4382 3673 4395 .

575 4401 683 4457 Sed
706 4405 1083 4461 misericordia
1108 4413 1220 4469 tua.
1240 4405 1490 4468 Domine,
1508 4405 1775 4475 anticipet
1806 4421 1929 4469 nos,
1952 4406 2080 4476 quia

2271 4406 2413 4461 Ἀλλ’
2460 4407 2492 4475 ἡ
2540 4404 2882 4477 ἐλεημοσύνη
2929 4420 3051 4464 σου,
3107 4400 3312 4470 Κύριε,
3367 4393 3587 4465 φθασάτω
3621 4387 3662 4446 ἔξ

504 4504 560 4548 ιιι
586 4494 641 4549 in
674 4496 852 4559 nobis,
875 4497 1127 4562 Domine,
1148 4507 1205 4551 et
1229 4514 1432 4552 nomen
1458 4508 1613 4552 tuum
1636 4507 1887 4553 sanctum
1920 4498 2050 4554 invo

2184 4502 2368 4572 ἡμᾶς.
2427 4500 2510 4553 ὅτι
2562 4498 2628 4551 σὺ
2676 4499 2733 4550 ὲν
2772 4498 2926 4566 ἡμῖν,
2960 4494 3168 4564 Κύριε,
3221 4493 3321 4544 καὶ
3365 4489 3426 4542 τὸ
3454 4480 3593 4572 ὄνομᾷ
3615 4491 3672 4572 σξυ

504 4597 686 4641 catum
716 4600 801 4642 est
828 4605 996 4660 super
1026 4606 1146 4645 nos.
1172 4589 1429 4657 Quiescat
1457 4589 1730 4661 (obsecro)
1754 4592 1835 4645 ira
1862 4590 2051 4645 furoris

2277 4590 2430 4658 ἅγιον
2476 4564 2834 4659 ἐπικέκληται
2867 4587 2952 4655 ἐφ’
2982 4585 3154 4654 ἡμᾶς.
3204 4582 3457 4635 Κόπασον
3482 4576 3539 4628 δι’
3561 4564 3671 4661 ὸξτῆν

507 4677 606 4741 tui,
638 4687 694 4732 et
732 4694 802 4733 ne
834 4680 1144 4735 confundas
1168 4697 1272 4734 nos
1297 4681 1352 4734 in
1384 4680 1571 4746 linem,
1600 4696 1779 4750 neque
1805 4681 2048 4734 mcmine

2185 4680 2358 4751 θυμοῦ
2410 4697 2542 4745 σου,
2597 4680 2691 4732 καὶ
2734 4658 2824 4750 μὴ
2871 4674 3242 4747 καταισχύνῃς
3275 4673 3423 4743 ἡμᾶς
3464 4670 3534 4729 εἰς
3556 4658 3671 4751 tibi.

506 4769 582 4821 ris
620 4768 974 4836 iniquitatum
1021 4782 1336 4827 nostrarum
1385 4773 1758 4843 antiquarum,
1799 4789 1884 4836 ac,
1938 4788 2007 4828 ne
2050 4794 2053 4825 λ

2188 4748 2323 4843 μηδὲ
2355 4773 2599 4844 μνησθῇς
2622 4773 2656 4841 ὴ
2665 4748 2781 4840 μῶν
2806 4768 3048 4839 ἀνομιῶν
3069 4768 3339 4839 ἀρχαίων,
3359 4762 3486 4834 μηδὲ
3506 4748 3674 4850 προσῗά·

505 4859 667 4915 nobis
705 4860 928 4929 quidem
977 4878 1171 4917 recens
1211 4866 1651 4931 commissarum,
1683 4881 1793 4919 neu
1827 4865 2052 4935 indigno

2183 4882 2312 4929 των,
2345 4864 2480 4934 μηδὲ
2506 4863 2761 4930 ἀναξίους
2785 4861 2980 4933 κρίνῃς
3000 4861 3148 4930 ἡμᾶς
3169 4858 3281 4910 τῶν
3304 4856 3410 4909 σῶν
3429 4851 3671 4935 aiatait“?

506 4969 605 5007 nos
655 4953 984 5023 pronunties
1034 4956 1146 5009 tuis
1196 4956 1648 5011 miserationibus
1685 4957 1862 5026 :quin
1892 4957 2053 5026 potiu:

2181 4927 2315 5010 ἀλλά
2345 4927 2665 5026 μνήσθητι,
2728 4927 2946 5023 ὅτιττιῖλ.
2972 4927 3135 5021 τιμίῳ
3182 4947 3376 5019 αἵματί
3423 4959 3507 4997 σου
3542 4927 3674 5026 ἐξηγί·

509 5051 884 5114 reminiscere,
925 5048 1054 5117 quia
1081 5049 1216 5103 tanti
1246 5063 1346 5102 nos
1369 5048 1662 5103 aestimavit
1691 5057 1783 5104 tua
1816 5049 2056 5120 benigni-

2186 5019 2966 5117 ρασαςνημ-ἄςθῐῐμάρτομεν,
3005 5019 3271 5110 ἱλάσθητι,
3306 5038 3495 5106 Κύριε·
3531 5019 3676 5096 ἡνοβ¹ἴ⁸

509 5148 610 5203 las,
648 5157 787 5210 quos
811 5141 1060 5211 pretioso
1088 5149 1182 5195 tuo
1209 5141 1476 5212 sanguine
1517 5142 1843 5199 redimeres.
1871 5143 2045 5198 Pecca

2183 5155 2397 5208 σαμεν.
2457 5135 2849 5209 συγχώρησον,
2902 5133 3146 5188 Δέσποτα
3172 5132 3207 5164 ·’
3247 5121 3675 5212 προσεκρούσαμίξ-

511 5230 710 5294 vimus,
758 5231 979 5300 placare
1042 5232 1273 5289 Domine
1329 5250 1341 5285 :
1389 5232 1576 5303 inique
1634 5235 1953 5305 gessimus:
1988 5243 2058 5289 tu:

2177 5201 2519 5301 διαλλάγηθι,
2731 5227 2824 5282 καὶ
2845 5227 3131 5297 ἐπίφανον.
3156 5222 3347 5291 Κύριε»
3378 5218 3435 5271 τδ
3457 5201 3676 5305 πρόῗωπῗν

508 5318 649 5374 llcre
668 5318 945 5376 condonet
977 5321 1349 5392 indulgentia;
1382 5322 1737 5389 oil‘endimus,
1765 5325 2054 5379 conciliato

2191 5340 2284 5376 σου
2338 5291 2439 5376 ἐπὶ.
2478 5291 2610 5386 τοὺς.
2650 5291 2709 5372 ἐν
2754 5291 3025 5387 ἀπαγωξῇ
3070 5314 3291 5376 δούλους
3332 5326 3420 5363 σου
3444 5347 3458 5369 ,
3505 5298 3596 5392 ul

509 5409 949 5465 sancteJllustra
983 5410 1174 5467 faciem
1200 5422 1371 5477 tuam,
1404 5413 1656 5482 Domine,
1688 5430 1859 5485 super
1890 5431 2051 5471 servo

2186 5414 2337 5487 παρὰ
2363 5414 2455 5469 σοῦ
2489 5384 2740 5485 βοήθειαν
2770 5384 3169 5477 ἐξαπέστέιλον,
3196 5402 3402 5465 δυνατὶ,
3448 5393 3531 5451 καὶ
3552 5384 3676 5455 tW

578 5518 629 5550 "
654 5521 797 5576 Psal.
829 5539 1047 5590 Lxxvtn,
1078 5526 1128 5579 l.
1205 5526 1251 5558 "
1286 5526 1421 5581 ibid.
1499 5527 1542 5559 "
1573 5528 1774 5585 ibid.3.

2023 5594 2254 5651 ΝΟΤιΕ.

589 5682 664 5747 (1)
696 5682 1025 5739 Antiochum
1063 5685 1261 5741 vixisse
1290 5688 1392 5743 sub
1427 5689 1679 5745 lleraclio
1703 5698 1757 5744 et
1788 5688 2055 5754 Cosdroa,
2084 5687 2169 5742 vel
2210 5686 2339 5741 hinc
2372 5685 2532 5741 liceat
2568 5683 2845 5755 colligere.
