3918 6106
212 250 357 318 1853

1552 255 2156 324 EXOMOLOGESIS.

3328 257 3461 320 1854

205 374 305 418 τὸν
333 368 461 421 ὶαὸν
492 384 586 421 σου
623 368 687 421 ἐκ
720 368 897 439 πάσης
927 370 1299 441 ταλαιπωρίας
1318 413 1332 437 ,
1384 375 1477 426 καλ⁸
1507 371 1785 440 λύτρωσον
1815 415 1818 425 .

1920 387 2015 427 uos
2060 374 2154 443 qui
2191 374 2473 446 tyrannica
2525 374 2886 445 impressione
2928 379 3257 442 premuntur
3293 370 3467 425 incle-

208 459 325 512 ἀπὺ
368 462 549 528 πάσης
586 463 954 531 παρανομίας,
988 464 1080 515 καὶ
1110 464 1173 515 ἐκ
1197 464 1379 534 χειρὸς
1408 462 1786 533 παρανομούν-

209 567 359 615 των,
416 553 509 604 καὶ
554 549 942 615 διασκέδασον,
991 554 1266 618 Δέσποτα,
1312 556 1489 608 πάντα
1521 553 1787 613 κίνδυνον,

206 642 304 696 διὰ
333 641 433 712 τὴν
463 643 827 713 εὖσπλαχνίαν
857 662 949 696 σου
968 685 982 707 ,
1019 645 1114 697 καὶ
1148 644 1222 716 μὴ
1248 646 1327 707 είς
1348 645 1501 706 τέλος
1531 642 1791 713 παραδῷς

209 736 316 803 τὴν
347 735 714 805 κληρονομίαν
744 753 840 789 σου
875 740 954 799 είς
979 736 1278 803 ἀπώλειαν,
1314 736 1402 789 διὰ
1433 737 1533 799 τὰς
1561 735 1793 804 ἀνομίας

210 825 407 894 ἡμῶν,
457 826 592 879 ἀλλὰ
636 828 773 897 ταχὺ
819 828 1383 898 προκαταλαόἑτωσαν
1429 830 1577 899 ἡμᾶς
1623 829 1672 880 oi
1711 829 1793 881 οἰ-

209 917 436 986 κτιρμοί
485 934 608 983 σου,
658 919 849 988 Κύριε,
881 920 908 970 ὁ
931 918 1063 981 Θεὸς
1089 921 1279 988 ήμῶν,
1328 919 1410 973 ὅτι
1443 918 1512 972 τὰ
1543 919 1665 988 ἐλέη
1701 933 1793 970 σου

211 1005 315 1057 ἀπ’
348 1004 546 1068 αίῶνος
598 1006 688 1058 ἐπὶ
735 1008 834 1075 τὴν
882 1006 1061 1060 κτίσιν
1102 1025 1220 1060 σου.
1263 1008 1372 1060 Καὶ
1406 1008 1469 1063 σὺ
1501 1006 1795 1074 καταφυγὴ

215 1096 441 1150 πάντων
467 1097 621 1166 ήμῶν
651 1099 947 1166 ἐγενήθης,
1002 1100 1096 1151 καὶ
1143 1100 1386 1167 σωτηρία
1414 1099 1523 1151 τῶν
1552 1097 1796 1161 ἐλπιζόν-

215 1211 331 1246 των
366 1194 456 1249 ἐπὶ
487 1193 565 1246 σε.
618 1191 780 1244 Γενοῠ
813 1194 964 1260 ἡμῖν,
998 1191 1201 1260 Κύριε,
1236 1190 1446 1262 πύργος
1479 1171 1660 1258 ἰσχύος
1690 1187 1798 1240 ἀπὸ

222 1283 520 1354 προσώπου
568 1283 677 1335 τῶν
715 1283 924 1352 ἐχθρῶν
963 1282 1119 1351 ήμῶν
1140 1322 1177 1344 ,ν
1205 1282 1300 1333 καὶ
1334 1280 1407 1351 μὴ
1435 1283 1798 1349 συγχωρήσῃς

219 1376 523 1429 ἀπολέσθαι
555 1376 633 1437 εἰς
665 1379 850 1445 χεῖρας
884 1374 991 1426 τῶν
1024 1375 1098 1442 μὴ
1128 1374 1345 1426 εἰδότων
1372 1390 1454 1435 σε,
1481 1372 1658 1441 ψυχὰς
1715 1368 1800 1435 ἐξ·

219 1466 678 1535 ομολογουμένων
712 1482 814 1518 σοι.
840 1465 930 1534 Μὴ
961 1463 1246 1536 καταδέξῃ.
1271 1463 1465 1532 Κύριε,
1499 1460 1800 1530 ἀτιμασθῆ-

220 1575 317 1609 ναι
361 1558 459 1625 τὴν
502 1556 866 1627 κληρονομίαν
890 1573 987 1607 σου
1022 1555 1111 1606 ὑπ’
1140 1555 1325 1616 ἔθνους
1351 1552 1625 1615 ἀναιδοῦς,
1665 1549 1801 1604 ἀλλὰ

1886 475 2134 531 menter;
2183 465 2397 538 1249
2425 482 2566 536 eque
2595 465 2733 522 solio
2766 464 2989 520 sublimi
3040 474 3134 516 tuo
3170 462 3359 516 emitte
3384 465 3468 515 eis

1887 566 1943 612 et
1985 572 2217 628 suggere
2251 557 2540 621 auxilium,
2571 574 2605 613 ο
2646 566 2863 626 potens,
2896 556 3158 625 populum
3198 561 3356 607 tuum
3395 552 3465 607 ab

1888 650 2037 704 omni
2070 650 2405 715 calamitate,
2459 650 2547 706 cui
2578 651 2779 704 misere
2832 646 3164 707 succumbit,
3199 646 3377 713 eripe,
3411 652 3467 698 et

1889 740 1960 794 ab
1994 740 2143 794 omni
2191 732 2328 810 legis
2360 749 2468 793 tuae
2499 737 2953 809 praevaricatione
2994 734 3275 795 redimito,
3324 744 3380 788 et
3433 749 3465 789 e

1892 847 2058 886 manu
2088 833 2574 902 prmvaricatorum
2607 829 2822 885 subduc
2851 828 2994 881 illos.
3023 827 3127 880 Per
3156 834 3264 879 tua:
3288 824 3469 878 visce-

1894 938 1955 976 ra
2003 922 2228 991 pietatis
2276 932 2474 978 excute
2527 938 2556 977 a
2605 920 2787 983 nobis,
2822 919 3076 978 Domine,
3108 932 3170 970 ac
3216 916 3471 984 disperge

1894 1013 2221 1081 impendens
2251 1027 2415 1066 omne
2460 1011 2587 1065 vitae
2636 1010 2968 1066 discrimen:
3008 1022 3188 1075 neque
3220 1006 3273 1058 in
3306 1005 3468 1057 linem

1896 1113 2044 1158 tuam
2084 1105 2230 1158 hanc
2261 1103 2638 1157 haereditatem
2687 1100 2981 1175 tradideris
3030 1099 3084 1151 in
3143 1095 3473 1151 internecio-

1896 1211 2047 1260 nem,
2078 1195 2294 1249 tametsi
2346 1204 2547 1248 nostra:
2589 1192 2908 1260 iniquitates
2944 1190 2994 1243 id
3028 1186 3468 1257 promereantur.

1897 1285 2041 1352 Quin
2076 1286 2279 1356 potius,
2307 1295 2412 1340 tua:
2460 1301 2562 1338 nos
2598 1283 2905 1351 anticipent
2928 1278 3333 1341 miserationes,
3364 1277 3472 1330 Do-

1898 1380 2071 1443 mine,
2110 1379 2256 1432 Deus
2288 1386 2473 1431 noster
2507 1393 2520 1428 :
2551 1375 2771 1431 Etenim
2806 1390 2835 1427 a
2884 1373 3084 1426 saeculo
3124 1387 3231 1423 non
3265 1369 3474 1422 desinis

1899 1471 2136 1539 copiosa:
2163 1478 2218 1524 et
2244 1467 2604 1522 exuberantis
2634 1464 3029 1520 misericordiae
3067 1471 3173 1517 tute
3212 1461 3353 1515 dona
3392 1460 3475 1514 ef-

1901 1561 2135 1617 fundere
2183 1561 2238 1613 in
2288 1574 2506 1613 omnem
2554 1564 2864 1611 creaturam
2917 1563 3087 1609 tuam.
3126 1552 3205 1605 Tu
3252 1550 3472 1621 quidem

225 1651 432 1710 κλῖνον,
457 1647 650 1717 Κύριε,
686 1648 746 1699 τὺ
775 1643 868 1710 οὖς
897 1664 1014 1710 σου,
1046 1645 1141 1699 καὶ
1168 1646 1497 1705 ἐπάκουσον,
1532 1644 1624 1696 καὶ
1651 1642 1801 1695 ἔπιδε

1920 1653 2148 1708 )mnium
2173 1660 2423 1705 nostrum
2463 1649 2733 1718 refugium
2769 1647 2947 1701 factus
2972 1660 3063 1708 es;
3088 1653 3144 1697 et
3176 1644 3229 1696 in
3266 1653 3317 1695 te
3349 1655 3475 1709 spe-

226 1744 290 1807 ἐξ
324 1742 554 1813 οὐρανοῦ
588 1743 744 1810 ἁγίου
775 1759 869 1794 σου
904 1742 996 1794 ἐπὶ
1022 1741 1116 1793 τὸν
1140 1740 1450 1809 ἀφανισμὸν
1478 1739 1666 1810 ἡμῶν,
1709 1741 1804 1791 καὶ

226 1836 331 1903 τῆς
378 1834 585 1898 πόλεώς
630 1851 723 1886 σου
757 1832 1145 1902 Ἰερουσαλὴμ,
1204 1831 1289 1899 ἐφ’
1331 1827 1398 1900 ἧς
1445 1830 1806 1898 ἐπικέκληται

227 1930 295 1981 τὸ
320 1927 492 1997 ὄνομά
519 1944 611 1980 σου
642 1927 728 1979 ἐπ’
756 1927 948 1996 αὐτῆς,
978 1927 1072 1979 καὶ
1094 1924 1187 1977 ἐπὶ
1208 1924 1306 1994 τὴν
1335 1922 1664 1992 Ἐκκλησίαν
1690 1938 1804 1982 σου,

229 2021 301 2090 ἧν
344 2019 698 2091 ᾡκοδόμησας
751 2018 842 2071 ἐπὶ
886 2016 983 2087 τὴν
1024 2015 1271 2086 πέτραν,
1323 2013 1526 2081 λέγων·
1587 2032 1603 2064 ι
1635 2012 1807 2064 Πύλαι

229 2111 361 2181 ᾅδου
398 2112 459 2164 οὐ
494 2110 913 2180 κατισχύσουσιν
937 2109 1130 2177 αὐτῆς.
1161 2128 1178 2160 ι
1219 2106 1574 2165 Εἰσάκουσον,
1611 2104 1806 2173 Κύριε,

231 2208 337 2274 τῆς
386 2204 696 2274 προσευχῆς
743 2203 852 2255 τῶν
897 2201 1097 2254 δούλων
1130 2218 1263 2265 σου,
1319 2201 1410 2252 καὶ
1444 2199 1542 2266 τῆς
1573 2197 1811 2267 δεήσεως

234 2299 270 2364 ἡ
280 2295 397 2366 μῶν
425 2294 678 2347 ἐνώτισαι
704 2334 719 2356 ,
771 2293 865 2347 καὶ
893 2293 1156 2360 ἐπίφανον
1183 2292 1244 2344 τὸ
1270 2290 1565 2361 πρόσωπόν
1594 2306 1686 2341 σου
1718 2288 1811 2340 ἐπὶ

233 2388 297 2438 τὸ
325 2384 574 2455 ἁγίασμά
604 2400 718 2448 σου,
758 2383 839 2435 ὅτι
873 2381 975 2433 οὐκ
999 2381 1093 2433 ἐπὶ
1117 2380 1235 2441 ταῖς
1258 2377 1632 2437 δικαιοσύναις
1652 2372 1810 2442 ήμῶν

235 2475 575 2548 θαρροῦντες
619 2472 1007 2544 προσφέρομεν
1040 2489 1124 2524 σοι
1155 2471 1254 2540 τὴν
1280 2469 1494 2522 ἐκεσίαν
1546 2466 1672 2536 (ἀεὶ
1703 2464 1811 2532 γὰρ

239 2564 619 2638 παροξύνομέν
651 2567 763 2628 σε),
796 2562 910 2614 ἀλλ’
946 2561 1039 2614 ἐπὶ
1067 2562 1192 2635 τοὺς
1214 2557 1531 2628 οἱκτιρμούς
1556 2572 1671 2615 σου,
1701 2553 1812 2607 Κύ-

241 2675 363 2726 ριε,
412 2658 537 2718 τοὺς
589 2654 840 2717 πολλούς.
898 2653 1253 2715 Εἱσὰκουσον,
1293 2650 1495 2720 Κύριε,
1542 2646 1810 2714 ἱλάσθητι,

242 2746 450 2815 Κύριε,
501 2745 769 2814 πρόσχες,
821 2745 1007 2810 φεῖσαι
1057 2741 1151 2795 τοῦ
1199 2740 1328 2794 λαοῦ
1360 2757 1489 2798 σου,
1543 2738 1811 2799 Δέσποτα,

246 2855 267 2887 ι
300 2837 411 2891 Καὶ
450 2838 524 2905 μὴ
556 2834 662 2903 δῷς
706 2836 804 2904 τὴν
837 2834 1203 2902 κληρονομίαν
1236 2849 1328 2884 σου
1362 2832 1441 2891 είς
1468 2828 1689 2889 ὄνειδος.
1721 2825 1814 2877 τοῦ

242 2931 552 2999 καταρᾶσαι
583 2928 753 2997 αὐτὴν
780 2927 930 2993 ἔθνη,
962 2928 1111 2987 ὅπως
1145 2925 1218 2994 μὴ
1242 2923 1492 2983 εἴπωσιν,
1527 2920 1637 2974 Ποῦ
1666 2922 1815 2972 ἐστιν

1907 1744 2144 1798 rantium
2177 1742 2384 1813 asylum
2414 1741 2671 1795 salutare.
2704 1739 2835 1794 Esto
2863 1737 3046 1799 nobis,
3080 1736 3334 1799 Domine,
3362 1743 3478 1787 tur-

1906 1836 1984 1890 ris
2012 1835 2354 1889 fortitudinis
2384 1850 2412 1886 a
2443 1834 2580 1888 facie
2608 1834 2957 1893 inimicorum
2983 1841 3331 1895 nostrorum;
3369 1846 3477 1883 neu

1908 1928 2058 1982 sinas
2089 1927 2154 1981 ad
2192 1926 2625 1981 internecionem
2660 1934 2717 1979 et
2751 1925 2962 1979 cladem
3004 1932 3306 1979 extremam
3335 1921 3477 1977 tradi

1908 2022 1962 2075 in
1983 2035 2174 2075 eorum
2204 2035 2402 2073 manus
2431 2018 2523 2087 qui
2557 2025 2608 2072 te
2634 2033 2743 2073 non
2780 2025 3074 2080 noverunt,
3111 2015 3321 2070 animas
3349 2029 3482 2068 con-

1909 2110 2181 2165 ﬁtentium
2208 2110 2343 2175 tibi;
2374 2125 2553 2177 neque
2584 2108 2835 2177 patiaris,
2864 2107 3116 2172 Domine,
3139 2115 3248 2160 tam
3279 2103 3478 2173 insigni

1911 2202 2212 2274 ignominia
2268 2201 2481 2270 aspergi
2540 2199 2916 2255 hzereditatem
2950 2207 3096 2252 tuam
3144 2214 3171 2252 a
3212 2206 3373 2265 gente
3402 2195 3482 2250 sic

1910 2289 2102 2344 effreni
2149 2300 2205 2343 et
2247 2289 2579 2358 impudenti.
2627 2288 2794 2357 Magis
2831 2295 2911 2352 tu,
2953 2287 3178 2347 inclina.
3226 2286 3480 2348 Domine,
3518 2338 3527 2347 ,

1910 2398 2101 2436 aurem
2150 2389 2321 2444 tuam,
2350 2390 2405 2434 et
2438 2380 2634 2443 exaudi
2664 2396 2728 2434 ac
2773 2379 2987 2449 respice
3012 2379 3080 2433 de
3121 2380 3262 2432 caelo
3292 2386 3483 2430 sancto

1912 2483 2010 2527 tuo
2035 2473 2276 2546 adhanc
2317 2482 2561 2526 nostram
2603 2473 3058 2529 exinanitionem.
3085 2472 3150 2525 ad
3174 2471 3485 2524 demolitio-

1912 2580 2038 2618 nem
2070 2572 2127 2617 et
2152 2563 2429 2618 excidium
2461 2562 2702 2616 civitatis
2732 2572 2839 2617 tuae
2867 2562 3173 2618 Jerusalem
3196 2605 3209 2627 ,
3241 2578 3341 2629 pro
3379 2577 3484 2629 qua

1916 2658 2233 2711 invocatum
2260 2664 2346 2709 est
2381 2671 2583 2708 nomen
2625 2662 2803 2719 tuum,
2836 2669 3002 2723 super
3031 2654 3200 2723 ipsam
3235 2662 3485 2707 cunctam

1917 2749 2218 2802 Ecelesiam
2253 2755 2402 2801 tuam
2433 2763 2448 2806 ς
2490 2747 2644 2813 cujus
2666 2745 3133 2799 substructionem
3159 2761 3321 2812 supra
3356 2744 3490 2798 soli-

1916 2841 2040 2893 dam
2081 2849 2290 2907 petram
2327 2836 2633 2899 colloeasti,
2659 2836 2851 2890 dicens
2879 2855 2893 2889 :
2935 2855 2953 2886 ι
2983 2837 3162 2889 Porta:
3192 2834 3349 2889 inferi
3380 2851 3489 2889 non

1917 2929 2293 2999 praevalebunt
2350 2928 2614 2983 adversus
2661 2943 2779 2981 eam
2814 2928 2880 2981 ⁸⁸.
2925 2947 2941 2979 ι
2976 2927 3208 2991 Exaudi,
3241 2927 3492 2988 Domine.

242 3026 275 3076 ὁ
298 3022 431 3085 Θεὸς
459 3021 631 3074 αὐτῶν
656 3037 705 3085 ς»
741 3019 895 3089 Μηδέ
926 3018 1012 3072 διὰ
1038 3020 1136 3080 τὰς
1158 3015 1385 3085 ἀνομίας
1404 3014 1563 3084 ἡμῶν
1590 3012 1818 3080 βλασφη-

1921 3022 2229 3075 orationem
2263 3034 2547 3074 servorum
2607 3027 2864 3082 tuorum;
2918 3033 3194 3086 auresque.
3239 3026 3361 3071 tuas
3405 3032 3496 3071 ac-

247 3113 397 3184 μηθῇ
423 3112 483 3165 τὸ
502 3112 673 3181 ὄνομά
694 3129 787 3164 σου
814 3112 872 3162 ἐν
895 3111 1008 3172 τοῖς
1031 3109 1258 3165 ἔθνεσιν,
1292 3109 1403 3169 τοῖς
1428 3106 1500 3174 μὴ
1520 3103 1715 3156 εἰδόσιν
1738 3118 1815 3154 σε.

243 3205 387 3267 Σοὶ,
426 3202 617 3272 Κυρξῳ
662 3201 736 3271 τῷ
778 3200 895 3271 Θεῷ
937 3199 1112 3270 ήμῶν,
1148 3200 1181 3266 ή
1213 3195 1564 3264 δικαιοσύνη,
1607 3195 1738 3263 ἡμῖν
1766 3192 1822 3244 δὲ

245 3299 282 3367 ἠ
312 3294 543 3364 αἰσχύνη
575 3295 682 3347 τῶν
711 3292 1019 3362 προσώπων
1049 3290 1155 3352 ἕως
1183 3288 1278 3341 τοῦ
1307 3287 1427 3339 νῦνο
1464 3287 1546 3338 ὅτι
1572 3284 1677 3346 ἓως
1702 3281 1824 3336 τού-

244 3405 359 3443 των
391 3388 491 3441 οὑκ
522 3385 935 3453 ἐνετράπημεν,
963 3382 1097 3435 διότι
1135 3377 1599 3449 σχληροτρᾶχηλοί
1625 3378 1820 3444 ἐσμεν·

253 3498 275 3533 ι
327 3481 390 3533 El
434 3477 654 3543 ἀλλάξει
695 3474 906 3538 Αἰθίωψ
949 3473 1010 3525 τὸ
1054 3471 1229 3540 δέρμα
1271 3467 1498 3528 αὐτοῦ.»
1541 3466 1634 3519 κα)⁵
1665 3467 1825 3535 ἡμεῖς

247 3572 355 3644 τὴν
400 3570 670 3637 κακίστην
717 3564 1042 3636 προαίρεσιν
1091 3560 1270 3631 ἡμῶν.
1332 3559 1519 3611 Πάντα
1568 3557 1635 3610 τὰ
1679 3555 1828 3609 κακὲ

248 3664 432 3719 ταῦτα
481 3657 644 3731 ἦλθεν
687 3656 773 3727 ἐφ’
804 3656 987 3726 ἡμᾶς,
1033 3653 1128 3705 καὶ
1171 3650 1271 3702 οὐκ
1314 3648 1698 3717 ἐνετράπημεν
1729 3644 1824 3698 τοῦ

254 3753 633 3824 μετανοῆσαι,
689 3747 825 3801 ἀλλὰ
859 3745 953 3798 καὶ
989 3742 1413 3813 προσεθήκαμεν
1440 3738 1715 3807 ἁμαρτίας
1744 3736 1830 3804 ἐφ’

250 3842 533 3915 ἁμαρτίας
560 3839 739 3910 ἡμῶν,
776 3838 897 3890 οὐδὲ
930 3834 1234 3905 ἐδεήθημεν
1265 3830 1360 3882 τοῦ
1387 3828 1680 3901 προσώπου
1710 3844 1828 3891 σου,

252 3935 459 4006 Κύριε,
488 3931 589 3986 τοῦ.
614 3929 922 3996 ἀποστῆναι
951 3926 1059 3980 τῶν
1085 3922 1460 3992 διανοημάτων
1482 3921 1581 3990 τῆς
1603 3920 1831 3989 καρδίας

253 4024 420 4101 ἡμῶν
468 4023 570 4092 τῆς
613 4020 890 4088 πονηρᾶς·
948 4017 1043 4070 καὶ
1088 4015 1488 4085 ἐγρηγόρησας,
1519 4011 1712 4079 Κύριε,
1740 4010 1832 4063 ἐπὶ

255 4098 376 4181 τοῖς
412 4118 605 4176 κακοῖς
644 4113 831 4180 ἡμῶν,
882 4112 978 4164 καὶ
1008 4109 1289 4177 ἐπήγαγες
1320 4105 1406 4174 ἐφ’
1433 4104 1579 4173 ἡμᾶς
1611 4098 1708 4171 τῆν
1733 4101 1831 4171 ῥά.

259 4213 390 4265 ὁδον
414 4207 507 4263 τοῦ
534 4206 708 4275 Θυμοῦ
738 4222 830 4256 σου
847 4243 864 4268 ,
898 4204 978 4256 ὅτι
1005 4200 1212 4262 δίκαιος
1236 4194 1305 4264 εἴ,
1332 4196 1528 4267 Κύριε,
1559 4198 1615 4247 ἐν
1642 4196 1832 4257 πᾶσιν,

260 4306 349 4357 δτι
401 4301 501 4354 οὐκ
550 4296 870 4365 ἠκούσαμεν
928 4294 1026 4359 τῆς
1077 4290 1262 4358 φωνῆς
1308 4304 1440 4353 σου,
1507 4283 1834 4354 πορεύεσθαι

263 4398 326 4450 ἐν
350 4395 471 4453 ταῖς
496 4389 738 4451 ἐντολαῖς
765 4404 880 4438 σου.
918 4382 1081 4436 Ἀλλὰ
1107 4380 1221 4460 νῦν,
1247 4379 1438 4448 Κύριε,
1457 4379 1484 4430 ὁ
1505 4377 1636 4440 Θεὸς
1659 4378 1690 4446 ή
1700 4376 1835 4446 μῶν,

262 4484 326 4549 ὃς
370 4481 551 4552 ἐρύσω
597 4480 662 4531 ἐκ
706 4478 806 4544 τῆς
850 4474 1062 4543 πλάνης
1094 4472 1204 4525 τῶν
1234 4462 1468 4523 εἰδώλων
1507 4471 1565 4521 ἐν
1594 4467 1842 4536 σημείοις

267 4575 366 4630 καὶ
391 4572 639 4642 τέρασιν,
669 4570 765 4622 καὶ
790 4569 1054 4635 ἐποίησας
1079 4563 1255 4633 ἐαυτῷ
1278 4562 1448 4632 ὄνομα
1476 4560 1582 4624 ἕως
1604 4559 1697 4612 τοῦ
1721 4558 1837 4623 νῦν,

267 4667 542 4724 κόπασον,
586 4663 794 4730 Κύριε·
850 4660 934 4711 ὃτι
980 4655 1406 4725 κατελήφθημεν
1439 4653 1705 4721 ὀλιγοστυὶ
1747 4650 1842 4704 ἐπὶ

266 4755 373 4822 γῆς
393 4793 409 4817 ,
460 4750 554 4805 καὶ
599 4747 937 4815 ἐγενήθημεν
969 4746 1044 4808 ὡς
1073 4744 1374 4814 ἀκάθαρτοι
1402 4743 1624 4822 ,πάντες
1652 4743 1836 4810 ἡμεῖο.

279 4845 371 4906 Ὠς
407 4844 517 4912 γὰρ
564 4841 728 4910 ῥάκος
756 4838 1180 4906 ἀποκαθημένὴς
1227 4838 1258 4905 ή
1305 4834 1615 4902 δικαιοσύνη
1665 4832 1841 4902 ἡμῶν,

270 4933 367 4986 καὶ
400 4928 741 5001 ἐξερῤύημεν
787 4926 864 4989 ὡς
905 4925 1082 4993 φύλλα
1126 4925 1338 4985 aia-:1;
1362 4922 1639 4992 ἁμαρτίας
1663 4921 1841 4991 ἡμῶν.

274 5026 386 5077 Καὶ
413 5022 531 5087 νῦν,
564 5022 760 5093 Κύριε,
792 5022 984 5089 Πατὴρ
1006 5017 1162 5087 ἡμῶν
1195 5018 1259 5070 σὺ
1284 5012 1355 5079 εἷ,
1384 5017 1546 5084 ἡμεῖς
1569 5014 1626 5066 δὲ
1651 5013 1842 5083 πηλὸς,

277 5114 413 5184 [pra
440 5112 637 5183 χειρῶν
677 5127 770 5164 σου
800 5110 1032 5170 πάντεςο
1087 5108 1162 5177 μὴ
1200 5105 1419 5178 ὀργίζου
1448 5106 1580 5175 ἡμῖν
1608 5105 1843 5175 σφόδρα,

276 5206 372 5258 καὶ
405 5205 479 5275 μὴ
508 5206 567 5258 ἐν
591 5203 771 5275 καιρῷ
805 5203 1052 5273 μνησθῇς
1079 5200 1363 5271 ἁμαρτιῶν
1386 5198 1562 5269 ήμῶν,
1588 5198 1702 5250 ἀλλ’
1724 5198 1846 5251 ἐπί-

278 5295 495 5365 ϐλεψον,
527 5296 721 5366 Κύριε,
757 5296 839 5349 ὅτι
866 5295 995 5357 λαός
1021 5310 1114 5346 σου
1146 5293 1344 5369 πάντες
1375 5291 1558 5359 ἡμεῖς.
1598 5289 1661 5341 'll
1693 5290 1847 5352 πόλις

280 5386 374 5441 τοῦ
422 5388 577 5455 ἁγίου
625 5404 718 5440 σου
761 5387 996 5456 ἐγενήθη
1042 5385 1274 5455 ἔρημος,
1330 5381 1427 5435 καὶ
1471 5383 1504 5449 ἡ
1544 5378 1671 5444 δόξα
1711 5379 1848 5433 Σιὼν

282 5479 513 5550 ἐγενήθη
566 5480 935 5551 πυρίκαυστος
957 5521 970 5541 ,
1026 5477 1118 5530 καὶ
1166 5475 1340 5529 πάντα
1376 5473 1445 5526 τὰ
1474 5472 1659 5538 ἔνδοξα
1688 5474 1849 5541 ήμῶν

1920 3113 2210 3167 commoda
2250 3111 2452 3165 nostris
2495 3108 3002 3177 deprecationibus.
3048 3100 3264 3163 lllustra
3300 3107 3494 3161 faciem

1925 3212 2070 3258 tuam
2107 3219 2275 3272 super
2314 3204 2690 3259 sanctuarium
2737 3212 2891 3258 tuum
2921 3220 2935 3264 ;
2972 3216 3149 3269 neque
3177 3200 3323 3253 enim
3359 3199 3501 3252 fidu-

1922 3298 2005 3352 cia
2058 3297 2280 3351 subnixi
2320 3297 2777 3371 justifieationum
2841 3303 3195 3356 nostrarum,
3255 3300 3497 3346 nostram

1930 3389 2074 3443 hanc
2115 3389 2575 3457 supplicationem
2607 3397 2715 3443 ture
2743 3385 3010 3455 maiestati
3043 3384 3329 3438 offerimus
3354 3383 3499 3452 (nam

1924 3497 2034 3552 qua
2064 3481 2242 3535 fronte
2273 3481 2325 3535 id
2363 3482 2570 3544 ausint,
2612 3479 2709 3550 qui
2743 3488 2795 3533 te
2824 3476 3146 3547 quotidiana
3184 3475 3501 3530 accessione

1925 3582 2276 3643 peccatorum
2305 3571 2698 3639 exacerbant?)
2745 3570 2921 3639 magis
2954 3556 3089 3623 vero
3119 3567 3222 3622 sub
3249 3567 3502 3621 umbram

1928 3672 2144 3718 tuarum
2200 3664 2554 3733 confugimus
2625 3654 3066 3719 miserationum.
3125 3658 3308 3713 Multas
3354 3656 3504 3712 enim

1928 3766 2075 3819 sunt,
2098 3755 2589 3827 Domine,exaudi;
2616 3763 2757 3815 esto,
2783 3753 3031 3812 Domine.
3059 3749 3365 3822 placabilis,
3397 3750 3504 3803 Do-

1930 3849 2076 3902 mine
2107 3834 2331 3901 attende
2371 3863 2383 3897 :
2418 3860 2583 3915 parce
2615 3844 2776 3906 mihi,
2809 3844 3039 3899 Domine
3062 3882 3075 3905 ,
3121 3840 3329 3911 populo
3367 3846 3460 3892 tuo
3491 3853 3504 3889 :

1937 3958 1954 3988 ι
1992 3938 2059 3992 Et
2102 3954 2171 3991 ne
2211 3937 2308 3991 des
2342 3935 2720 3990 haereditatem
2755 3944 2900 3988 tuam
2933 3934 2987 3987 in
3033 3931 3417 4002 opprobrium,
3448 3936 3509 3982 ut

1932 4026 2285 4081 dominentur
2326 4026 2377 4079 ei
2426 4033 2636 4095 gentes,
2663 4039 2733 4078 ne
2760 4023 2981 4093 quando
3025 4022 3211 4076 dicant
3242 4036 3255 4072 :
3290 4017 3396 4075 Ubi
3427 4026 3511 4071 est

1932 4119 2078 4173 Deus
2112 4133 2304 4172 eorum
2338 4115 2388 4150 ⁵⁸
2415 4118 2439 4171 ?
2468 4124 2499 4168 ὃ
2553 4118 2742 4186 Neque
2770 4125 2997 4185 propter
3049 4111 3369 4182 iniquitates
3412 4126 3513 4163 no-

1937 4218 2081 4262 stras
2122 4223 2366 4276 unquam
2414 4206 2740 4277 permiseris
2768 4215 2828 4261 ut
2852 4222 3052 4260 nomen
3081 4214 3234 4258 tuum
3263 4210 3511 4257 sanctum

1939 4296 2352 4365 blasphemetur
2402 4297 2457 4348 in
2488 4294 2765 4365 gentibus,
2810 4308 2932 4363 quae
2973 4301 3027 4346 te
3066 4307 3172 4344 non
3214 4295 3511 4342 noverunt.

1943 4388 2065 4441 Tibi
2101 4387 2331 4441 Domino
2382 4387 2494 4441 Deo
2533 4394 2730 4440 nostro
2784 4384 3000 4454 justitia
3033 4423 3048 4447 ,
3110 4381 3271 4436 nobis
3330 4388 3513 4432 autem

1943 4477 2196 4532 ernfusio
2217 4477 2427 4536 vultus,
2449 4493 2622 4544 usque
2645 4478 2697 4530 in
2730 4492 2991 4545 praesens.
3016 4476 3133 4530 lluc
3162 4473 3308 4528 enim
3343 4489 3516 4543 usque

1944 4567 2287 4636 negleximus
2314 4567 2381 4620 ad
2419 4576 2470 4621 te
2496 4567 2775 4631 cunverti;
2812 4566 3028 4621 callosae
3066 4565 3202 4619 adeo
3230 4579 3421 4619 sumus
3454 4579 3520 4618 ac

1943 4657 2208 4727 praedurat
2256 4657 2511 4711 cervicis.
2571 4677 2590 4708 ι
2637 4657 2693 4713 Si
2743 4658 2977 4711 mutabit
3022 4656 3276 4726 Ethiops
3319 4658 3516 4727 pellem

1945 4763 2101 4801 suam
2129 4748 2174 4780 ⁰⁰
2201 4764 2215 4812 ;
2260 4765 2278 4797 ι
2312 4755 2369 4801 et
2397 4763 2499 4801 nos
2533 4748 2659 4803 vita:
2693 4748 2963 4803 hactenus
2989 4748 3228 4818 pessime
3258 4749 3521 4803 institutae

1952 4825 2291 4907 propositum
2326 4837 2767 4894 immmabimus.
2803 4840 2970 4895 Plane
3016 4840 3158 4893 mala
3192 4841 3307 4894 haec
3336 4840 3521 4892 omnia

1949 4929 2005 4983 in
2041 4945 2141 4984 nos
2183 4938 2475 5000 propterea
2507 4931 2826 4987 reciderunt
2865 4975 2880 4994 ,
2913 4947 3096 5001 neque
3136 4930 3215 4983 sic
3252 4930 3318 4982 ad
3347 4928 3522 4998 poeni-

1952 5021 2136 5075 tentia:
2159 5028 2380 5091 portum
2408 5038 2507 5079 nos
2534 5025 2846 5093 recepimus
2874 5034 2969 5077 aut
2999 5023 3331 5090 resipuimus
3361 5038 3376 5074 :
3410 5036 3524 5076 ma-

1951 5112 2035 5182 gis
2071 5126 2203 5166 vero
2233 5112 2516 5181 prioribus
2543 5110 2786 5183 peccatis
2814 5122 3039 5183 peccata
3072 5112 3404 5179 adjecimus.
3443 5112 3521 5167 Ne

1952 5204 2033 5258 sic
2068 5203 2314 5273 quidem,
2344 5204 2597 5269 Domine,
2646 5203 2962 5274 rogavimus
3015 5202 3211 5258 faciem
3247 5212 3421 5270 tuam,
3465 5210 3525 5257 ut

1954 5296 2040 5353 vel
2084 5310 2206 5350 sero
2256 5310 2516 5350 avocares
2559 5311 2660 5350 nos
2688 5311 2720 5350 a
2749 5295 3179 5365 cogitationibus
3205 5295 3392 5357 cordis
3421 5309 3523 5350 no-

1954 5385 2053 5440 stri
2088 5384 2331 5454 pessimi.
2364 5383 2651 5454 Evigilasti‘
2673 5385 2913 5448 tandem,
2943 5386 3193 5452 Domine,
3235 5401 3524 5456 exsperre-

1958 5484 2079 5530 ctus
2112 5491 2281 5544 super
2318 5474 2540 5547 flagitiis
2568 5477 2809 5543 nostris;
2849 5485 2909 5531 et
2939 5492 3105 5548 super
3133 5493 3232 5534 nos
3263 5477 3523 5533 induxisti

365 5658 410 5700 9"
444 5658 628 5723 Matth,
662 5673 765 5721 im,
795 5657 876 5709 18.
952 5656 995 5686 ’π
1026 5657 1142 5712 .loel
1196 5671 1254 5722 ιι,
1284 5658 1365 5712 l'l.
1441 5659 1486 5690 ’°
1517 5657 1721 5712 Jerem.
1754 5670 1868 5720 xui,
1902 5657 1993 5711 25.
