3918 6106
537 360 673 422 1855

1486 359 1843 420 ANTIOCHI
1890 358 2231 417 MONACHI
2293 359 2897 418 EXOMOLOGESIS.

3596 363 3672 422 175
3718 360 3719 387 ‘

535 482 743 546 virgam
777 473 981 527 furoris
1012 472 1129 536 tui;
1164 471 1434 542 siquidem
1459 473 1643 541 justus
1670 485 1749 531 es,
1773 471 2021 537 Domine,
2054 472 2108 526 in

2216 470 2547 533 συνέπεσεν,
2603 470 2695 522 καὶ
2742 472 2835 522 ἐπὶ
2867 471 2994 521 πᾶσι
3017 492 3030 517 λ
3057 468 3270 532 τοὺτογς
3301 470 3525 538 ἀνέσχον,
3555 472 3675 540 Κύριε,
3720 460 3721 539 i

534 567 795 622 omnibus
829 583 841 617 :
870 574 978 618 no’n
1009 563 1157 618 enim
1185 562 1574 615 exaudivimus
1610 576 1799 615 vocem
1829 574 2006 623 tuam,
2051 572 2111 617 ut

535 673 636 728 per
679 657 820 710 viam
853 654 1234 708 mandatorum
1277 665 1499 707 tuorum
1536 653 1973 723 ingrederentur.
2003 653 2109 709 Sed

534 758 593 803 et
631 762 796 806 nunc.
834 747 1087 810 Domine,
1108 747 1254 800 Deus
1286 753 1496 808 noster,
1520 740 1734 814 1250
1759 743 2111 814 quandoqui-

536 844 658 897 dem
693 843 746 895 in
774 841 944 910 signis
976 850 1031 894 et
1066 841 1338 909 portentis
1365 841 1433 894 ab
1462 841 1655 895 insano
1694 854 1888 894 errore
1932 837 2109 891 idolo-

537 933 705 986 |.:tii.e
754 931 1079 985 subniovisti
1129 947 1249 994 nos,
1291 931 1582 1001 fecistique
1625 931 1723 984 tibi
1756 929 1858 999 ipsi
1909 942 2107 982 nomen

537 1040 706 1091 usque
736 1024 791 1076 in
820 1039 1059 1092 praesens
1094 1040 1106 1075 :
1148 1023 1397 1091 quiesce,
1430 1023 1684 1087 obsecro,
1716 1022 1964 1076 Domine.
2006 1020 2111 1074 lm-

535 1115 732 1166 minnti
766 1115 913 1167 enim
943 1129 1135 1167 sumus
1162 1126 1330 1182 super
1371 1123 1595 1178 terram,
1628 1124 1685 1167 et
1717 1123 1975 1181 tanquam
2010 1112 2113 1165 im-

533 1205 725 1258 mundi
757 1220 947 1258 onmes
983 1220 1083 1258 nos
1123 1204 1326 1258 allecti.
1356 1204 1520 1270 Quasi
1554 1205 1701 1257 enim
1737 1219 1953 1273 pannus
1983 1218 2107 1256 mu-

532 1297 685 1351 tieris
718 1304 1005 1351 menstruo
1055 1298 1324 1367 sanguine
1355 1296 1577 1351 liuentis
1612 1297 1830 1367 justitia
1876 1306 2104 1351 nostra:

534 1389 692 1458 inque
722 1404 930 1443 morem
959 1389 1417 1442 marcescentium
1449 1388 1710 1444 foliorum
1744 1388 1847 1458 ipsi
1878 1387 2108 1442 deﬂuxi-

535 1497 655 1535 mus
679 1489 902 1550 pr0pter
942 1480 1267 1550 iniquitates
1301 1490 1518 1536 nostras
1547 1501 1559 1535 :
1588 1497 1697 1535 non
1729 1481 1883 1535 enim
1915 1496 2110 1549 super-

530 1583 636 1636 est,
668 1573 762 1641 qui
798 1572 1021 1627 invocet
1061 1588 1264 1626 nomen
1323 1581 1499 1627 tuum.
1557 1572 1699 1627 Sane
1745 1588 1911 1643 quam
1959 1574 2109 1643 juste

530 1664 781 1718 avertisti
828 1680 858 1718 a
900 1664 1063 1718 nobis
1095 1663 1290 1718 faciem
1324 1672 1492 1718 tuam.
1538 1665 1605 1719 Et
1650 1681 1820 1732 nunc,
1849 1666 2107 1731 Domine,

534 1758 692 1811 Pater
738 1764 928 1811 noster
978 1765 1035 1809 tu
1083 1771 1182 1809 es:
1214 1771 1317 1810 nos
1344 1763 1524 1810 autem
1565 1757 1766 1823 lutum,
1798 1773 1963 1826 opera
1996 1771 2109 1810 ma-

2214 563 2310 614 καὶ
2338 562 2712 624 ἐταπείνωσας
2738 562 2883 631 ἡμᾶς
2915 561 3142 632 σξόῗρα,
3175 563 3255 614 ὅτι
3283 562 3380 614 οἰκ
3404 564 3674 633 ἐπορεύθημει

2213 654 2271 706 ὲν
2316 652 2419 723 ὁδῷ
2463 654 2642 722 ἀγαθῇ
2670 692 2684 715 ,
2745 652 2864 705 ἀλλ’
2899 653 3075 704 ὀπίσω
3124 652 3231 705 τῶν
3274 653 3673 723 ἁμαρτιῶτιήμὲπ·

2212 745 2348 799 ἀλλὰ
2379 748 2584 813 φεῖσαι,
2618 744 2791 814 Κύριε
2814 784 2828 808 ,
2879 744 2973 797 τοῦ
3018 745 3148 797 λαοῦ
3192 761 3308 808 σου,
3340 747 3427 797 καί
3454 746 3537 813 τῆς
3558 746 3675 816 idem

2211 835 2405 904 νομίας
2437 851 2529 886 σου
2551 876 2566 900 ,
2619 836 2713 887 καὶ
2747 833 2932 901 ἐξελοῦ
2961 836 3108 904 ἡμᾶς
3141 837 3202 886 ἐκ
3229 836 3407 904 χειρὸς
3436 835 3527 887 τῶν
3548 836 3677 906 illud:

2210 926 2389 997 ήμῶν,
2423 926 2610 979 ἕνεκεν
2643 924 2738 978 τοῦ
2768 926 3033 994 ὀνόματός
3064 944 3179 989 σου,
3217 927 3306 978 ἵνα
3336 927 3443 995 γνῷ
3469 928 3676 996 πεπαήῇ
3726 954 3731 1021 Ὗ

2209 1019 2293 1074 ὅτι
2341 1020 2438 1081 σὺ,
2484 1019 2690 1089 Κύριε,
2735 1020 2764 1070 ὁ
2806 1017 2940 1079 Θεὸς
2978 1018 3156 1087 ἡμῶν,
3192 1017 3415 1079 δυνατὸς
3445 1019 3497 1070 ἐν
3522 1017 3677 1085 πολέμῳ,
3728 1017 3731 1085 ᾧ

2210 1112 2305 1165 καὶ
2354 1111 2404 1162 οἰ
2446 1108 2725 1179 οἰκτιρμοί
2769 1125 2861 1160 σον
2905 1111 2984 1171 εἰς
3015 1108 3207 1176 γενεὰν
3235 1108 3329 1160 καὶ
3356 1108 3530 1175 γενεὰν
3549 1107 3680 1175 λαμεὼ

2210 1222 2394 1259 νουσιν
2441 1206 2523 1267 εἰς
2558 1204 2685 1256 λαὸν
2729 1203 3177 1274 ἀπεγνωσμένον.
3218 1202 3380 1255 Ἀλλὰ
3405 1204 3452 1253 τί
3476 1201 3682 1271 προσευξό-

2213 1301 2354 1371 μεθα
2398 1301 2562 1369 ἡμεῖς
2609 1299 2660 1351 οἱ
2701 1297 3039 1368 ἁμαρτωλοὶ,
3071 1297 3117 1349 ὣ
3139 1297 3385 1349 Δέσποτα
3408 1295 3684 1366 φιλάνθρωπ’,

2210 1392 2331 1446 καθ’
2359 1391 2387 1444 ὃ
2417 1391 2497 1443 δεῖ
2544 1391 2644 1443 οὐκ
2672 1390 2897 1459 οἴδαμεν
2916 1428 2931 1455 ,
2967 1389 3037 1459 γῆ
3074 1389 3167 1441 καὶ
3198 1388 3391 1451 σποδὸς
3421 1389 3684 1458 ὑπάρχοντες.

2212 1484 2451 1554 Ἕχομεν
2496 1482 2552 1534 δὲ
2607 1481 2967 1552 Παράκλητον
3020 1480 3161 1550 ὑπὲρ
3194 1481 3353 1551 ἡμῶν
3387 1482 3509 1550 πρὸς
3537 1478 3688 1547 tiranii

2208 1573 2522 1644 ἀγαθότητα
2552 1574 2643 1626 τὸν
2668 1574 2938 1642 ᾶχραντόν
2971 1589 3066 1626 σου
3095 1572 3273 1639 λόγον,
3305 1571 3366 1624 ὃν
3391 1572 3472 1623 διὰ
3494 1570 3689 1637 unum»:
3742 1570 3743 1617 i

2208 1665 2394 1727 ἐλέους
2428 1682 2522 1717 σου
2562 1663 2892 1728 ἀπέστειλας
2925 1663 3370 1718 ἀνακαλέσασθαι
3396 1663 3455 1715 τὸ
3484 1663 3589 1715 ἴδιον
3608 1661 3692 1712 πλά-
3744 1661 3745 1685 ῖ

2211 1770 2344 1823 σμα,
2377 1753 2468 1806 τὸν
2496 1753 2872 1823 σαρκωθέντα,
2899 1753 2995 1806 καὶ
3026 1753 3412 1821 σταυρωθέντα
3438 1752 3561 1821 ὑπὲρ

532 1864 702 1903 nuum
735 1857 956 1901 tuarum
1000 1862 1122 1902 nos.
1165 1846 1243 1901 Ne
1274 1845 1529 1901 irascaris
1566 1846 1728 1901 nobis
1754 1847 1936 1913 valde,
1970 1862 2106 1901 neve

2210 1816 2378 1908 Αῦτὸς
2409 1816 2695 1913 ἐξαλεῖψας
2724 1844 2785 1896 τὸ
2812 1816 2934 1897 καθ’
2962 1843 3117 1913 ἡμῶν
3144 1816 3520 1915 χειρόγραφον,
3535 1816 3694 1909 ilum;

533 1940 588 1994 in
642 1951 888 2009 tempore
951 1939 1268 1993 memineris
1330 1946 1684 2011 peccatorum
1738 1948 2105 1994 nostrorum:

532 2031 666 2100 quin
694 2031 876 2099 potius
891 2029 1304 2095 vide,Domine,
1331 2030 1459 2099 quia
1485 2030 1725 2101 populus
1760 2039 1888 2085 tuus
1916 2045 2110 2084 omnes

534 2139 654 2177 nos.
682 2114 891 2178 Civitas
920 2122 1098 2177 sancti
1148 2122 1340 2191 templi
1391 2122 1470 2177 tui
1522 2123 1575 2176 in
1622 2122 1978 2177 solitudinem
2025 2137 2111 2176 re-

531 2214 692 2267 dacta
746 2222 850 2279 est,
885 2222 942 2267 et
992 2214 1168 2283 gloria
1224 2213 1357 2268 Sion
1409 2213 1669 2268 incendio
1714 2213 2105 2283 conﬂagravit,

534 2302 805 2371 simulque
836 2309 1193 2355 monumenta
1224 2301 1413 2370 gloriae
1453 2313 1656 2355 nostrae
1686 2303 1941 2355 universa
1973 2318 2108 2356 con-

533 2394 810 2449 ciderunt.
846 2391 928 2446 Ad
974 2391 1091 2445 inec
1129 2390 1298 2444 etiam
1339 2392 1525 2445 omnia
1570 2390 1786 2444 allisisti
1841 2406 1962 2454 nos,
2001 2390 2109 2444 Do-

534 2484 702 2551 mine,
727 2482 926 2544 valide,
945 2491 1001 2537 et
1024 2481 1327 2536 humiliasti
1354 2481 1727 2536 vehementer.
1746 2482 1933 2550 Neque
1960 2484 2108 2535 enim

534 2577 677 2629 viam
710 2575 973 2630 inivimus
996 2574 1120 2629 vita:
1151 2573 1421 2640 melioris,
1459 2573 1627 2643 magis
1660 2581 1842 2627 autem
1874 2589 1972 2642 per
2000 2574 2111 2627 cal-

536 2669 615 2722 les
652 2668 846 2722 devios
872 2708 885 2733 ,
943 2682 1144 2736 nempe
1183 2674 1308 2737 post
1361 2675 1585 2736 peccata
1635 2675 1844 2721 nostra.
1897 2667 2066 2722 Parce
2093 2708 2107 2732 ,

536 2761 786 2825 Domine,
811 2760 1014 2830 populo
1048 2768 1141 2814 tuo
1174 2772 1229 2813 et
1264 2759 1573 2814 hzereditati
1597 2767 1724 2825 tuae,
1758 2776 1967 2830 proque
1995 2761 2112 2831 glo-

537 2858 616 2912 ria
677 2856 918 2911 nominis
957 2856 1037 2910 tui
1079 2872 1212 2910 erue
1270 2871 1372 2909 nos
1427 2855 1495 2909 de
1545 2870 1709 2908 manu
1761 2855 2110 2908 inimicorum

536 2955 881 3010 nostrorum,
923 2955 985 2999 ut
1029 2945 1250 2999 noverit
1280 2953 1428 2999 terra
1455 2944 1654 3010 omnis,
1676 2945 1805 3014 quia
1838 2953 1891 2998 tu
1925 2945 2110 2999 Domi-

536 3050 641 3088 nus
671 3035 814 3089 Deus
849 3042 1040 3088 noster
1082 3034 1138 3088 in
1182 3035 1327 3090 bello
1357 3044 1577 3104 potens,
1630 3044 1686 3089 et
1727 3035 2110 3090 miserationes

2209 1938 2430 2007 γέγονεν
2457 1937 2562 1991 τῶν
2582 1936 2867 2005 ἁμαρτιῶν
2890 1937 3068 2006 ἡμῶν.
3085 1938 3194 1990 Καὶ
3209 1937 3269 1989 τὸ
3286 1936 3496 2005 Πνεῦμα
3515 1937 3563 1988 δέ
3586 1936 3695 1986 πουῇ

2210 2029 2367 2098 ἆγιον
2393 2032 2485 2083 καὶ
2527 2031 2659 2084 αὐτὸ
2696 2029 3015 2099 ἐντυγχάνει
3041 2030 3177 2099 ὑπὲρ
3197 2029 3379 2099 ἡμῶν,
3402 2031 3460 2081 οὺ
3492 2026 3697 2086 δουλικὰ.
3752 2044 3753 2051 ‘

2209 2124 2348 2176 ἀλλὰ
2383 2122 2706 2193 θεοπρεπῶς
2727 2164 2741 2187 ,
2799 2124 2892 2176 καὶ
2932 2121 3335 2193 φιλανθρώπως
3364 2122 3621 2191 κηδόμενον
3643 2118 3696 2169 τι]

2214 2214 2345 2268 ἰδίου
2392 2213 2710 2281 πλάσματός
2756 2229 2874 2265 σου.
2932 2212 3252 2283 Μνήσοητι,
3300 2206 3345 2265 ὦ
3380 2209 3698 2275 Δέσποτα,τῇ

2209 2307 2480 2375 τοσαύτης
2509 2322 2604 2357 σου
2630 2306 2757 2376 περὶ
2776 2308 2807 2376 ἡ
2817 2307 2922 2376 μᾶς
2946 2306 3309 2375 ἁγαῦότητος,
3329 2304 3517 2359 καὶτοῦ
3533 2302 3697 2370 unum)

2210 2399 2305 2453 τοῦ
2361 2398 2684 2469 μονογενοῦς
2731 2416 2825 2452 σου
2870 2399 3038 2464 Υἱοῦ,
3106 2399 3196 2452 καὶ
3246 2396 3581 2468 κατάπεμψον
3617 2396 3698 2464 ἡμῖν

2210 2494 2337 2556 τοὺς
2368 2490 2688 2560 οἰκτιρμούς
2718 2509 2810 2544 σου
2842 2484 2937 2545 καὶ
2967 2492 3069 2562 τὴν
3094 2490 3257 2562 χάριν
3280 2532 3294 2557 ,
3330 2493 3422 2545 καὶ
3449 2490 3535 2553 τὴν
3555 2487 3701 2557 δωριὰν

2210 2585 2304 2638 τοῦ
2341 2585 2500 2653 ἁγίου
2528 2602 2623 2638 σου
2649 2584 2993 2653 Πνεύματος,
3031 2584 3116 2636 ἵνα
3145 2586 3213 2654 τῇ
3246 2582 3426 2655 ἀγαθῃ
3448 2580 3590 2635 αὐτοῦ
3610 2596 3702 2647 παρ-
3764 2640 3765 2651 γ

2211 2678 2371 2748 ουσίᾳ
2395 2678 2640 2747 δδηγήσῃ
2666 2678 2813 2747 ἡμᾶς
2842 2678 2921 2739 εἰς
2944 2676 3007 2728 τὸ
3033 2675 3101 2727 τὰ
3123 2676 3399 2746 εὐάρεστά
3422 2692 3494 2728 σοι
3514 2671 3702 2742 διαπρὰτο
3766 2738 3767 2749 γ

2211 2770 2431 2832 τεσϐαι,
2487 2768 2584 2822 καὶ
2633 2769 2818 2838 τυχεῖν
2864 2767 2963 2837 τῆς
3005 2766 3229 2820 αἰωνίου
3272 2768 3434 2837 ζωῆς.
3466 2767 3623 2836 Ἡμεῖς
3642 2760 3704 2817 οὖν

2212 2863 2262 2913 οἱ
2305 2858 2547 2924 ἀνάξιοι,
2591 2859 2869 2922 Δέσποτα,
2918 2859 3253 2931 θαρροῦντες
3291 2859 3532 2929 αἰτοῦμεν
3558 2857 3626 2909 διὰ
3645 2855 3703 2905 τὸν

2213 2950 2437 3002 εἰπόντα
2483 2948 2710 3018 ἄχρονον
2750 2948 2881 3000 Υἰὸν
2933 2950 3028 3001 καὶ
3075 2949 3252 3017 Λόγον
3299 2949 3391 3003 σοῦ
3437 2948 3520 3000 τοῦ
3553 2946 3703 3013 Πατρίκ

2212 3039 2303 3092 τὸν
2341 3038 2549 3109 Κύριον
2590 3037 2745 3108 ἡμῶν
2784 3038 2993 3108 Ἰησοῦν
3033 3040 3305 3110 Χριστόν·
3366 3059 3384 3092 ι
3421 3041 3616 3103 Αἰτεῖτε,
3642 3033 3705 3088 καὶ

535 3137 643 3181 tua:
672 3127 726 3180 in
762 3129 1177 3196 generationem
1208 3135 1263 3180 et
1298 3126 1712 3197 generationem
1748 3137 2108 3196 perseverant

2210 3129 2495 3201 δοθήσεται
2539 3131 2704 3198 ὑμῖν*
2759 3127 3010 3199 ζητεῖτε,
3063 3131 3158 3184 καὶ
3197 3132 3487 3203 εὑρήσετε·
3520 3128 3704 3201 κρούετει

536 3235 703 3288 super
733 3219 998 3288 populum
1037 3230 1213 3285 tuum,
1243 3219 1311 3272 de
1352 3234 1409 3273 se
1450 3219 1658 3288 alioqui
1690 3219 1873 3274 minus
1900 3236 2108 3288 praesu-

536 3320 796 3364 mentem.
831 3308 1127 3374 therum,
1163 3323 1195 3363 ο
1229 3309 1516 3363 hominum
1550 3318 1763 3363 amator
1796 3310 2108 3363 clementis—

532 3401 692 3465 sime,
728 3400 861 3470 quid
892 3410 943 3455 te
985 3416 1206 3455 oremus
1245 3410 1584 3470 peceatores,
1614 3409 1710 3455 aut
1745 3416 2109 3470 apprecemur

534 3492 696 3549 nobis
718 3494 1021 3551 secundum
1047 3493 1190 3564 quod
1215 3502 1454 3562 Oportet,
1489 3495 1652 3564 plane
1684 3495 1980 3559 nescimus,
2012 3484 2107 3563 qui

530 3602 727 3641 sumus
763 3596 911 3641 terra
953 3595 1009 3642 et
1058 3588 1227 3653 cinis;
1254 3588 1522 3643 habemus
1556 3597 1738 3641 tamen
1778 3587 1923 3656 apud
1958 3600 2107 3641 tuam

535 3676 955 3747 benignitatem,
1012 3679 1105 3747 qui
1148 3693 1248 3748 pro
1285 3678 1446 3731 nobis
1505 3677 1819 3746 interpellet
1861 3694 1873 3729 :
1912 3693 2107 3746 nempe

535 3764 776 3822 Verbum
815 3775 971 3822 tuum
1001 3769 1150 3822 nulla
1197 3784 1430 3838 prorsus
1449 3768 1739 3838 aspergine
1771 3768 1979 3836 peccati
2011 3768 2108 3822 de-

533 3859 859 3925 coloratum,
897 3875 1057 3930 quem
1086 3877 1183 3930 per
1210 3869 1314 3914 tua:
1342 3863 1554 3913 viscera
1583 3858 1973 3913 misericordiae
2002 3858 2108 3911 mi-

533 3947 674 4012 sisti,
705 3963 865 4003 suum
899 3959 956 4003 ut
986 3950 1194 4019 plasma
1239 3958 1529 4004 revocaret
1575 3949 1628 4003 in
1658 3950 1822 4004 viam.
1856 3947 1997 4003 Caro
2027 3949 2107 4003 ia-

2209 3222 2303 3273 κα“ι
2345 3221 2699 3291 ἀνοιγήσεται
2743 3221 2896 3291 ὑμῖν.
2936 3222 3051 3285 Πᾶς
3087 3224 3195 3291 γὰρ
3230 3225 3260 3276 ὁ
3291 3223 3454 3277 αἰτῶν
3486 3221 3703 3290 λαμϐάνει.

2209 3314 2303 3366 καὶ
2324 3314 2350 3364 ὀ
2376 3311 2554 3380 ζητῶν
2577 3312 2842 3381 εὑρίσκει,
2868 3316 2962 3365 καὶ
2986 3314 3062 3384 τῷ
3085 3314 3338 3384 κρούοντι
3365 3316 3668 3383 ἀνοιγήσεται.
3688 3325 3701 3356 ι

2209 3405 2319 3457 Καὶ
2349 3402 2510 3457 πάλιν
2537 3418 2551 3432 ⁸
2612 3421 2629 3452 ι
2660 3402 2723 3455 Εἰ
2749 3398 2842 3457 οὖν
2869 3405 3026 3473 ὑμεῖς
3054 3407 3285 3474 πονηροὶ
3327 3407 3468 3468 ὄντες
3494 3398 3706 3457 οἰδατεδό·

2215 3512 2359 3566 ματα
2392 3493 2576 3561 ἀγαθὰ
2602 3493 2802 3546 διδόναι
2830 3497 2941 3557 τοῖς
2965 3496 3175 3558 τέκνοις
3202 3498 3377 3566 ὑμῶν,
3405 3498 3541 3565 πόσῳ
3564 3492 3705 3564 μᾶλλον

2208 3587 2236 3637 ό
2264 3584 2453 3653 Πατὴρ
2488 3580 2639 3652 ὑμῶν
2687 3582 2715 3633 ὁ
2746 3582 2997 3651 οὐράνιος
3031 3584 3193 3637 δώσει
3230 3585 3450 3655 Πνεῦμα
3477 3584 3607 3651 ἅγιον
3631 3581 3706 3639 τοῖς

2209 3675 2455 3729 αἰτοῦσιν
2486 3673 2679 3727 αὐτόνί
2707 3692 2727 3725 ι
2766 3675 2889 3726 Ὀτι
2927 3690 3010 3727 σοι
3045 3676 3242 3745 τρέπει
3276 3678 3424 3730 πᾶσα
3448 3673 3574 3739 δόξα,
3599 3670 3705 3738 τιμὴν

2210 3769 2303 3820 καὶ
2334 3763 2701 3836 προσκύνησις
2732 3763 2807 3833 τῷ
2835 3766 3025 3837 [lat-pl,
3054 3771 3146 3821 καὶ
3171 3768 3249 3839 τῷ
3276 3771 3408 3841 Υἰῷ,
3433 3771 3514 3823 καὶ
3534 3767 3597 3835 τῷ
3613 3762 3707 3830 ἁγίῳ

2212 3858 2518 3927 Πνεύματι,
2548 3855 2643 3909 νῦν
2676 3856 2766 3908 καὶ
2790 3856 2898 3922 ἀεὶ,
2930 3858 3024 3912 καὶ
3050 3860 3129 3924 εἰς
3154 3862 3282 3924 τοὺς
3305 3864 3494 3924 αἰῶνας
3515 3858 3603 3912 τῶν
3618 3855 3705 3908 aid»-

2210 3965 2337 4001 νων.
2379 3947 2436 3999 Ἀ
2444 3947 2575 4018 μήν.

533 4046 656 4094 etus
694 4041 867 4095 nostri
896 4056 1058 4095 causa
1095 4057 1288 4111 passus
1316 4051 1401 4096 est
1431 4041 1583 4096 cruci
1647 4057 1704 4095 se
1776 4040 1938 4113 ailigi.
1997 4041 2045 4094 is
2110 4040 2350 4095 abolevit
2388 4042 2535 4110 quod
2578 4043 2870 4099 adversum
2924 4058 3026 4099 nos
3071 4052 3212 4109 erat,
3256 4041 3638 4115 chirographum
3658 4035 3704 4099 ¹¹ι

533 4143 882 4201 peccatorum
912 4142 1228 4188 nostrorum
1261 4133 1439 4188 factus
1504 4133 1818 4203 propitiatio
1849 4135 1914 4185 θ’.
1949 4132 2054 4185 Sed
2087 4143 2143 4187 et
2181 4132 2443 4201 Spiritum
2509 4144 2760 4189 sanetum
2811 4144 2967 4190 tuum
3017 4135 3185 4189 totius
3230 4135 3526 4190 sanctitatis
3555 4129 3703 4185 inluso-

533 4239 649 4277 rem
683 4225 851 4279 misit.
894 4223 963 4278 Et
1006 4224 1096 4278 hic
1125 4240 1225 4294 pro
1257 4225 1419 4278 nobis
1463 4239 1683 4292 quoque
1720 4222 2104 4291 interpellat”
2143 4238 2253 4276 non
2312 4222 2535 4291 quidem
2605 4226 2797 4279 servili
2840 4241 3015 4289 more,
3043 4226 3152 4287 sed,
3177 4237 3348 4295 prout
3383 4235 3563 4281 tantam
3588 4218 3703 4273 adde~

535 4325 627 4372 cet
666 4319 1004 4387 majestatem
1060 4328 1117 4372 et
1160 4325 1421 4373 consueta
1476 4317 1531 4372 in
1579 4333 1680 4372 nos
1723 4316 2099 4385 benignitate;
2140 4315 2228 4370 cui
2293 4315 2459 4369 etiam
2521 4333 2665 4371 cura:
2696 4328 2779 4373 est
2811 4328 2968 4373 tuum
2996 4319 3102 4372 hoc
3126 4320 3355 4388 plasma.
3387 4320 3512 4374 Here
3529 4316 3604 4377 mi,
3626 4326 3699 4366 nte-

532 4424 653 4463 mor
687 4417 805 4462 esto
835 4416 996 4462 tanta:
1028 4408 1174 4462 illius
1202 4417 1308 4462 tuze
1333 4424 1458 4479 erga
1523 4424 1623 4462 nos
1696 4408 2020 4461 elementizn.
2081 4407 2277 4461 Crucis
2319 4409 2623 4462 etiamnum
2666 4410 3023 4464 reminiscere
3064 4409 3343 4480 Unigeniti
3390 4411 3483 4473 tui,
3506 4418 3549 4463 et
3576 4424 3600 4461 a
3622 4420 3701 4459 wa-

530 4501 821 4571 gnitudine
880 4480 1067 4567 gloriae
1117 4509 1221 4553 une
1278 4499 1438 4554 nobis
1491 4499 1676 4552 emitte
1723 4497 2107 4552 m'serationes
2147 4506 2286 4561 tuas,
2344 4513 2524 4566 neque
2559 4515 2669 4553 non
2708 4500 2938 4568 gratiam
2975 4515 3040 4554 ac
3096 4499 3302 4553 donum
3335 4500 3499 4555 sancti
3532 4497 3595 4553 tui
3622 4492 3702 4563 Spi-

532 4592 670 4646 ritus
700 4610 711 4644 :
739 4590 831 4660 qui
856 4605 957 4643 suo
984 4590 1051 4643 ad
1082 4606 1182 4644 nos
1203 4591 1443 4661 gratioso
1474 4589 1735 4654 adventu,
1779 4597 1928 4644 recta
1964 4588 2231 4658 provehat
2288 4588 2356 4642 ad
2420 4604 2483 4643 ea
2539 4592 2790 4661 exempla
2826 4609 2952 4662 qua:
3017 4593 3117 4648 tibi
3150 4609 3274 4648 cum
3308 4595 3494 4662 primis
3511 4592 3697 4660 placent:

529 4696 594 4733 ac
627 4680 847 4734 demum
876 4680 1043 4734 vitam
1082 4681 1229 4734 illam
1291 4681 1508 4751 assequi
1548 4697 1963 4750 promereamur
2022 4689 2302 4735 aeternam.
2356 4681 2466 4735 Nos
2514 4680 2680 4751 igitur
2741 4682 2949 4753 indigni
3013 4684 3163 4749 licet,
3205 4700 3238 4739 ο
3285 4684 3523 4747 Domine,
3560 4676 3701 4735 liduci:t

530 4783 710 4825 tamen
743 4769 964 4823 subnixi
1005 4779 1111 4825 ture
1157 4773 1329 4826 solius
1354 4774 1571 4842 gratiae;
1608 4773 1847 4842 petimus
1877 4783 2102 4841 propter
2143 4772 2552 4826 immaculatum
2595 4773 2792 4827 Filium
2858 4791 2923 4830 ac
2981 4777 3221 4832 Verbum
3256 4778 3448 4842 Patris,
3480 4774 3700 4830 Dominum

525 4862 712 4916 Jesnm
767 4858 1047 4914 Christum
1085 4879 1097 4914 :
1130 4864 1225 4932 qui
1257 4864 1391 4917 dixit
1426 4882 1438 4916 :
1469 4889 1487 4915 ι
1527 4866 1731 4931 Petite,
1772 4877 1828 4920 et
1862 4866 2086 4920 dabitur
2140 4865 2297 4919 vobis
2330 4883 2342 4918 :
2375 4865 2626 4935 quaerite,
2652 4874 2708 4921 et
2743 4867 3039 4927 invenietis

3079 4888 3091 4924 :
3136 4872 3370 4941 pulsate,
3396 4878 3450 4926 et
3492 4867 3703 4937 aperietur

531 4950 704 5004 vobis.
771 4948 962 5005 Omnis
1017 4952 1164 5005 enim
1231 4956 1324 5023 qui
1393 4958 1549 5026 petit,
1592 4958 1792 5028 accipit
1826 4967 1918 5012 :et
1946 4958 2038 5026 qui
2082 4960 2303 5026 quierit,
2344 4958 2575 5023 invenit,
2622 4965 2679 5012 et
2735 4960 2976 5028 pulsanti
3018 4963 3301 5032 aperietur
3335 4965 3399 5015 ”.
3436 4982 3454 5014 ι
3503 4961 3701 5015 lterum?

533 5064 552 5094 ς
593 5042 646 5095 Si
694 5040 856 5111 igitur
897 5056 995 5097 vos
1033 5059 1157 5097 cum
1201 5045 1322 5099 sitis
1362 5049 1512 5112 mali,
1544 5050 1717 5103 nostis
1764 5049 1906 5104 dona
1946 5050 2088 5104 bona
2132 5048 2265 5104 dare
2326 5048 2452 5105 (iliis
2483 5051 2683 5106 vestris
2722 5062 2972 5122 :quanto
3003 5056 3176 5126 magis
3236 5056 3394 5110 Pater
3428 5062 3589 5108 vester
3631 5059 3705 5099 cc—

526 5131 679 5185 lcstis
727 5132 876 5187 dabit
928 5134 1193 5205 Spiritum
1242 5147 1490 5193 sanctum
1526 5141 1842 5209 petentibus
1875 5157 1953 5198 se.
2007 5136 2075 5189 ⁸⁵1
2115 5161 2133 5193 ι
2178 5141 2367 5212 quue
2404 5150 2457 5198 te
2489 5143 2651 5199 decet
2684 5145 2857 5215 gloria
2895 5147 3095 5213 omnis,
3134 5148 3310 5203 honor
3362 5138 3703 5216 suspiciendusv

530 5227 580 5272 et
614 5221 840 5290 supplex
871 5225 1072 5289 cultus,
1098 5242 1131 5278 ο
1168 5226 1347 5292 Pater,
1381 5227 1504 5293 Fili,
1530 5236 1587 5282 et
1613 5227 1850 5297 Spiritus
1888 5238 2262 5294 sancte,nunc
2294 5238 2352 5284 et
2393 5246 2632 5302 semper,
2670 5240 2727 5288 et
2754 5232 2811 5288 in
2835 5236 3032 5292 saecula
3061 5238 3406 5294 saeculorum.
3429 5238 3606 5292 Amen.

596 5377 639 5410 ⁹¹
664 5379 877 5434 Coloss.
899 5393 957 5445 ιι,
982 5380 1067 5434 14.
1102 5383 1184 5437 ’Ἰ
1215 5380 1367 5437 Joan.
1396 5396 1453 5447 η,
1479 5379 1533 5435 2.
1611 5381 1658 5415 ”
1686 5379 1854 5436 Hebr.
1877 5398 1971 5447 vn,
1999 5382 2088 5437 25.

2210 5402 2213 5411 ’
2242 5383 2428 5439 Matth.
2472 5401 2563 5453 vn,
2586 5388 2637 5453 7,
2673 5386 2725 5441 8.
2802 5388 2849 5421 "
2870 5388 3005 5445 Luc.
3039 5407 3112 5457 τι,
3154 5393 3242 5449 15.

2104 5645 2178 5665 ρ
